1181 1902
167 35 227 65 192
348 34 399 65 IN
422 34 619 66 VERREM
644 34 690 65 11.
715 34 800 65 CAP.
817 35 869 65 40.

164 120 307 151 omnibus
322 121 460 151 omnium
475 121 659 161 flagitiorum
675 120 800 157 fuissem
823 121 848 151 is
866 125 998 162 repente,
1024 126 1059 151 ut
1175 124 1181 154 l*

166 163 300 193 Romam
316 164 408 201 venit,
433 165 525 204 gratis
545 170 655 205 praetor
670 164 766 195 factus
782 171 825 194 est
836 166 850 194 ἒ
873 165 948 194 Alia
968 174 1058 204 porro

164 206 305 246 pecunia,
328 217 366 237 ne
382 213 581 244 accusaretur,
598 207 677 237 data.
702 207 761 237 Cui
776 207 814 237 sit
829 206 910 245 data,
926 207 1003 236 nihil
1019 206 1058 237 ad

165 258 225 286 me,
250 250 326 279 nihil
341 249 379 279 ad
395 260 459 280 rem
479 250 627 290 pertinere
642 251 788 281 arbitror:
814 250 917 280 datam
932 249 1057 290 quidem

165 301 227 321 esse
238 298 305 322 tum
317 292 394 323 inter
409 303 514 323 omnes
529 293 639 323 recenti
654 293 774 333 negotio
790 293 877 323 facile
892 294 1056 323 constabat.
1177 308 1181 324 ι

209 334 314 365 Homo
340 336 516 366 stultissime
542 342 570 366 et
595 336 811 373 amentissime,
844 337 963 365 tabulas
986 345 1057 365 cum
1177 349 1181 369 t

165 377 335 415 conficeres,
359 385 388 409 et
415 389 485 409 cum
512 379 754 409 extraordinariae
779 379 915 419 pecunia:
945 379 1058 409 crimen
1177 393 1181 422 ι

164 421 371 461 subterfugere
387 423 497 457 velles;
522 422 592 452 satis
614 428 642 452 te
663 422 836 462 elapsurum
858 422 942 452 omni
961 421 1060 462 suspi-

163 463 248 494 cione
267 465 461 501 arbitrabare,
484 465 519 501 si,
541 465 652 506 quibus
672 465 831 505 pecuniam
849 465 999 501 credebas,
1023 464 1060 494 iis

165 516 332 547 expensum
354 517 414 537 non
436 508 538 545 ferres,
562 518 660 549 neque
680 508 711 537 in
733 515 799 537 tuas
820 508 938 538 tabulas
957 508 1057 537 ullum
1179 518 1181 539 1

163 559 275 580 nomen
300 550 434 588 referres,
459 561 528 581 cum
553 557 597 581 tot
621 551 676 581 tibi
699 551 874 581 nominibus
900 556 1057 591 acceptum

164 591 264 622 Curtii
284 593 451 624 referrent?
484 594 569 632 Quid
589 594 729 634 proderat
752 594 818 631 tibi,
840 600 869 623 te
890 603 1057 634 expensum

162 634 222 665 illis
238 646 298 666 non
314 636 417 666 tulisse
430 638 444 667 ’ἓ
467 637 521 667 An
537 637 596 667 tuis
612 637 681 667 solis
698 637 808 667 tabulis
821 642 849 667 te
861 647 984 667 causam
996 636 1059 667 dic-

163 683 268 709 turum
285 679 464 709 existimasti
476 682 490 710 1³

206 721 278 752 XL.
303 722 421 752 Vemm
446 723 484 752 ad
508 724 594 754 illam
611 724 676 763 jam
701 723 858 754 veniamus
880 724 1056 764 praeclaram

162 770 339 804 praeturam,
363 765 550 806 criminaque
565 778 610 804 ea,
633 778 702 807 quae
722 767 839 797 notiora
854 773 924 797 sunt
941 766 988 796 his
1004 766 1059 807 qui

163 807 285 845 adsunt,
309 819 403 849 quam
419 809 516 847 nobis,
541 810 594 850 qui
609 810 746 841 meditati
766 809 803 839 ad
825 810 987 840 dicendum
1003 820 1058 850 pa-

163 850 281 891 ratique
296 851 453 882 venimus:
478 852 509 881 in
526 853 637 893 quibus
653 863 714 883 non
730 852 848 890 dubito,
872 853 948 893 quin
964 853 1060 882 offen-

163 893 278 923 sionem
291 895 483 935 negligentiae
499 896 591 926 vitare
604 902 695 936 atque
710 895 842 935 effugere
857 906 918 925 non
934 896 1057 936 possim.

164 935 262 966 Multi
278 937 358 967 enim
375 938 417 968 ita
432 938 550 969 dicent:
576 942 598 957 ⁶⁶
615 939 652 969 de
667 939 720 968 illo
740 939 817 969 nihil
832 939 920 975 dixit,
942 939 974 968 in
997 948 1058 979 quo

163 989 219 1019 ego
239 980 382 1010 interfui:
407 981 492 1011 illam
508 981 652 1021 injuriam
668 992 728 1012 non
749 982 860 1022 attigit,
882 993 951 1022 quae
969 982 1058 1018 mihi,

162 1028 216 1052 aut
238 1034 306 1063 quae
327 1024 423 1054 amieo
443 1034 522 1061 meo,
544 1025 623 1055 facta
643 1030 697 1062 est,
719 1025 830 1065 quibus
846 1035 901 1065 ego
916 1025 947 1055 in
968 1026 1059 1055 rebus

161 1065 319 1096 interfui.''
354 1067 413 1097 His
434 1068 587 1105 omnibus,
610 1068 663 1109 qui
682 1068 768 1098 istius
789 1068 915 1107 injurias
933 1070 1057 1105 nerunt,

161 1107 219 1138 hoc
240 1115 294 1146 est,
316 1110 430 1150 populo
452 1110 595 1141 Romano
616 1111 766 1147 universo,
790 1121 840 1141 me
865 1111 1058 1141 vehementer

161 1158 340 1182 excusatum
356 1153 435 1191 volo,
458 1163 520 1184 non
535 1154 720 1194 negligenti&
735 1154 804 1184 mea
818 1154 892 1191 fore,
909 1160 944 1184 ut
958 1154 1058 1184 multa

160 1200 348 1235 praeteream,
373 1196 424 1226 sed
444 1196 526 1237 quod
548 1197 608 1227 alia
627 1197 752 1227 testibus
775 1197 892 1237 integra
915 1197 1058 1227 reservari

161 1238 265 1274 velim,
289 1239 388 1269 multa
408 1245 523 1276 autem,
546 1246 668 1281 propter
687 1240 835 1270 rationem
854 1240 1008 1270 brevitatis
1023 1249 1058 1270 ac

160 1281 316 1321 temporis,
340 1282 598 1322 praetermittenda
613 1283 793 1313 existimem.
819 1283 950 1313 Fatebor
965 1283 1056 1313 etiam

161 1322 238 1353 illud
260 1324 384 1362 invitus,
408 1334 458 1355 me
480 1336 612 1366 prorsus,
637 1336 707 1356 cum
730 1326 785 1356 iste
807 1332 957 1366 punctum
981 1332 1058 1356 tem-

162 1366 243 1406 poris
267 1367 389 1397 nullum
414 1378 545 1398 vacuum
567 1375 689 1409 peccato
711 1369 862 1409 praeterire
883 1379 987 1409 passus
1007 1369 1056 1407 sit,

162 1409 276 1446 omnia,
301 1421 370 1450 quae
396 1412 435 1441 ab
461 1411 518 1441 isto
545 1412 706 1442 commissa
732 1419 813 1449 sunt,
837 1422 898 1441 non
925 1412 1058 1452 potuisse

162 1462 349 1492 cognoscere.
382 1454 577 1495 Quapropter
592 1455 634 1485 ita
648 1465 698 1485 me
713 1455 750 1485 de
765 1462 904 1496 praeturae
924 1455 1058 1485 crimini-

163 1495 221 1525 bus
236 1495 383 1533 auditote,
408 1503 442 1526 ut
459 1508 496 1527 ex
512 1504 641 1539 utroque
655 1508 777 1538 genere,
795 1504 824 1528 et
835 1498 912 1537 juris
928 1498 1057 1536 dicendi,

163 1543 193 1567 et
219 1544 367 1568 sartorum
395 1545 541 1570 tectorum
569 1541 800 1581 exigendorum,
829 1552 864 1571 ea
888 1541 1057 1581 postuletis,

163 1591 233 1621 quae
247 1581 382 1612 maxime
402 1582 495 1623 digna
515 1584 575 1613 sint
596 1595 630 1614 eo
651 1594 712 1621 reo,
732 1584 781 1614 cui
795 1594 924 1625 parvum
945 1594 979 1614 aa
994 1594 1059 1614 me·
1086 1588 1090 1590 “
1177 1594 1179 1645 Ι

162 1623 262 1654 diocre
275 1624 365 1664 objici
380 1626 458 1655 nihil
478 1633 622 1667 oporteat.
658 1627 754 1664 Nam,
779 1634 814 1657 ut
832 1633 942 1667 praetor
962 1627 1059 1657 factus

163 1672 218 1703 est,
243 1667 296 1707 qui
319 1669 474 1709 auspicato
498 1680 515 1699 a
540 1670 707 1700 Chelidone
732 1670 919 1706 surrexisset,
947 1675 1058 1700 sortem

161 1715 267 1740 nactus
283 1716 327 1741 est
342 1713 467 1742 urbanae
486 1713 660 1753 provinciae,
683 1713 781 1754 magis
797 1723 834 1744 ex
853 1712 908 1743 suit
928 1718 958 1743 et
978 1713 1060 1744 Che·
1147 1710 1151 1727 ’·
