1181 1902
221 99 284 128 312
410 97 462 128 IN
486 96 683 129 VERREM
708 96 766 127 IV.
784 95 867 127 CAP.
883 97 935 126 25.

222 183 308 214 cendi
328 190 449 225 tempus
469 183 589 222 rejicio:
614 183 651 213 de
675 182 820 219 decumis,
846 181 884 211 de
910 180 1022 211 civium
1046 180 1111 211 Ro-

219 237 381 257 manorum
406 227 576 257 conditione
601 226 631 255 in
656 225 851 261 arationibus,
880 224 1018 264 disput03
1057 224 1111 265 qui

221 270 481 310 quemadmodum
506 275 603 299 essent
626 269 749 308 accepti,
773 268 899 307 judices,
924 267 1050 297 audistis
1073 277 1110 297 ex

221 313 305 353 ipsis:
332 314 412 342 bona
427 313 483 343 sibi
496 318 595 353 erepta
610 322 671 342 esse
683 311 795 341 dixere.

264 356 381 386 Verum
398 356 473 389 haec,
487 355 631 395 quoniam
647 354 796 393 ejusmodi
808 364 897 383 causa
908 352 978 387 fuit..
989 353 1111 383 ferenda

221 404 308 428 sunt:
347 399 424 428 nihil
455 399 581 428 valuisse
608 397 793 438 aequitateni,
820 396 898 425 nihil
921 396 1112 426 consuetudi-

221 452 312 471 nem:
346 441 458 471 danma
481 441 622 482 denique,
648 440 775 479 judices,
803 439 888 469 nulla
914 444 997 469 tanta
1030 446 1111 477 sunt,

223 495 292 524 quae
315 494 375 514 non
398 485 453 514 viri
476 484 577 521 sortes,
600 493 711 523 magno
728 489 756 512 et
776 482 870 512 libero
886 482 987 512 animo
1002 482 1111 520 affecti,

223 527 346 557 ferenda
370 528 560 557 arbitrentur.
594 526 691 564 Quid,
719 526 743 555 si
773 525 925 566 equitibus
950 525 1109 564 Romanis,

222 580 283 600 non
305 570 437 600 obscuris
452 580 550 610 neque
565 570 686 610 ignotis,
712 569 763 599 sed
784 568 914 598 honestis
936 573 965 597 et
988 568 1113 598 illustri..

223 615 292 651 bus,
314 623 422 643 manus
443 615 480 643 ab
502 613 652 653 Apronio,
670 612 725 642 isto
740 617 877 652 praetore,
895 611 957 641 sine
978 612 1041 641 ull-21
1057 612 1113 642 du-

226 656 370 686 bitatione
397 656 623 686 afferebantur?
656 655 731 696 quid
761 654 962 694 exspectatis?
995 655 1069 695 quid
1095 666 1113 685 a

224 709 274 729 me
298 699 429 739 amplius
453 699 615 729 dicendum
630 698 769 739 putatis?
794 708 832 727 an
852 697 883 727 id
899 698 1062 737 agencium,
1079 705 1115 729 ut

226 752 260 772 eo
286 743 410 772 celerius
434 742 471 772 de
496 742 552 771 isto
579 741 790 781 transigamus,
818 751 878 780 quo
900 741 1050 771 maturius
1075 742 1114 772 ad

226 785 402 825 Apronium
418 785 567 825 possimus
578 784 632 820 (id,
652 783 734 824 quod
749 794 804 823 ego
819 783 864 813 illi
882 785 947 823 jam
963 784 993 813 in
1011 784 1115 815 Sicilia

225 828 377 868 pollicitus
393 835 475 863 sum)
491 827 645 867 pervenire
658 829 670 857 ἓ
695 827 748 867 qui
764 828 799 856 (J.
817 826 1013 864 Matrinium,
1032 827 1115 866 judi-

226 881 285 908 ces,
316 871 438 901 summ&
468 871 578 900 virtute
606 869 773 907 hominem,
805 869 927 899 summit
955 870 1114 909 industrizi,

228 914 349 943 summai
365 914 472 953 gratia,
496 913 652 943 Leontinis
672 912 703 942 in
718 912 840 953 publico
855 912 984 942 biduum
1000 914 1096 944 tenuit
1106 926 1115 944 z

228 962 320 997 atque
336 958 373 986 ab
390 956 540 997 Apronio,
555 956 682 995 judices,
698 955 821 985 homine
836 955 867 984 in
882 955 1024 986 dedecore
1033 963 1115 995 nato,

229 1000 268 1029 ad
284 999 504 1039 turpitudinem
517 999 652 1036 educato,
667 998 705 1028 ad
721 998 824 1028 Verris
840 997 953 1038 flagitia
962 999 1116 1030 libidines-

231 1053 291 1083 que
316 1042 553 1079 accommodato,
579 1041 713 1082 equitem
738 1042 915 1071 Romanum
939 1042 1041 1072 scitote
1070 1043 1117 1073 bi-

230 1085 327 1115 duum
343 1086 409 1115 cibo
425 1091 562 1126 tectoque
573 1084 760 1125 prohibitum
774 1096 781 1114 :
806 1083 936 1114 biduum
947 1085 1116 1125 Leontinis,

230 1128 262 1158 in
278 1129 353 1166 foro,
370 1128 511 1158 custodiis
526 1127 658 1168 Apronii
678 1133 828 1157 retentum
843 1132 934 1167 atque
954 1134 1118 1167 servatum,

230 1181 329 1212 neque
345 1177 414 1201 ante
435 1171 606 1208 dimissum,
623 1180 716 1211 quam
737 1170 775 1200 ad
788 1169 971 1200 conditiones
987 1172 1051 1210 ejus
1069 1172 1121 1202 de-

232 1220 338 1255 pactus
354 1220 406 1244 est.

276 1257 385 1288 XXV.
410 1258 495 1287 Nam
519 1257 594 1298 quid
610 1267 664 1297 ego
680 1256 717 1286 de
733 1256 773 1294 Q.
792 1257 903 1294 Lollio,
926 1257 1053 1296 judices,
1076 1258 1122 1288 di-

235 1311 314 1337 cam,
347 1300 447 1341 equite
491 1301 644 1336 Romano,
676 1306 807 1340 spectato
845 1306 935 1340 atque
973 1301 1096 1332 honesto
1108 1304 1122 1333 ?

236 1344 326 1374 Clara
350 1354 395 1373 res
416 1349 470 1379 est,
489 1353 582 1384 quam
599 1343 734 1373 dicturus
756 1353 835 1379 sum,
853 1343 915 1372 totsr
931 1343 1033 1373 Sicilia
1048 1345 1124 1375 cele-

237 1387 369 1417 berrima
381 1392 472 1426 atque
484 1386 658 1416 notissima:
684 1385 749 1426 qui,
761 1396 830 1415 cum
840 1392 936 1415 araret
951 1386 982 1415 in
992 1387 1032 1416 AE
1038 1393 1124 1418 tnen-

238 1429 274 1466 si,
292 1439 423 1470 cumque
444 1429 469 1458 is
485 1439 556 1469 ager
567 1428 709 1469 Apronio
732 1439 802 1459 cum
815 1429 927 1458 caeteris
947 1429 1026 1469 agris
1052 1437 1127 1461 esset

235 1472 381 1507 traditusg
415 1472 545 1512 equestri
561 1477 658 1501 vetere
672 1471 726 1501 illa
746 1477 775 1501 et
795 1471 971 1502 auctoritate
985 1478 1015 1502 et
1029 1474 1126 1513 gratia

235 1515 341 1550 fretus,
359 1514 531 1552 affirmavit,
554 1525 584 1544 se
599 1514 772 1544 decumanis
788 1514 867 1554 plus,
885 1525 978 1555 quam
994 1515 1125 1555 deberet,

237 1568 298 1588 non
323 1557 476 1587 daturum.
502 1556 645 1587 Refertur
669 1558 733 1596 ejus
754 1567 851 1587 sermo
877 1557 915 1587 ad
939 1557 1124 1598 Apronium.

238 1601 404 1631 Enimvero
430 1600 485 1629 iste
509 1600 605 1629 ridere
630 1610 664 1630 ac
687 1600 803 1637 mirari,
831 1600 967 1630 Lollium
988 1601 1064 1632 nihil
1090 1603 1127 1633 de

239 1643 399 1679 Matrinio,
416 1643 493 1672 nihil
516 1643 552 1672 de
573 1643 685 1672 caeteris
705 1644 805 1680 rebus,
821 1643 949 1673 audisse.
974 1643 1074 1674 Mittit
1089 1646 1127 1676 ad

239 1685 395 1716 hominem
418 1685 578 1715 Venerios:
613 1686 682 1719 (hoc
697 1696 817 1726 quoque
832 1686 987 1724 attendite,
1009 1689 1128 1728 appari-

241 1735 319 1759 tores
343 1739 361 1758 a
376 1734 504 1769 praetore
526 1728 690 1768 assignatos
705 1728 845 1758 habuisse
859 1729 1079 1766 decumanum3
1103 1731 1128 1761 si

243 1772 300 1802 hoc
316 1771 465 1801 mediocre
488 1777 704 1812 argumentum
725 1771 819 1801 videri
842 1777 950 1812 potest,
966 1772 1059 1803 istum
1080 1774 1132 1804 de-
