1181 1902
159 53 220 83 12ss
272 52 324 84 IN
348 50 588 84 CAECILIUM
612 50 760 83 DIVIN.
784 50 868 82 CAP.
884 50 936 81 20.

158 147 296 179 unquam
321 138 403 169 venit
426 138 460 169 in
484 137 706 169 contentionem
732 136 770 168 de
795 135 974 175 accusando,
998 136 1054 178 qui

157 187 288 221 quaestor
302 181 419 221 fuisset,
435 181 509 223 quin
525 181 744 229 repudiaretur.
778 180 888 221 Itaque
904 190 1002 220 neque
1014 180 1054 210 L.

158 224 310 255 Philoni
303 234 335 254 111
356 224 391 255 G.
409 225 574 255 Servilium
598 223 729 254 nominis
750 222 904 253 deferendi
924 228 1056 262 potestas

159 272 203 297 est
226 267 307 304 data,
334 278 432 309 neque
448 268 496 297 Μ.
513 267 641 297 Aurelio
657 267 769 297 Scauro
789 266 821 295 in
843 266 881 296 L.
896 266 1054 304 Flaccum,

159 320 258 350 neque
271 310 327 340 Cn.
346 311 492 351 Pompeio
508 310 539 340 in
555 310 594 341 T.
612 310 783 340 Albucium
796 321 803 339 :
822 319 953 349 quorum
966 318 1056 339 nemo

160 359 283 394 propter
302 354 514 394 indignitatem
538 353 713 394 repudiatus
737 358 800 388 estt,
825 351 877 382 sed
901 362 939 381 ne
961 351 1057 382 libido

160 396 309 426 violandae
324 396 549 427 necessitudinis
565 396 740 426 auctoritate
759 395 899 434 judicum
915 405 1054 435 compro-

160 440 292 469 baretur.
316 439 422 481 Atque
442 440 493 469 ille
509 440 566 470 Cn.
586 439 752 479 Pompeius
768 439 810 468 ita
825 448 896 468 011111
912 437 1054 468 C.Ju1io

161 482 325 520 contendit,
342 489 376 512 ut
389 488 422 512 tu
438 493 568 513 mecum.
593 482 735 519 Quaestor
751 482 833 512 enim
848 480 975 511 Albucii
990 480 1057 511 fue-

161 530 218 563 rat,
243 530 278 555 ut
293 531 327 555 tu
344 525 458 556 Verris.
490 525 595 556 Julius
617 525 673 555 hoc
689 535 791 555 secum
811 523 997 554 auctoritatis
1016 524 1056 554 ad

161 568 366 598 accusandum
388 569 542 607 afferebat,
564 568 657 609 quod,
677 573 713 597 ut
727 568 786 598 hoc
801 573 936 608 tempore
951 577 1005 597 nos
1020 568 1058 597 ab

163 610 284 648 Siculis,
309 611 349 642 sic
365 618 432 642 tum
452 612 515 649 ille,
537 613 575 642 ab
597 611 699 642 Sardis
719 616 853 651 rogatus,
877 610 915 640 ad
936 620 1059 640 causam

162 660 332 684 accesserat.
376 656 502 696 Semper
531 655 596 684 haec
625 664 714 684 causa
743 653 912 694 plurimum
942 653 1057 683 valuit:

163 707 281 738 semper
304 698 368 728 111Βο
393 698 468 728 ratio
492 697 653 728 accusandi
678 697 737 727 fuit
760 696 981 745 honestissima,
1003 706 1060 737 pro

163 740 260 777 sociis,
276 751 331 781 pro
347 741 442 770 salute
458 751 531 789 prov
534 740 630 778 inciae,
647 750 701 781 pro
717 746 889 770 exterarum
901 739 1060 769 nationum

163 783 341 821 commodis,
366 784 538 814 inimicitias
563 783 732 824 suscipere;
758 783 796 813 ad
817 783 987 823 periculum
1011 792 1061 812 ac-

163 826 288 863 cedere3
313 837 448 867 operam,
465 827 613 864 studium,
629 827 766 856 laborem
780 826 980 867 interponere.

209 869 285 900 XX.
309 869 446 908 Etenim,
471 870 495 900 si
516 869 679 910 probabilis
695 875 739 899 est
753 879 858 900 eorum
879 879 980 906 causa,
1005 868 1059 909 qui

163 911 290 951 injurias
305 923 374 943 suas
389 913 528 954 persequi
543 914 673 949 volunt3
698 923 760 953 qua
779 912 811 942 in
832 922 864 942 re
879 912 975 942 dolori
991 922 1057 949 suo,

163 965 225 986 non
235 956 408 996 reipublicae
419 956 595 994 commodis,
609 956 763 990 serviunt;
781 961 895 996 quanto
905 955 958 985 illa
968 964 1058 985 causa

163 998 327 1036 honestior,
338 1010 407 1040 quae
422 1009 483 1030 non
495 1000 594 1030 solum
606 999 771 1040 probabilis
781 999 886 1036 videri,
903 997 955 1028 sed
967 998 1060 1028 etiam

163 1047 250 1082 grata
265 1052 327 1072 esse
342 1043 442 1080 debet,
467 1043 553 1073 nulla
567 1042 710 1084 privatim
725 1042 847 1083 accepta
862 1041 986 1080 injuria,
1009 1051 1060 1071 so-

164 1085 280 1115 ciorum
296 1091 386 1126 atque
398 1085 565 1116 amicorum
580 1086 686 1127 populi
702 1085 836 1115 Romani
851 1084 953 1115 dolore
968 1090 1060 1125 atque

164 1127 284 1167 injuriis
304 1129 507 1160 commoveri!
540 1129 661 1170 Nuper,
685 1139 756 1159 cum
778 1129 810 1158 in
836 1128 871 1157 P.
889 1127 1058 1157 Gabinium

165 1171 211 1202 vir
230 1171 410 1203 fortissimus
426 1178 456 1203 et
474 1172 746 1207 innocentissimus,
771 1172 809 1202 L.
827 1171 910 1208 Piso,
934 1170 1060 1200 delatio-

165 1223 237 1244 nem
256 1215 386 1246 nominis
406 1216 583 1261 postularet,
607 1221 637 1246 et
660 1220 763 1245 contra
783 1215 824 1252 Q.
842 1213 982 1244 Caecilius
1005 1223 1060 1254 pe-

165 1262 250 1295 teret,
274 1258 360 1299 isque
381 1269 411 1289 se
431 1265 542 1289 veteres
562 1258 735 1288 inimicitias
752 1259 818 1297 jam
839 1257 892 1287 diu
908 1263 1059 1297 susceptas

164 1301 304 1341 persequi
325 1301 454 1337 dicerem
479 1312 550 1332 eum
570 1301 730 1332 auctoritas
748 1307 777 1331 et
793 1301 923 1341 dignitas
940 1299 1060 1330 Pisonis

165 1343 285 1374 valebat
308 1345 489 1385 plurimum,
513 1350 580 1375 tum
604 1345 656 1374 illa
681 1351 743 1374 erat
769 1354 858 1374 causa
880 1343 1060 1382 justissima,

166 1386 249 1427 quod
260 1397 331 1417 eum
344 1388 400 1418 sibi
411 1388 520 1418 Achaei
531 1394 694 1437 patronum
706 1387 896 1428 adoptarant.
919 1385 1058 1423 Etenim,

165 1439 237 1459 cum
252 1430 324 1460 lex'
317 1441 382 1471 ipsa
397 1431 434 1461 de
448 1431 582 1471 pecuniis
598 1430 782 1471 repetundis,
802 1430 952 1460 sociorum
967 1435 1059 1470 atque

166 1472 334 1503 amicorum
355 1475 461 1515 populi
482 1474 617 1504 Romani
643 1473 759 1513 [causa,
781 1474 901 1514 parata]
928 1472 986 1508 sit3
1011 1472 1059 1501 in-

165 1515 275 1555 iquum
288 1522 342 1555 est,
355 1527 414 1547 non
431 1528 501 1548 eum
513 1518 588 1558 legis
597 1517 764 1558 judiciique
774 1523 904 1547 actorem
915 1495 1060 1545 idorieum

166 1559 301 1589 maxime
321 1560 433 1600 putari,
455 1571 547 1601 quem
567 1567 698 1591 actorem
718 1570 815 1591 causae
830 1570 892 1589 suae
907 1558 989 1595 socii,
1006 1558 1059 1588 de-

166 1601 377 1644 fensoremque
402 1604 594 1634 fortunarum
619 1614 755 1641 suarum,
779 1603 971 1644 potissimum
998 1611 1060 1631 esse

166 1645 336 1676 voluerunt.
370 1647 436 1683 An,
459 1647 541 1687 quod
561 1647 600 1677 ad
619 1646 921 1677 commemorandum
943 1650 986 1675 est
1005 1644 1062 1674 ho-

166 1688 290 1727 nestius,
314 1689 345 1719 id
368 1690 407 1719 ad
431 1692 516 1731 prob
512 1690 624 1720 vidum
648 1700 707 1720 non
733 1689 831 1720 multo
856 1687 950 1719 videri
973 1687 1062 1717 debet

164 1731 305 1772 aequius?
330 1732 407 1763 Utra
428 1733 521 1774 igitur
541 1740 584 1764 est
607 1733 803 1774 splendidior,
827 1737 895 1763 utra
915 1730 1058 1762 illustrior
