1181 1902
208 91 271 121 36ss
386 90 436 120 IN
460 89 657 120 VERREM
681 89 741 120 IV.
768 89 851 120 CAr.
868 90 919 120 81.

206 176 295 206 bonis
317 175 372 206 iste
386 176 517 206 annulus
532 186 640 206 aureus
654 175 834 214 donabatur,
851 176 904 216 qui
919 175 977 216 ipsi
991 185 1089 206 annu-

208 219 254 248 los
270 229 374 248 aureos
388 225 559 259 posuerant,
570 219 729 259 liberisque
741 219 942 255 detraxerant,
953 224 987 248 ut
1002 224 1088 256 esset,

209 261 291 291 unde
317 262 412 291 scriba
435 267 505 291 tuus
526 261 583 291 hoc
605 268 692 291 tuum
716 272 828 291 munus
851 272 884 291 ac
910 260 1088 291 beneficium

209 309 344 334 tueretur
358 306 371 335 ?
396 315 464 345 quae
484 314 572 344 porro
593 304 729 344 praefatio
744 311 804 334 tuae
820 303 987 334 donationis
1003 303 1061 333 fuit
1075 306 1089 334 Ρ

210 346 270 376 Illa
286 347 395 377 scilicet
410 353 494 377 vetus
518 352 608 387 atque
629 347 842 387 imperatoria?
867 350 888 364 ‘⁴
905 346 1037 383 Quando
1053 352 1086 376 tu

206 389 331 429 quidem
348 390 378 419 in
394 390 509 430 proelio,
525 389 556 419 in
573 390 663 427 bello,
679 390 711 419 in
723 400 754 419 re
769 389 892 419 militari
905 390 938 424 ;''
954 390 1040 428 cujus
1052 399 1091 419 ne

208 433 323 462 mentio
339 433 473 473 quidem,
495 439 524 462 te
539 440 676 472 praetore,
700 433 763 462 ulla
778 433 857 462 facta
872 438 914 461 est
927 443 934 461 ι
958 442 997 470 an
1013 432 1065 461 illa
1076 434 1090 462 ἓ

208 476 231 492 “
246 474 503 516 Quandoquidem
525 481 558 504 tu
585 476 670 505 null&
693 485 828 515 unquam
852 475 928 504 mihi
951 475 982 504 in
1006 475 1090 515 cupi-

205 516 299 547 ditate
311 528 344 548 ac
360 518 546 558 turpitudine
557 518 678 548 defuisti
691 529 700 553 ς
725 518 925 558 omnibusque
937 517 968 546 in
983 517 1091 547 iisdem

207 559 328 599 flagitiis
338 571 469 597 mecum,
485 567 514 590 et
529 561 561 590 in
575 561 734 601 legatione,
752 566 780 590 et
790 560 932 601 praeturss,
949 566 978 590 et
992 559 1043 590 hic
1058 560 1089 589 in

207 602 322 639 Sicilia,
339 610 470 633 versatus
491 613 541 639 es;
566 605 604 633 ob
625 604 712 634 hasce
733 614 778 633 res
804 603 947 643 quoniam
964 608 992 632 te
1007 603 1091 632 locu-

206 645 330 684 pletavi,
349 646 406 676 hoc
429 646 542 676 annulo
565 657 654 676 aureo
670 647 781 676 dono.'‘
806 646 886 675 Vera
902 645 965 675 11336
985 645 1090 675 fuisset

206 688 300 717 oratio
314 700 321 718 :
346 698 406 718 non
422 689 503 718 enim
518 689 572 718 iste
588 690 718 718 annulus
734 699 852 725 aureuS,
875 690 928 718 abs
944 694 973 718 te
988 688 1088 724 datus,

205 730 299 760 istum
315 731 414 760 virum
429 731 549 768 fortem,
567 731 617 761 sed
643 731 798 761 hominem
819 731 1011 771 locupletem,
1028 741 1090 760 esse

209 772 348 803 declarat.
374 775 423 803 Ita
438 774 579 803 eumdem
596 774 757 811 ann-ulum,
775 775 812 803 ab
828 774 886 802 alio
901 773 1018 809 datum,
1033 779 1091 803 tes-

207 821 268 845 tem
284 816 402 846 virtutis
423 816 621 849 duceremus:
646 817 698 846 abs
720 822 748 846 te
763 817 922 853 donatum,
949 816 1089 845 comitem

206 858 341 898 pecuniae
353 859 533 898 judicamus.

250 901 408 931 LXXXI.
432 901 571 939 Dictum,
590 902 716 940 judices,
734 907 777 932 est
791 901 829 931 de
844 901 1011 931 decumano
1026 901 1091 931 frn-

206 949 331 974 mento:
366 944 481 974 dictum
507 945 544 975 de
565 950 663 975 emto:
694 950 862 975 extremum
888 950 917 973 et
937 944 1089 984 reliquum

206 992 261 1022 cst,
277 986 314 1016 de
329 987 475 1017 aestimato
488 999 497 1023 ς
522 987 615 1028 quod,
631 998 700 1018 cum
716 987 926 1027 magnitudine
940 987 1087 1027 pecuniae,

208 1035 273 1058 tum
303 1029 421 1068 injuriae
448 1041 567 1070 genere,
594 1031 731 1070 quemvis
761 1030 850 1059 debet
879 1039 1086 1059 commovere:

207 1077 274 1101 tum
300 1083 369 1102 vero
384 1083 419 1102 eo
441 1073 548 1113 magis,
566 1073 647 1113 quod
663 1073 701 1103 ad
722 1073 778 1103 hoc
794 1073 906 1102 crimen
922 1082 982 1101 non
1005 1072 1090 1112 inge-

205 1114 289 1144 niosa
315 1115 416 1156 aliqua
441 1116 584 1153 defensio,
613 1116 663 1146 sed
689 1115 911 1156 improbissima
933 1114 1088 1152 confessio,

203 1163 404 1197 comparatur.
430 1158 524 1196 Nam,
551 1169 621 1188 cum
647 1169 685 1188 ex
705 1157 975 1188 senatus-consulto
996 1162 1025 1187 et
1051 1168 1089 1187 ex

205 1200 323 1240 legibus
349 1201 537 1231 frumentum
565 1201 591 1231 ei
619 1201 650 1231 in
681 1201 787 1232 cellam
817 1211 935 1230 sumere
963 1200 1086 1235 liceret:

205 1242 297 1283 idque
317 1243 504 1274 frumentum
528 1249 647 1274 senatus
672 1244 713 1274 ita
728 1243 914 1280 aestimasset,
936 1243 1090 1283 quaternis

208 1285 264 1316 Hs
279 1286 369 1316 tritici
385 1287 522 1316 modium
536 1297 545 1322 3
569 1287 659 1323 binis,
675 1286 778 1317 hordei
792 1297 800 1321 ;
824 1286 890 1323 iste,
907 1295 1033 1315 numero
1049 1285 1087 1315 ad

205 1339 359 1358 summam
379 1329 468 1360 tritici
484 1330 610 1368 adjecto,
627 1330 716 1359 tritici
737 1329 854 1359 modios
870 1329 1002 1368 singulos
1018 1338 1088 1357 cum

205 1371 372 1401 aratoribus
386 1372 515 1402 denariis
534 1372 625 1402 ternis
641 1372 809 1402 aestimavit.
834 1372 905 1401 Non
922 1377 965 1400 est
986 1370 1017 1400 in
1033 1371 1089 1401 hoc

205 1413 331 1451 crimen,
356 1415 519 1445 Hortensi:
544 1425 582 1445 ne
597 1415 672 1445 forte
695 1415 733 1444 ad
747 1414 803 1444 hoc
818 1414 983 1449 meditere;
1007 1414 1089 1443 mul-

205 1462 250 1486 tos
276 1467 353 1497 saepe
375 1457 452 1488 viros
476 1459 581 1493 bonos,
605 1464 633 1488 et
656 1458 756 1495 fortes,
773 1463 801 1487 et
821 1457 1003 1493 innocentes,
1019 1466 1089 1485 curn

203 1499 370 1529 aratoribus
391 1506 420 1530 et
440 1511 511 1531 cum
527 1501 696 1530 civitatibus
711 1500 911 1536 frumentum,
934 1499 964 1528 111
981 1499 1088 1529 cellam

205 1541 287 1581 quod
312 1543 391 1572 sumi
417 1549 574 1583 oporteret,
602 1542 773 1580 aestinzfisse,
800 1548 829 1572 et
852 1542 1011 1582 pecuniam
1035 1551 1089 1582 pro

206 1584 357 1614 frumento
385 1586 552 1616 abstulisse.
576 1586 654 1624 Scio,
680 1585 753 1626 quid
780 1586 872 1615 soleat
901 1584 986 1614 fieri:
1015 1584 1087 1621 scio,

206 1627 281 1666 quid
295 1627 390 1657 liceat.
416 1628 514 1664 Nihil,
532 1629 613 1669 quod
625 1635 713 1658 antea
724 1628 821 1658 fuerat
833 1628 863 1656 in
877 1626 1091 1657 consuetudine

202 1670 362 1708 bonorum,
391 1680 471 1701 nunc
496 1672 527 1701 in
554 1671 639 1701 istius
660 1672 739 1701 facto
762 1670 998 1711 reprehenditur.
1024 1669 1094 1699 Hoc

202 1712 399 1752 reprehendo,
416 1713 510 1754 quod,
528 1724 599 1744 cum
615 1715 645 1743 in
671 1713 774 1744 sicilia
790 1713 846 1743 Hs
870 1713 904 1742 ΙΙ
922 1713 1013 1742 tritici
1029 1721 1096 1741 mo-

201 1753 267 1785 dius
290 1761 375 1795 esset,
400 1763 433 1787 ut
460 1756 545 1787 istius
570 1757 694 1797 epistola
718 1756 755 1787 ad
782 1762 811 1787 te
837 1756 928 1786 missa
954 1755 1096 1792 declarat,
