1181 1902
288 57 341 89 IN
364 55 562 89 VERREM
587 57 648 89 lv.
671 57 756 89 CAP.
781 58 834 89 93.
946 58 1011 94 379

117 142 278 175 commodo
292 149 322 174 et
336 144 492 174 voluntate
514 143 719 185 perpenditur.
753 143 827 174 Non
847 148 945 183 potest
959 154 1006 174 re-

119 186 265 228 prehendi
281 187 345 217 ulla
360 187 530 224 aestimatio‚
555 198 624 228 quae
640 187 749 217 aratori
773 196 834 216 non
857 186 947 217 modo
962 187 1010 217 in-

119 229 280 260 commoda
294 239 355 259 non
367 235 422 267 est,
439 230 491 260 sed
506 230 596 259 etiam
613 236 699 270 grata
714 235 766 260 est.
802 229 956 267 Sacerdos,
973 236 1008 260 ut

118 273 150 302 in
166 272 352 313 provinciam
363 273 456 309 venit,
473 272 684 302 frumentum'
676 282 708 302 m
721 273 827 302 cellam
840 272 1010 313 imperavit.

119 316 201 346 Cum
217 321 303 352 esset,
319 322 389 346 ante
404 325 529 350 novum,
541 315 631 345 tritici
647 315 766 345 modius
781 315 910 345 denariis
920 315 1010 356 quin-

120 368 191 399 que,
207 358 378 399 petiverunt
398 359 436 388 ab
452 368 487 388 eo
509 358 654 394 civitates,
679 364 713 387 ut
738 358 907 388 aestimaret.
947 359 1009 389 Re-

119 401 238 431 missior
249 401 404 450 aliquanto
420 402 485 440 ejus
499 401 558 431 fuit
571 400 741 436 aestimatio,
755 411 849 441 quam
864 411 1008 431 annonae:

120 454 192 474 nam
205 444 364 474 aestimavit
375 443 504 474 denariis
517 444 582 474 111.
607 443 637 473 V
639 443 712 477 ides
730 444 868 473 eamdem
881 444 1011 474 aestima-

121 487 246 523 tionem,
273 492 395 528 propter
419 486 562 527 temporis
586 486 875 522 dissimilitudinem,
900 487 931 516 in
957 487 1011 516 illo

120 529 219 560 laudis
230 540 352 560 causam
364 530 495 566 habere;
519 529 550 559 in
563 535 603 568 te,
614 529 748 559 criminis
759 539 769 565 ς
792 529 824 558 in
839 529 904 568 illo,
920 531 1011 560 bene-

120 573 200 608 ficii;
224 573 255 602 in
272 578 312 610 te,
328 573 448 612 injuriae
459 575 473 603 .⁹

162 615 282 646 Eodem
294 622 430 657 tempore
446 615 602 646 Antonius
623 615 679 645 III
695 615 824 645 denariis
840 615 1010 654 aestimavit,

120 665 188 700 post
202 669 342 696 messem,
360 659 482 689 summa
502 659 533 688 in
550 659 675 694 vilitate,
699 668 769 688 cum
793 664 922 688 aratores
947 658 1012 688 fru-

120 708 260 732 mentum
271 702 343 732 dare
357 702 449 742 gratis
459 702 623 732 malebant.
647 701 690 731 Et
701 701 810 739 aiebat,
822 711 852 731 se
863 701 1011 731 tantidem

121 745 295 783 aestimssisse,
312 745 419 785 quanti
435 744 625 775 Sacerdotem
636 756 645 774 z
670 754 768 784 neque
788 744 1010 774 mentiebatur:

121 787 173 818 sed
189 788 294 818 effidem
310 788 367 818 ists
382 788 590 826 aestimatione,
602 788 677 818 alter
689 787 860 818 sublevarat
869 793 1009 825 aratores,

121 832 196 860 alter
212 838 365 861 everterat.
399 831 493 869 Quod
515 831 573 861 nisi
593 831 692 861 omnis
715 830 861 860 frumenti
881 830 957 860 ratio
972 840 1010 860 ex

122 875 308 914 temporibus
324 881 410 911 esset,
436 880 466 904 et
480 884 612 912 annona,
629 884 689 904 non
705 884 743 903 ex
758 883 896 909 numero,
913 883 1012 913 neque

121 927 159 947 ex
185 917 318 954 summa,
345 917 580 953 consideranda3
605 926 766 957 nunquam
789 922 852 946 tam
876 916 954 956 grati
977 916 1011 946 hi

121 960 326 1000 sesquimodii,
344 961 384 998 Q.
403 960 559 997 Hortensi,
577 960 724 995 fuissent3
749 969 823 1000 quos
839 965 872 988 tu
888 969 959 989 cum
971 958 1011 989 ad

121 1012 270 1033 mensurae
286 1010 348 1033 tam
370 1003 512 1043 exiguam
529 1003 676 1033 rationem
692 1003 805 1043 populo
821 1002 961 1032 Romano
978 1002 1010 1032 in

121 1046 220 1086 capita
229 1046 442 1087 descripsisses,
453 1046 660 1087 gratissimum
673 1046 814 1076 omnibus
826 1045 930 1075 fecisti.
950 1045 1011 1075 Ca-

120 1089 192 1119 ritas
207 1089 288 1119 enim
304 1099 432 1120 annonae
447 1089 586 1127 faciebat,
598 1095 633 1119 ut
644 1089 732 1126 istuc,
743 1088 825 1130 quod
834 1099 865 1118 re
880 1098 1010 1129 parvum

120 1132 289 1170 videbatur,
307 1139 443 1173 tempore
453 1143 603 1173 magnum
613 1132 772 1162 videretur.
798 1131 885 1161 Idem
898 1131 975 1161 istuc
984 1130 1010 1161 si

119 1174 152 1204 in
168 1175 283 1205 vilitate
295 1175 409 1216 populo
425 1176 568 1206 Romano
582 1176 686 1216 largiri
698 1175 858 1210 voluisses;
875 1174 1010 1204 derisum

119 1224 209 1248 tuum
224 1219 403 1249 beneficium
421 1225 507 1256 esset,
523 1224 614 1259 atque
627 1224 822 1249 contemtum.

163 1261 292 1292 XCIII.
327 1262 401 1292 Noli
426 1262 520 1302 igitur
543 1262 652 1300 dicere,
676 1262 768 1292 istum
792 1260 873 1290 idem
893 1259 1008 1298 fecisse,

119 1304 201 1345 quod
217 1304 430 1340 Sacerdotem3
454 1305 599 1346 quoniam
612 1315 672 1335 non
683 1304 787 1335 eodem
803 1310 947 1344 tempore,
958 1313 1011 1333 ne-

119 1358 179 1388 que
195 1347 287 1377 simili
302 1347 372 1378 fecit
387 1348 518 1378 annona.
551 1348 654 1378 Dicito
668 1348 780 1389 potius,
797 1346 941 1388 quoniam
956 1346 1011 1376 ha-

119 1391 172 1420 bes
186 1397 339 1421 auctorem
354 1391 509 1427 idoneum,
526 1391 609 1432 quod
623 1391 779 1421 Antonius
790 1400 850 1420 uno
865 1389 1009 1427 adventu,

121 1439 150 1463 et
166 1434 217 1463 vix
232 1434 395 1464 menstruis
410 1435 528 1465 cibariis
544 1434 658 1471 fecerit,
680 1434 713 1464 id
733 1435 826 1464 istum
844 1443 897 1474 per
917 1432 1010 1462 trien-

119 1476 208 1507 nium
223 1476 345 1507 fecisse:
370 1484 399 1507 et
414 1478 500 1508 istius
511 1477 716 1508 innocentiam
728 1477 776 1507 M.
792 1475 922 1506 Antonii
931 1475 1011 1505 facto

121 1526 213 1560 atque
233 1520 410 1551 auctoritate
435 1521 598 1551 defendite.
638 1521 723 1551 Nam
746 1520 783 1551 de
798 1520 867 1551 Sex.
885 1518 1010 1560 quidem

122 1562 283 1601 Peducaeo,
299 1563 463 1594 fortissimo
479 1571 571 1605 atque
585 1563 830 1594 innocentissimo
845 1562 919 1599 vim,
937 1560 1011 1602 quid

121 1605 250 1637 dicetis?
274 1606 312 1636 de
323 1617 385 1647 quo
396 1608 464 1649 quis
474 1617 612 1648 unquam
624 1613 722 1638 arator
731 1612 854 1648 questus
866 1611 928 1636 est.
920 1605 934 1623 ⁹
958 1609 1011 1633 aut

123 1648 190 1689 quis
214 1659 275 1680 non
291 1649 330 1679 ad
353 1650 410 1680 hoc
426 1657 546 1692 tempus
570 1650 848 1682 innocentissimam
872 1647 1011 1678 omnium

123 1691 447 1734 diligentissimamque
467 1700 633 1736 praeturam
653 1693 736 1726 illius
753 1692 887 1724 hominis
908 1689 1011 1721 existi-
