1216 1907
203 87 242 117 14
380 86 471 118 PRO
495 85 532 117 P.
548 84 762 125 QUINTIO.
778 85 863 118 CAP.
883 85 932 117 11.

201 171 386 214 postularet:
411 182 489 213 nego
504 182 543 203 ex
557 172 654 203 edicto
673 172 823 214 possidere
837 172 993 213 potuisse:
1016 180 1095 213 nego

202 215 363 257 possidere.
389 216 467 246 Haec
481 216 538 246 tria
553 226 625 247 cum
640 215 780 252 docuero,
796 217 951 256 perorabo.

246 258 308 289 XI.
333 259 406 289 Non
421 259 480 289 fuit
495 270 596 296 causa,
612 269 665 289 cur
679 259 856 299 postulares.
894 258 961 296 Qui
976 258 1033 289 hoe
1046 257 1095 289 in-

203 300 299 342 telligi
315 304 437 342 potest?
461 302 546 339 Quia
561 304 631 333 Sex.
649 302 769 339 Naevio,
786 312 884 342 neque
899 312 937 332 ex
947 302 1094 332 societatis

203 345 330 383 ratione,
347 355 446 386 neque
460 345 615 386 privatim,
632 345 801 386 quidquam
816 345 921 375 debuit
936 344 1094 382 Quintius.

204 388 284 426 Quis
299 387 371 418 huic
382 389 424 418 rei
437 388 518 418 testis
528 394 572 418 est
582 389 596 417 ’ἰ
621 388 721 425 Idem,
733 387 787 429 qui
802 388 964 418 acerrimus
986 388 1092 418 adver-

207 431 312 461 sarius.
337 431 375 461 In
387 432 443 461 hac
455 442 486 461 re
501 437 542 469 te,
559 438 599 469 te,
616 431 755 472 inquam,
771 436 889 468 testem,
907 431 938 460 N
941 431 1008 467 aevi,
1024 431 1097 461 cita-

204 475 254 505 bo.
278 474 421 511 Annum,
439 480 468 504 et
483 485 517 504 eo
533 474 658 511 diutius,
674 480 742 514 post
756 480 886 504 mortem
909 473 944 504 C.
962 473 1095 512 Quintii,

204 517 265 547 fuit
280 517 311 547 in
323 518 425 547 Gallia
441 523 540 547 tecum
557 518 649 547 simul
664 517 822 554 Quintius.
846 517 942 553 Doce,
952 522 982 547 te
994 516 1095 557 petiis-

205 571 236 591 se
257 561 295 590 ab
319 571 353 591 eo
375 561 476 597 istam,
499 560 598 590 nescio
613 571 719 601 quam,
736 559 990 590 innumerabilem
1005 570 1095 600 pecu-

205 603 289 633 niam
301 615 308 633 :
333 604 417 641 doce,
443 603 607 643 aliquando
633 603 819 633 mentionem
841 602 962 639 fecisse3
986 602 1096 634 dixisse

206 646 309 676 deberi
321 658 329 676 τ
354 646 493 676 debuisse
505 646 676 676 concedam.

249 689 385 719 Moritur
398 689 434 719 C.
447 689 605 727 Quintius,
619 689 673 730 qui
683 688 738 719 tibi
748 690 795 721 (ut
807 689 862 726 ais)
869 688 956 719 certis
967 688 1097 719 nomini·

205 734 263 763 bus
275 732 421 773 grandem
431 732 591 773 pecuniam
603 732 716 762 debuit.
741 732 848 762 Haeres
859 733 934 771 ejus,
949 732 984 761 P.
996 732 1097 770 Quin-

207 776 279 813 tius,
295 776 327 805 in
341 776 475 805 Galliam
492 775 531 805 ad
543 781 571 805 te
586 775 687 815 ipsum
700 775 783 804 venit
798 775 829 805 in
839 785 949 815 agrum
960 785 1098 806 commu-

207 829 298 849 nem:
323 829 358 848 eo
373 819 515 859 denique,
532 818 586 848 ubi
601 828 661 847 non
677 818 768 848 modo
784 828 830 848 res
852 824 926 855 erat,
948 818 999 848 sed
1021 819 1097 849 ratio

208 872 331 903 quoque
346 861 455 897 omnis,
465 867 493 891 et
503 871 607 891 omnes
623 861 726 891 literae.
760 860 840 898 Quis
855 867 919 891 tam
935 861 1098 892 dissolutus

207 905 240 935 in
255 915 287 934 re
305 904 447 934 familiari
466 904 581 941 fuisset,
595 904 662 944 quis
677 910 740 933 tam
759 903 926 944 negligens,
946 904 1015 945 quis
1032 910 1096 934 tam

207 948 264 986 tui,
277 949 378 984 Sexte,
392 947 556 984 dissimilis,
569 947 634 987 qui,
646 957 716 977 cum
726 957 771 977 res
782 947 819 976 ab
832 957 878 984 eo,
889 947 1015 987 quicum
1028 957 1099 977 con-

207 991 358 1027 traxisset,
375 990 551 1027 recessisset,
568 995 597 1020 et
614 989 653 1019 ad
668 989 821 1020 haeredem
830 989 1022 1030 pervenisset,
1038 1000 1099 1021 non

208 1033 371 1070 haeredem,
388 1043 457 1063 cum
481 1033 617 1074 primum
639 1032 771 1069 vidisset,
787 1033 944 1063 certiorem
963 1033 1098 1064 faceret?

208 1077 376 1118 appellaret
387 1077 401 1105 P
424 1076 573 1106 rationem
588 1075 730 1106 afferret?
754 1076 778 1106 si
793 1076 867 1116 quid
882 1076 914 1106 in
929 1082 1099 1107 controver-

209 1121 286 1150 siam
303 1120 427 1155 veniret,
444 1126 497 1149 aut
511 1119 591 1149 intra
606 1119 743 1159 parietes,
757 1125 810 1149 aut
821 1129 941 1149 summo
953 1120 1032 1158 jure,
1046 1130 1100 1150 ex-

209 1163 382 1204 periretur?
409 1162 521 1193 Itane?
546 1162 628 1203 quod
651 1162 706 1192 viri
728 1162 835 1202 optimi
857 1162 983 1200 faciunt,
1000 1162 1022 1192 ii
1044 1162 1099 1203 qui

209 1217 279 1237 suos
294 1206 480 1246 propinquos
496 1216 529 1235 ae
544 1205 722 1235 necessarios
738 1215 820 1235 caros
836 1211 865 1235 et
879 1205 1019 1235 honestos
1035 1216 1098 1236 esse

209 1255 302 1290 atque
317 1249 421 1279 haberi
437 1249 554 1286 volunt,
564 1248 595 1277 id
612 1249 682 1278 Sex.
700 1248 731 1278 N
735 1248 826 1278 aevius
842 1258 902 1277 non
912 1248 1031 1286 faceret,
1045 1248 1099 1289 qui
1119 1269 1121 1272 -

209 1302 307 1333 usque
319 1302 353 1322 eo
369 1292 463 1322 fervet
474 1292 629 1331 ferturque
644 1291 780 1329 avaritia,
792 1297 826 1321 ut
841 1291 877 1320 de
893 1291 953 1321 suis
965 1302 1100 1322 commo-
1114 1319 1118 1321 .

209 1335 256 1365 dis
268 1335 403 1376 aliquam
418 1341 536 1375 partem
551 1334 627 1364 nolit
644 1334 792 1371 amittere,
814 1344 852 1364 ne
874 1344 967 1374 quam
982 1340 1099 1375 partem

210 1379 282 1408 huic
297 1378 469 1419 propinquo
485 1388 538 1408 suo
553 1377 646 1407 ullius
661 1377 830 1407 ornamenti
845 1377 1020 1417 relinquat?
1057 1377 1101 1408 Et

211 1422 236 1451 is
258 1421 430 1462 pecuniam,
462 1421 485 1451 si
509 1431 570 1461 qua
594 1420 763 1457 deberetur,
793 1429 854 1450 non
884 1426 1008 1460 peteret,
1033 1420 1099 1461 qui,

211 1465 295 1505 quia,
312 1464 394 1504 quod
410 1464 547 1494 debitum
564 1473 723 1503 nunquam
740 1469 794 1499 est,
807 1463 838 1492 id
854 1462 961 1493 datum
973 1473 1033 1493 non
1044 1469 1099 1501 est,

211 1517 272 1537 non
287 1507 449 1548 pecuniam
464 1506 566 1543 modo,
578 1516 683 1536 verum
695 1506 786 1536 etiam
796 1506 927 1535 hominis
938 1506 1102 1547 propinqui

211 1550 391 1590 sanguinem
404 1550 569 1590 vitamque,
587 1549 699 1589 eripere
715 1555 839 1579 conatur
852 1551 865 1579 Ρ
891 1549 974 1579 Huic
989 1555 1022 1580 tu
1034 1559 1101 1579 mo-

211 1594 304 1624 lestus
317 1603 378 1623 esse
397 1593 533 1623 videlicet
548 1592 682 1629 noluisti,
699 1603 791 1632 quem
807 1602 887 1622 nunc
906 1592 1049 1632 respirare
1062 1592 1101 1622 li..

212 1638 282 1668 bere
295 1646 355 1666 non
368 1636 463 1666 sinis?
487 1636 592 1673 Quem
602 1645 682 1665 nunc
697 1635 862 1666 interficere
877 1635 988 1665 nefarie
1003 1635 1099 1676 cupis,

212 1690 284 1710 eum
307 1685 374 1709 tum
397 1679 545 1719 pudenter
566 1679 718 1719 appellare
740 1679 886 1709 nolebas?
922 1678 971 1708 Ita
991 1678 1098 1708 credo:

212 1722 370 1753 hominem
390 1722 609 1763 propinquum,
629 1721 674 1751 tui
696 1722 915 1757 observantem,
932 1720 1032 1751 virum
1046 1722 1100 1752 bo-

214 1774 303 1804 num,
329 1765 507 1807 pudentem,
531 1765 680 1805 majorem
703 1770 789 1803 natu,
811 1765 945 1802 nolebas,
970 1769 1024 1795 aut
1041 1773 1101 1796 non
