1181 1902
0 0 1181 22 ᾐ-

200 129 293 162 PRO
315 127 484 161 ROSCIO
505 127 741 160 AMERINO.
765 126 850 159 CAP.
863 128 916 159 50.
961 126 1004 159 83

114 220 189 255 erat,
205 216 419 257 annulumque
432 214 471 246 de
485 214 582 256 digito
601 225 705 254 suum,
725 214 781 246 tibi
801 213 945 251 tradidit3
969 214 1008 253 si,

116 269 154 290 ex
170 259 312 290 omnibus
327 261 428 296 rebus,
445 269 476 289 se
491 259 593 299 ipsum
608 258 739 296 nudum,
756 268 855 299 neque
866 263 1011 298 praeterea.

115 302 298 343 quidquam,
322 302 461 342 excepit3
489 308 524 332 ut
546 301 603 332 sibi
625 311 678 341 per
698 307 727 331 te
747 302 835 332 liceat
857 300 1011 331 innocenti

115 345 284 375 amicorum
300 346 408 386 opibus
425 345 519 375 vitam
534 345 566 374 in
582 350 712 384 egestate
728 344 844 385 degere.

159 388 197 418 L.
222 388 341 418 Praedia
355 399 424 418 mea
439 393 472 418 tu
488 388 642 430 possides;
667 398 722 428 ego
733 387 832 417 aliena
842 386 1011 418 misericor-

114 430 165 462 dja
189 432 276 462 vivo:
301 431 442 469 concedo,
467 438 497 462 et
523 431 605 472 quod
627 430 748 460 animus
775 441 880 471 aequus
903 436 958 467 est,
980 436 1010 460 et

115 475 189 515 quia
204 485 321 505 necesse
336 480 388 504 est.
414 474 490 504 Mea
504 474 613 504 domus
632 473 687 504 tibi
705 478 799 514 patet,
816 473 893 503 mihi
909 473 1011 504 clausa

115 525 181 548 est:
209 517 281 548 fero.
316 518 341 547 F
344 518 449 548 amilia
471 517 542 547 mea
567 516 705 547 maxima
725 517 840 552 uteris;
874 526 929 557 ego
949 527 1011 546 ser-

116 571 191 591 vum
206 561 302 591 habeo
314 561 436 591 nullum
448 572 456 590 :
480 560 590 601 patior,
603 566 633 590 et
643 559 802 590 ferendum
814 564 899 600 puto.
923 559 1010 597 Quid

116 603 161 634 vis
173 603 306 644 amplius
320 606 333 634 Ρ
357 604 433 644 quid
445 602 633 644 insequeris?
656 603 731 644 quid
742 612 901 643 oppugnas
910 602 925 631 P
947 602 1011 643 qua

115 646 149 676 in
164 657 196 676 re
211 653 297 677 tuam
317 647 506 678 voluntatem
528 646 599 676 laedi
619 657 638 676 a
660 656 711 676 me
736 652 825 686 putas
837 647 851 676 ?
874 645 928 678 ubi
950 645 1011 676 tuis

115 690 283 720 commodis
305 689 428 720 officio?
452 689 528 730 quid
552 689 609 720 tibi
634 688 743 719 obsto?
774 689 818 726 Si,
843 688 1010 729 spoliorum

115 733 217 769 causa,
234 733 278 763 vis
293 733 450 763 hominem
466 732 610 770 occidere,
627 732 772 773 spoliasti.
796 731 883 770 Quid
899 731 1010 772 quaeris

115 776 249 817 amplius
260 776 274 805 Ῥ
306 776 339 806 Si
359 773 588 806 inimicitiarum
602 786 611 811 3
636 786 706 816 quae
726 781 797 805 sunt
812 775 867 805 tibi
882 774 1014 805 inimici-

115 819 167 850 tiae
182 829 252 850 cum
268 829 314 857 eo,
331 820 418 859 cujus
434 825 504 849 ante
524 819 639 859 praedia
658 818 826 859 possedisti,
844 828 938 859 quam
964 817 1013 859 ip-

115 872 185 892 sum
201 862 336 903 cogansti
347 864 361 892 ?
389 862 444 893 Sin
459 862 590 898 metuis3
613 863 651 892 ab
667 872 741 892 eone
755 861 872 902 aliquid
887 861 1011 899 metuis,

115 916 209 946 quem
234 906 316 936 vides
341 905 444 946 ipsum
470 906 508 935 ab
534 915 596 936 sese
620 911 684 935 tam
708 910 839 935 atrocem
864 904 1011 944 injuriam

114 949 291 990 propulsare
306 959 367 979 non
383 959 469 989 posse
480 950 494 979 ἓ
527 948 593 986 Sin,
610 948 693 989 quod
713 949 803 987 bona,
821 958 891 988 quae
906 947 1012 977 Roscii

114 991 251 1030 fuerunt,
280 998 332 1022 tua
358 991 439 1022 facta
461 997 542 1029 sunt,
566 991 676 1022 idcirco
698 991 781 1022 hunc
805 991 887 1021 illius
911 990 1011 1020 filiurn

116 1034 218 1066 studes
234 1035 378 1076 perdere;
404 1045 505 1065 nonne
525 1035 668 1073 ostendis,
690 1034 721 1064 id
742 1041 772 1066 te
791 1034 898 1072 vereri,
915 1033 1010 1075 quod,

116 1084 226 1119 praeter
240 1084 371 1115 caeteros,
393 1084 428 1108 tu
448 1084 583 1108 metuere
604 1088 666 1108 non
687 1078 806 1116 debeas,
828 1087 867 1108 ne
887 1077 1012 1118 quando

115 1121 219 1152 liberis
234 1122 471 1162 proscriptorum
486 1122 567 1152 bona
583 1121 682 1162 patria
702 1121 891 1152 reddantur?
924 1119 1013 1150 Facis

115 1164 272 1204 injuriam,
301 1164 509 1205 Chrysogone,
535 1164 560 1195 si
585 1165 733 1204 majorem
760 1174 845 1205 spem
871 1163 1014 1194 emtionis

116 1212 178 1238 tuae
192 1208 224 1238 in
245 1208 338 1248 hujus
358 1208 450 1238 exitio
469 1207 568 1249 ponis,
585 1218 680 1250 quam
701 1208 733 1238 in
754 1208 802 1238 his
821 1208 923 1247 rebus,
936 1216 1014 1249 quas

117 1250 156 1281 L.
173 1251 261 1282 Sulla
275 1251 377 1292 gessit.

159 1293 254 1331 Quod
275 1295 301 1325 si
321 1294 377 1325 tibi
397 1305 486 1325 causa
508 1294 594 1325 nulla
614 1299 669 1330 est,
692 1304 746 1325 cur
762 1293 846 1325 hunc
865 1293 1013 1324 miserum

116 1337 201 1367 tanta
216 1338 388 1368 calamitate
403 1338 481 1368 affici
497 1338 590 1374 velis;
614 1338 640 1368 si
655 1337 710 1368 tibi
725 1338 829 1368 omnia
847 1348 912 1375 sua,
932 1347 1011 1377 prae-

116 1385 162 1410 ter
181 1381 329 1418 animam,
351 1381 487 1419 tradidit,
509 1391 564 1412 nec
579 1381 637 1412 sibi
651 1381 822 1422 quidquam
837 1386 1013 1422 paternum,

116 1432 155 1454 ne
174 1424 356 1454 monimenti
376 1424 503 1465 quidem
523 1425 625 1462 causa,
648 1424 832 1460 reservavit3
856 1434 911 1465 per
931 1422 1015 1453 Deos

116 1466 315 1507 immortales,
332 1478 401 1509 quae
416 1468 474 1498 ista
488 1473 574 1498 tanta
593 1467 754 1498 crudelitas
772 1469 841 1498 est?
866 1477 935 1507 quae
950 1472 1015 1496 tam

116 1509 181 1540 fera
198 1510 403 1552 immanisque
418 1516 528 1542 natura
539 1513 553 1542 ?
583 1511 662 1549 Quis
677 1520 816 1551 unquam
831 1509 934 1551 praedo
956 1509 1017 1539 fuit

116 1558 180 1583 tam
201 1554 345 1592 nefarius,
362 1554 431 1595 quis
446 1554 544 1596 pirata
559 1560 622 1585 tam
643 1555 802 1593 barbarus,
818 1559 865 1591 ut,
882 1563 953 1584 curn
968 1552 1017 1582 in-

117 1601 235 1637 tegram
250 1597 385 1638 praedam
400 1598 464 1628 sine
479 1598 627 1639 sanguine
641 1598 753 1628 habere
766 1602 876 1637 posset,
893 1599 1018 1627 cruenta

117 1640 213 1680 spolia
224 1640 380 1671 detrahere
390 1641 521 1673 mallet?
546 1641 610 1673 Scis
621 1641 704 1671 hunc
716 1640 790 1670 nihi]
804 1640 926 1678 habere,
940 1638 1018 1669 nihil

117 1683 240 1721 audere,
256 1684 334 1714 nihil
354 1694 451 1725 posse,
473 1685 551 1715 nihil
566 1694 706 1726 unquam
721 1689 824 1714 contra
845 1693 907 1713 rem
930 1688 1017 1713 tuam

117 1726 283 1766 cogitasse.
302 1733 332 1758 et
346 1734 448 1758 tamen
461 1739 621 1769 oppugnas
637 1738 721 1765 eum,
734 1737 827 1768 quem
843 1736 942 1767 neque
953 1735 1019 1755 me-

118 1774 203 1800 tuere
223 1776 319 1810 potes,
341 1781 440 1813 neque
460 1772 556 1803 odisse
577 1771 678 1809 debes,
701 1781 756 1801 nec
777 1769 947 1811 quidquam
963 1767 1020 1798 ha·-

119 1813 209 1844 bere
197 1824 264 1854 Jam
278 1814 388 1856 reliqui
403 1814 497 1856 vides,
514 1815 600 1858 quod
612 1815 640 1847 ei
654 1814 813 1847 detrahere
826 1813 942 1855 possis3
959 1810 1018 1842 nisi
