1181 1902
230 92 280 122 IN
304 91 501 123 VERREM
528 92 587 123 IV.
611 92 695 123 CAP.
719 93 748 123 4.
873 94 932 125 291

44 175 176 207 iunicitiis
191 176 365 218 respondeo.
397 178 452 208 An
470 183 504 208 tu
520 179 649 218 majores
672 178 749 210 ullas
764 178 938 210 inimicitias

43 225 133 259 putas
153 229 226 257 esse,
247 231 342 261 quam
357 222 521 252 contrarias
536 222 698 252 hominum
714 222 886 258 sententias,
904 232 938 253 ac

40 261 299 294 dissimilitudines
323 263 493 294 studiorum
519 271 549 295 et
571 265 790 295 voluntatum?
830 265 939 296 Fidem

42 305 262 336 sanctissimam
275 307 307 336 in
322 306 383 336 vitai
394 307 448 347 qui
462 313 562 348 putat,
575 314 672 348 potest
688 308 714 337 ei
725 318 786 338 non
796 308 938 339 inimicus

43 357 116 385 esse,
133 349 187 400 qui
196 356 327 389 quaestor
338 350 493 380 consulem
502 361 605 388 suum,
617 351 747 381 consiliis
759 351 938 388 commissis,

43 391 173 430 pecunia
188 392 310 430 tradita,
328 394 417 423 rebus
432 394 574 424 omnibus
590 394 720 429 creditis,
737 394 875 434 spoliare,
892 405 939 424 re-

42 433 190 474 linquere,
212 435 350 484 prodere,
371 446 559 477 oppugnare,
579 447 670 467 ausus
685 437 742 467 sit.
735 439 748 457 '³
782 437 937 467 Pudorem

43 483 74 506 et
97 477 275 517 pudicitiam
299 479 353 519 qui
377 479 460 517 colit,
487 486 586 520 potest
609 480 713 510 animo
737 490 825 520 aequo
850 480 938 510 istius

44 519 221 559 quotidiana
245 521 403 561 adulteria,
426 523 628 553 meretriciam
654 523 857 563 disciplinam,
884 523 939 553 do-

44 562 206 593 mesticum
220 564 417 601 lenocinium,
435 565 554 597 videre
547 568 560 587 ⁹
594 566 659 604 Qui
674 566 834 606 religiones
855 565 938 596 Deo-

45 615 115 635 rum
130 606 352 638 immortalium
362 608 488 639 retinerc
500 609 578 645 vult,
590 609 628 645 ei,
646 609 700 650 (1111
715 609 786 638 fana
802 609 940 649 spoliarit

44 649 159 697 omnia,
177 650 232 690 qui
247 660 284 680 ex
306 651 484 682 thensarum
505 652 609 682 orbitis
630 651 758 692 praedari
781 652 819 682 sit
833 662 937 689 ausus,

43 690 185 722 inimicus
200 702 261 723 non
273 703 336 724 esse
350 705 405 734 qui
421 697 540 734 potest?
565 694 655 732 Qui
644 705 715 733 Jure
730 705 818 735 aequo
832 705 937 726 omnes

43 740 132 774 putat
147 745 209 765 esse
224 741 372 776 oportere,
385 737 410 766 is
425 736 481 766 tibi
497 747 558 766 non
574 737 787 768 infestissimus
803 738 852 775 sit,
869 748 941 768 cum

41 777 153 817 cogitet
165 778 340 808 varietatem
351 778 574 828 libidinemque
586 779 776 810 decretorum
787 782 939 811 tuorum?

42 819 109 857 Qui
124 821 274 851 sociorum
288 821 418 861 injuriis,
435 822 721 863 provinciarumque
739 823 939 854 incommodis

43 862 155 901 doleat,
171 864 197 894 is
211 864 244 894 in
256 870 285 895 te
297 875 359 895 non
371 865 553 905 expilatione
565 866 661 903 Asiae,
674 866 833 896 vexatione
846 867 941 897 Pam-

43 905 168 946 phynee,
181 907 320 948 squalore
331 914 361 938 et
375 908 518 949 lacrymis
533 909 656 946 Siciliae,
667 909 850 939 concitetur?
874 909 940 948 Qui

41 949 156 980 civium
173 950 409 981 Romanorum'
397 961 468 990 Jura
479 962 513 982 30
524 951 694 982 libertatem
707 958 841 982 sanctam
857 953 940 993 apud

43 1002 150 1023 omnes
176 993 280 1024 haberi
295 994 378 1032 velit,
395 994 420 1024 is
442 1004 504 1025 11011
518 994 574 1025 tibi
589 995 659 1035 plus
675 995 767 1025 etiam
783 1005 877 1036 quam
892 996 940 1025 in-

44 1034 154 1066 imicus
169 1046 232 1067 esse
253 1036 371 1086 debeat,
397 1047 468 1067 cum
489 1043 543 1067 tua
565 1039 699 1076 verbera,
721 1048 792 1068 cum
811 1048 939 1075 secures,

43 1088 115 1108 cum
130 1089 231 1109 cruces
246 1079 285 1110 ad
309 1080 422 1110 civium
442 1081 656 1111 Romanorum
679 1081 828 1122 supplicia
850 1081 939 1120 fixas,

42 1121 237 1153 recordetur?
283 1123 349 1161 An,
375 1123 400 1154 si
423 1134 486 1165 qua
510 1124 543 1153 in
569 1134 602 1154 re
627 1130 731 1155 contra
748 1134 814 1154 rem
837 1134 939 1155 meam

44 1164 192 1195 decresset
225 1165 342 1207 aliquid
377 1167 502 1206 injuria,
534 1167 603 1206 jure
632 1177 683 1198 me
717 1167 744 1198 ei
778 1167 938 1198 inimicum

44 1217 106 1238 esse
129 1206 357 1250 [arbitrarere];
381 1220 453 1240 cum
470 1210 574 1240 omnia
598 1216 702 1241 contra
721 1210 862 1241 omnium
884 1212 938 1242 bo-

44 1259 154 1281 norum
169 1262 245 1289 rem,
271 1262 405 1290 causam,
428 1253 593 1302 rationem,
606 1254 781 1291 utilitatem,
798 1254 939 1284 volunta-

46 1299 170 1335 temque
190 1295 304 1334 fecerit,
321 1296 443 1337 quaeris,
460 1307 513 1327 cur
529 1297 556 1326 ei
571 1297 629 1327 sim
650 1297 803 1333 inimicus,
820 1297 869 1328 0111
883 1307 939 1338 po-

45 1337 138 1377 pulus
164 1338 325 1369 Romanus
348 1340 476 1370 infestus
502 1339 565 1371 sit?
600 1340 655 1381 qui
675 1340 843 1381 praesertim
868 1341 940 1381 plus

46 1380 150 1416 etiam,
167 1392 261 1422 quam
276 1392 346 1423 pars
361 1383 456 1413 virilis
470 1383 616 1423 postulat,
638 1393 693 1423 pro
714 1383 869 1414 voluntate
884 1393 939 1424 po-

46 1423 113 1463 puli
129 1424 274 1462 Romani,
291 1425 388 1456 oneris
403 1436 438 1456 ac
453 1426 588 1456 muneris
604 1426 753 1467 suscipere
767 1426 904 1457 debeam.

90 1466 152 1497 IV.
175 1466 289 1516 Quid?
312 1468 376 1507 illa,
398 1479 468 1509 quae
490 1469 604 1500 leviora
618 1469 759 1500 videntur
778 1480 852 1507 esse,
876 1480 937 1500 non

46 1510 180 1548 cujusvis
205 1510 345 1542 animum
364 1518 492 1553 possunt
511 1513 655 1543 movere?
678 1512 760 1553 quod
787 1512 826 1543 ad
852 1519 937 1543 tuam

44 1552 140 1593 ipsius
150 1553 326 1592 amicitiam,
333 1561 571 1596 caeterorumque
580 1556 742 1585 hominum
753 1565 937 1596 magnorum

46 1601 138 1636 atque
159 1596 321 1634 1101111111111,
345 1598 511 1629 faciliorem
532 1598 650 1629 aditum
670 1599 756 1629 istius
779 1599 871 1629 habet
886 1609 939 1630 ne-

45 1638 144 1678 quitia
158 1645 187 1670 et
198 1639 336 1679 audacia,
353 1651 447 1682 quam
459 1642 641 1682 cujusquam
650 1643 787 1672 nostrum
803 1642 898 1672 virtus
908 1648 938 1672 et

44 1681 225 1722 integritas?
254 1683 372 1715 Odistis
397 1685 560 1715 hominum
579 1694 729 1715 novorum
750 1684 934 1715 industrias:

44 1723 195 1765 despicitis
207 1736 313 1757 eorum
324 1726 548 1775 frugalitatem·
566 1727 714 1767 pudorem
726 1727 935 1758 contemnitis:

44 1766 203 1808 ingenium
218 1779 288 1800 vero
305 1774 335 1800 et
349 1770 494 1801 virtutem
512 1769 684 1811 depressam
696 1769 939 1811 exstinctamque
