1181 1902
253 63 303 95 IN
327 61 524 96 VERREM
548 63 608 95 IV.
631 64 715 96 CAP.
739 65 790 96 91.
899 65 962 100 377

80 158 173 184 tatem
191 160 328 192 pugnare
352 159 413 180 non
436 154 550 189 potero.
582 150 648 188 An,
675 161 745 181 cum
761 161 810 182 eos
831 160 890 180 non
906 160 961 191 po-

79 195 160 230 teris,
176 194 306 234 proferes
325 193 379 223 hos
394 197 534 227 recentes,
552 192 592 230 Q.
610 193 756 223 Catulum
771 199 900 234 patrem,
925 194 961 223 (ἓ.

80 237 230 274 Marium,
250 236 290 273 Q.
315 234 491 269 Scaevolan1‚
520 235 567 265 M.
594 238 753 273 Scaurum,
778 237 818 274 Q.
848 236 961 266 Metel-

76 281 154 317 lum,
171 279 225 320 qui
239 288 342 309 omnes
355 277 522 318 provincias
537 277 719 317 habuerunt,
732 285 761 309 et
772 279 961 309 frumentum

75 323 159 354 cellae
173 322 295 352 nomine
312 321 560 361 imperaverunt?
594 321 712 361 Magna
734 328 777 352 est
799 322 960 352 hominum

76 365 248 401 auctoritas,
265 370 293 394 et
309 369 403 400 tanta,
420 368 454 392 ut
470 362 560 392 etiam
576 363 677 394 delicti
692 365 894 405 suspicionem
917 371 960 394 te-

72 419 144 449 gere
156 408 258 449 possit.
281 407 352 437 Non
362 405 465 442 habes,
478 414 516 435 ne
531 416 568 435 ex
583 406 629 436 his
640 407 763 447 quidem
773 408 960 444 hominibus,

72 452 127 492 qui
137 461 232 491 nuper
240 450 373 486 fuerunt,
381 449 481 479 ullum
490 454 641 478 auctorem
649 449 734 480 istius
744 450 960 480 aestimationis.

73 495 146 532 Quo
165 504 216 524 me
232 493 335 533 igitur,
351 499 404 522 aut
419 491 456 521 ad
471 501 540 532 quae
555 502 639 522 exen
644 493 706 532 pla,
727 503 865 523 revocas
858 494 871 513 '³
905 493 960 523 Ab

75 537 135 567 iuis
149 536 333 572 hominibus,
351 535 405 576 qui
419 540 486 564 tum
501 535 609 564 versati
624 541 694 564 sunt
718 534 749 564 in
771 545 802 564 re
822 536 958 575 publica,

73 590 145 610 cum
160 585 190 609 et
204 578 312 619 optimi
326 588 424 608 mores
439 582 533 613 erant,
551 583 579 607 et
594 577 754 607 hominum
776 578 960 608 existimatio

73 622 172 663 gravis
194 622 373 658 habebatur,
395 626 423 650 et
435 619 550 659 judicia
564 630 665 650 severa
679 621 802 658 fiebant,
825 621 865 651 ad
881 621 960 651 hanc

72 665 233 695 hominum
247 664 399 694 licentiam
416 669 445 693 et
459 663 617 693 libidinem
633 673 682 693 me
697 663 844 693 abducis?
870 670 910 701 et,
927 663 959 693 in

69 718 147 749 quos
161 707 278 748 aliquid
293 706 425 747 exempli
439 706 570 746 populus
586 707 746 736 Romanus
761 706 851 736 statui
871 712 961 747 putat

68 757 215 792 oportere,
232 750 294 780 ab
286 750 322 780 115
334 756 367 779 tu
379 748 558 779 defensionis
570 749 710 789 exempla
725 749 853 790 quaeris.
844 749 858 778 ’ἒ
884 750 915 779 N
921 759 960 779 on

67 794 153 834 fugio
176 803 214 824 ne
237 793 292 823 hos
314 792 438 833 quidem
462 801 571 829 mores,
599 791 767 822 dummodo
786 802 823 822 ex
847 792 894 822 his
911 803 960 829 ea,

67 847 136 878 quae
151 838 258 877 probat
269 836 401 876 populus
411 835 571 865 Romanus
583 835 733 883 exempla,
750 845 810 865 non
828 845 872 871 ea,
887 846 962 876 quae

66 880 257 917 condemnat,
269 888 440 919 sequamur.
458 878 530 907 Non
541 878 791 918 circumspiciam
802 888 862 908 non
874 888 932 918 qu
923 889 964 908 εε-

66 933 132 952 ram
147 923 230 959 foris,
247 931 317 952 611111
334 922 445 951 habeas
457 920 588 959 judices,
605 921 756 961 principes
768 921 908 958 civitatis,
926 921 963 951 P.

66 965 241 1002 Servilium,
258 965 298 1003 Q.
316 963 464 995 Catulum
479 974 488 999 ;
512 963 566 1004 qui
581 964 665 994 tanta
681 963 858 993 auctoritate
875 969 962 1000 sunt,

67 1009 158 1038 tantis
173 1009 262 1038 rebus
284 1007 385 1048 gestis,
401 1013 436 1036 ut
453 1006 485 1035 in
507 1006 560 1036 illo
575 1006 770 1047 antiquorum
787 1013 816 1036 et
831 1006 962 1037 clarissi-

66 1061 187 1081 morum
202 1050 374 1087 hominum,
391 1049 428 1080 de
444 1049 555 1090 quibus
570 1055 658 1079 antea
676 1049 751 1086 dixi,
768 1059 897 1080 numero
912 1060 961 1080 re-

66 1100 228 1135 ponantur.
259 1093 413 1133 Exempla
435 1092 611 1133 quaerimus,
633 1098 663 1123 et
682 1103 718 1122 ea
737 1102 798 1122 non
819 1093 959 1133 antiqua.

67 1137 165 1167 Modo
174 1143 300 1177 uterque
309 1136 420 1166 horum
431 1135 596 1165 exercitum
605 1135 722 1165 habuit.
741 1135 864 1174 Quaere,
874 1135 960 1165 Hor-

66 1181 154 1217 tensi,
170 1180 315 1221 quoniam
335 1185 364 1209 te
386 1178 516 1208 recentia
533 1179 673 1219 exempla
694 1178 856 1216 delectant,
883 1178 959 1219 quid

67 1223 199 1253 fecerint.
224 1223 311 1253 Itane
327 1223 420 1252 vero?
446 1221 486 1259 Q.
505 1221 632 1251 Catulus
642 1221 796 1251 frumento
811 1228 856 1252 est
870 1232 956 1258 usus,

66 1266 227 1307 pecuniam
253 1275 313 1296 non
339 1264 444 1305 coegit³
478 1264 515 1294 P.
541 1264 685 1294 Servilius
708 1264 956 1304 quinquennium

66 1309 210 1339 exercitui
221 1319 291 1339 cum
303 1313 452 1348 praeesset,
466 1307 562 1337 6115ῖᾶ
576 1308 690 1337 ratione
698 1307 956 1337 innumerabilem

65 1352 226 1392 pecuniam
240 1352 337 1382 facere
358 1357 468 1391 posset,
492 1360 552 1380 non
578 1351 682 1380 statuit
706 1350 763 1380 sibi
784 1349 954 1390 quidquam

65 1395 164 1431 licere,
181 1395 263 1436 quod
277 1404 339 1424 non
354 1401 472 1434 patrem
488 1403 590 1431 suum,
603 1403 664 1423 non
677 1403 769 1423 avum
785 1392 825 1430 Q.
840 1393 953 1423 Metel-

65 1438 143 1474 lum,
155 1437 252 1468 facere
267 1437 398 1467 vidisset.
423 1436 457 1467 C.
475 1436 584 1467 Verres
595 1436 770 1476 reperietur,
787 1435 852 1476 qui,
869 1436 953 1476 quod

65 1481 217 1521 expediat,
228 1480 260 1510 id
275 1481 363 1511 licere
378 1480 476 1510 dicat.
469 1481 482 1500 ³
506 1479 589 1520 quod
598 1489 699 1516 nemo,
712 1478 770 1508 11151
781 1478 951 1519 improbus,

64 1523 177 1561 fecerit⁷
193 1523 225 1553 id
241 1523 369 1553 aliorum
385 1523 525 1563 exemplo
546 1532 577 1552 se
591 1521 695 1552 fecisse
709 1521 876 1552 defendat?
904 1522 953 1551 At

63 1566 96 1596 in
111 1566 214 1597 Sicilia
228 1566 399 1596 factitatum
414 1572 467 1596 est.

106 1609 196 1639 XCI.
220 1609 301 1647 Quae
325 1615 368 1639 est
391 1609 449 1639 ista
474 1607 605 1639 conditio
631 1607 768 1639 Siciliae?
792 1618 856 1645 cur,
880 1617 950 1648 quae

62 1652 178 1692 optimo
187 1653 266 1691 jure,
279 1658 401 1693 prepter
415 1658 613 1700 vetustatemz
622 1651 810 1699 fidelitavem3
826 1650 951 1691 propin-

62 1695 221 1736 quitatem,
238 1706 300 1726 esse
314 1695 415 1735 debet,
433 1695 506 1726 111116
525 1695 679 1736 praecipua
697 1694 770 1725 lex'
762 1693 882 1733 mjuriae
897 1692 951 1723 de-

640 1739 659 1756 ’
674 1746 696 1767 K
712 1738 732 1767 3
