1216 1907
268 100 361 133 PRO
384 101 421 132 P.
438 99 652 140 QUINTIO.
669 99 755 132 CAP.
770 100 802 131 8.
947 99 997 130 11·

90 186 169 218 dicio
183 186 353 218 defendere.
391 187 470 218 Haec
489 186 565 218 dum
581 186 692 217 Romae
706 191 866 228 geruntur,
882 185 987 225 Quin-

91 229 151 267 tius
162 229 288 268 interea,
301 236 406 262 contra
417 231 480 270 jus,
494 230 757 268 consuetudinem,
770 229 866 260 edicta
875 235 986 271 praeto-

90 275 172 311 rum,
189 273 226 304 de
242 274 320 304 saltu
336 284 470 315 agroque
485 273 655 312 communi,
672 284 691 303 a
705 273 797 304 servis
813 272 986 304 communi-

91 317 161 353 bus,
178 317 208 347 vi
222 316 402 347 detruditur.

135 359 215 391 VII.
239 359 404 398 Existima,
422 359 458 391 C.
482 358 616 401 Aquilli,
637 359 729 390 modo
745 364 774 390 et
788 359 905 390 ratione
920 369 987 389 om-

91 402 144 433 nia
159 402 269 434 Romae
284 403 431 434 Naevium
452 402 566 441 fecisse,
586 403 611 433 si
632 402 701 440 hoc,
718 402 802 444 quod
816 413 870 443 per
885 402 987 433 literas

91 446 178 477 istius
192 446 224 476 in
246 446 350 477 Gallia
367 452 488 487 gestum
511 452 566 483 est,
584 452 662 476 recte
684 454 777 487 atque
799 445 905 476 ordine
924 445 988 476 fac-

92 494 160 519 tum
189 489 317 519 videtur.
362 489 522 542 Expulsus
552 496 645 530 atque
673 490 786 528 ejectus
815 499 831 519 e
859 488 986 529 praedio,

92 531 251 573 Quintius,
282 533 405 573 accepta
428 532 541 573 insigni
570 532 695 572 injuria,
724 531 863 572 confugit
883 531 922 562 ad
949 532 987 562 C.

94 573 239 605 Flaccum
260 575 485 624 imperatorem,
503 575 557 617 qui
581 582 648 606 tum
671 580 734 606 erat
756 575 788 605 in
808 574 986 627 provincia}

93 628 198 659 quem,
210 624 246 648 ut
260 619 354 659 ipsius
370 618 501 660 dignitas
516 619 623 659 poscit,
639 618 762 649 honoris
777 618 875 658 gratia
890 617 990 648 norni-

93 671 143 691 n0.
168 661 201 692 Is
216 672 283 692 eam
299 672 364 692 rem
383 672 477 703 quam
493 662 686 692 vehementer
701 661 916 692 vindicandam
931 671 991 702 pu-

94 703 176 741 tarit,
193 715 230 735 ex
246 704 371 735 decretis
386 706 452 745 ejus
466 705 601 746 poteritis
614 715 800 745 cognoscere.

135 747 300 789 Alphenus
311 748 425 778 interea
436 749 545 779 Romae
555 759 625 779 eum
638 748 695 778 isto
705 748 871 788 gladiatore
886 746 989 778 vetulo

93 790 228 832 quotidie
242 793 409 832 pugnabat.
433 792 587 822 Utebatur
601 792 716 832 populo
729 801 799 821 sane
815 801 880 829 suo,
897 801 990 832 prop-

93 840 185 870 terea,
199 834 281 875 quod
298 833 386 876 [iste]
404 841 495 875 caput
516 841 617 876 petere
639 844 700 864 non
723 834 887 864 desinebat.
927 834 991 864 Iste

93 877 278 918 postulabat,
295 884 330 908 ut
344 884 520 919 procurator
532 878 703 917 judicatum
726 878 801 908 solvi
824 877 990 907 satisdaret.

94 921 197 961 Negat
212 920 389 961 Alphenus,
401 932 525 962 aequum
538 932 611 957 esse,
628 928 854 962 procuratorem
865 920 991 950 satisda-

93 973 136 1001 re,
156 963 239 1004 quod
254 974 322 994 reus
343 964 486 994 satisdare
510 974 571 994 uon
586 964 718 1001 deberet,
736 964 761 994 si
776 964 840 1004 ipse
863 963 988 994 adesset.

93 1007 303 1048 Appellantur
314 1007 430 1037 tribuni
441 1019 450 1043 3
468 1018 486 1037 a
495 1008 607 1048 quibus
618 1017 689 1038 cum
699 1014 774 1037 esset
786 1013 902 1037 certum
913 1017 991 1036 aux-

93 1050 183 1079 ilium
198 1050 341 1091 petitum,
357 1050 400 1080 ita
415 1056 517 1081 tamen
539 1051 712 1087 disceditur,
734 1056 769 1080 ut
789 1050 890 1080 idibus
915 1049 991 1090 Sep-

93 1093 262 1124 tembribus
284 1093 320 1123 P.
335 1093 501 1132 Quintium
517 1094 581 1125 sisti
596 1096 666 1125 Sex.
682 1094 847 1134 Alphenus
862 1093 992 1134 promit-

93 1142 177 1167 teret.

138 1179 239 1210 VIII.
274 1179 370 1210 Venit
400 1180 537 1210 Romam
569 1180 718 1218 Quintius
731 1192 739 1210 ι
779 1179 990 1210 vadimonium

95 1221 181 1253 sistit.
227 1223 301 1261 Iste,
331 1224 425 1254 homo
451 1223 626 1261 acerrimus,
652 1225 803 1254 bonorum
829 1233 991 1264 possessor,

95 1266 251 1307 expulsor,
267 1272 395 1307 ereptor,
413 1277 529 1296 annum
545 1272 575 1297 et
589 1277 642 1297 sex
664 1277 783 1297 menses
798 1266 876 1296 nihil
893 1266 970 1307 petit
980 1277 990 1295 :

96 1309 243 1350 quiescit:
268 1309 492 1340 conditionibus
514 1309 608 1347 hunc,
628 1310 729 1350 quoad
751 1315 860 1350 potest,
877 1309 992 1350 produ-

96 1351 157 1382 cit:
182 1363 200 1383 a
216 1352 272 1383 Cn.
297 1352 461 1383 Dolabella
484 1353 615 1394 denique
637 1359 765 1393 praetore
787 1353 932 1393 postulat,
954 1357 991 1382 ut

97 1395 154 1426 sibi
177 1395 325 1434 Quintius
345 1396 519 1436 judicatum
541 1396 651 1426 solw'e
639 1403 695 1426 sxat
687 1396 772 1433 sdet,
790 1406 827 1426 ex
843 1395 989 1444 formula,

98 1440 120 1456 “
137 1439 220 1480 quod
234 1440 273 1469 ab
289 1449 324 1469 eo
345 1445 440 1480 petat,
457 1441 555 1479 cujus,
572 1450 610 1469 ex
631 1439 728 1469 edicto
742 1439 890 1480 praetoris,
911 1440 992 1468 bona.

96 1481 160 1512 dies
175 1481 275 1512 XXX
290 1492 426 1522 possessa
441 1483 509 1513 sint.
513 1483 533 1496 '’
567 1483 642 1513 Non
657 1483 814 1513 recusabat
829 1481 990 1519 Quintius,

96 1525 172 1566 quin
187 1525 230 1555 ita
245 1525 387 1556 satisdare
400 1527 532 1565 juberet,
553 1526 576 1556 si
591 1527 671 1556 bona
686 1536 819 1566 possessa
834 1530 932 1555 essent
953 1534 992 1554 ex

96 1567 202 1599 edicto.
227 1568 390 1599 Decernit:
416 1580 510 1610 quam
527 1579 662 1610 aequum,
679 1569 757 1598 nihil
778 1568 866 1598 dico:
891 1577 991 1597 unum

96 1610 154 1643 hoc
179 1611 257 1649 dico,
284 1621 421 1642 novum:
446 1620 476 1643 et
498 1613 554 1642 hoc
577 1613 679 1653 ipsum
702 1612 829 1642 tacuisse
851 1611 990 1649 mallem,

98 1654 244 1696 quoniam
267 1661 434 1696 utrumque
456 1655 555 1697 quivis
570 1655 738 1696 intelligere
752 1654 907 1696 potuisset.
930 1654 993 1684 Ju-

98 1698 150 1728 bet
166 1697 202 1727 P.
225 1697 392 1736 Quintium
411 1699 604 1740 sponsionem
625 1709 696 1729 cum
719 1700 790 1730 Sex.
815 1698 924 1728 Naevio
946 1697 993 1727 fa-

97 1749 174 1779 cere,
193 1739 262 1780 [aut
284 1741 439 1791 satisdare,
467 1744 490 1760 ‘⁶
506 1742 556 1784 si]
579 1744 661 1773 bona
682 1753 748 1781 sua,
772 1752 811 1773 ex
833 1741 930 1772 edicto
953 1740 992 1770 P.

98 1782 241 1816 Burrieni
255 1785 403 1826 praetoris,
418 1785 482 1817 dies
496 1785 598 1817 XXX
613 1796 749 1828 possessa
763 1790 871 1817 essent·
875 1784 896 1799 ''
930 1783 993 1815 Re-
