1181 1902
226 126 278 157 IN
301 124 501 157 VERREM
526 124 587 156 IV.
611 124 696 156 CAP.
716 125 766 160 12.
884 124 947 157 2³9

54 213 160 243 liarem
184 222 274 243 suum
287 214 301 243 Ρ
334 212 454 243 venient
479 212 654 252 Syracusas,
682 217 728 246 ut,
759 216 790 241 te
818 216 948 252 praetore

56 256 205 293 videlicet,
222 266 310 296 aequo
327 254 339 294 [
347 256 444 295 jure],
461 255 649 295 Apronium,
669 254 790 285 delicias
805 264 840 284 ac
855 254 950 284 vitam

56 304 153 336 tuam,
167 299 283 338 judicio
297 298 517 338 recuperatorio
532 304 752 338 persequantur
765 299 779 328 ἶ)

98 342 217 372 Verum
233 348 295 372 esto
309 353 316 371 :
342 341 506 381 reperietur
521 341 631 381 aliquis
646 341 732 371 fortis
747 347 777 370 et
792 340 949 380 experiens

55 391 166 421 arator,
183 385 248 426 qui,
259 394 330 415 cum
346 390 465 414 tantum
478 383 592 413 dederit
604 384 784 421 decumano,
796 389 948 424 quantum

58 428 111 458 ille
126 428 229 458 deberi
244 427 366 465 dixerit,
380 426 496 466 judicio
508 432 634 467 repetat,
656 432 685 457 et
700 436 821 466 poenam
837 426 953 467 octupli

56 478 262 512 persequatur.
287 470 441 511 Exspecto
460 469 522 499 vim
541 469 642 505 edicti,
663 469 852 499 severitatem
873 480 951 510 prae-

56 514 148 544 toris:
172 514 258 552 faveo
282 513 413 549 aratori;
438 513 527 554 cupio
549 512 665 553 octupli
686 512 825 542 damnari
846 512 951 553 Apro-

55 557 153 588 nium.
177 556 264 595 Quid
286 556 409 587 tandem
424 556 558 596 postulat
577 557 701 586 arator?
725 555 814 592 nihil,
836 555 893 585 nisi
913 566 951 586 ex

56 600 152 631 edicto
164 600 316 640 judicium
336 600 368 629 in
387 600 556 640 octuplum.
580 599 666 637 Quid
681 598 865 638 Apronius?
889 608 951 628 non

57 650 183 674 recusat.
208 643 294 681 Quid
318 642 452 684 praetor‘?
472 643 560 681 jubet
577 647 798 682 recuperatores
817 641 948 680 rejicere.

57 686 205 717 Decurias
220 687 396 717 scribamus.
421 685 508 723 Quas
517 685 654 716 decurias
664 687 678 715 ?
702 684 739 714 de
751 684 872 715 cohorte
881 685 951 714 mea

56 730 182 769 rejicies,
193 730 303 771 inquit.
327 729 414 767 Quid
422 729 436 757 ?
459 729 517 759 ista
527 728 632 759 cohors
644 737 776 768 quorum
786 727 950 758 hominum

57 779 101 802 est
114 775 128 804 ?
153 773 273 804 Volusii
283 772 462 813 haruspicis,
474 778 503 802 et
518 771 651 802 Cornelii
662 770 784 807 medici,
798 776 827 801 et
837 771 950 801 horum

58 825 181 852 canum,
195 826 271 857 quos
286 815 421 846 tribunal
434 825 538 845 meum
553 814 637 844 vides
648 815 792 844 lambere.
818 814 903 844 Nam
913 814 951 844 de

57 866 208 889 conventu
232 860 355 889 nullum
374 869 513 899 unquam
535 857 670 898 judicem
686 867 741 887 nec
761 863 951 898 recuperato-

59 912 124 932 rem
147 902 230 933 dedit
243 914 251 933 :
276 902 396 943 iniquos
423 901 599 932 decumanis
626 911 688 931 esse
712 900 811 930 aiebat
835 910 951 937 omnes,

59 946 115 986 qui
129 946 227 976 ullam
243 945 308 986 agri
324 946 446 986 glebam
462 944 658 986 possiderent.
682 943 880 974 veniendum
890 949 954 973 erat

59 988 97 1018 ad
113 999 162 1019 eos
183 995 287 1019 contra
300 988 489 1029 Apronium,
507 987 561 1028 qui
581 986 719 1017 nondum
738 986 831 1017 etiam
848 987 954 1028 Apro-

60 1031 144 1062 niani
159 1032 289 1062 convivii
304 1031 462 1072 crapulam
478 1030 679 1061 exhalassent.

103 1075 186 1105 XII.
210 1075 240 1106 Ο
269 1075 450 1116 praeclarum
480 1079 510 1104 et
539 1071 843 1103 commemorandum
870 1072 954 1112 judi-

59 1118 142 1148 cium
155 1118 162 1148 !
188 1128 206 1149 0
221 1128 359 1149 severum
374 1117 507 1148 edictum
520 1117 528 1147 ἱ
553 1126 571 1146 o
583 1122 686 1146 tutum
701 1115 878 1156 perfugium
889 1126 956 1146 ara-

60 1168 161 1193 vorum
175 1161 182 1191 !

103 1207 222 1245 Atque,
241 1210 277 1234 ut
299 1203 486 1244 intelligatis,
512 1201 684 1242 cujusmodi
704 1201 762 1232 ista
783 1201 899 1241 judicia
921 1201 954 1232 in

60 1248 230 1288 octuplum,
247 1247 419 1287 cujusmodi
434 1246 521 1277 istius
536 1246 574 1276 de
594 1245 716 1276 cohorte
731 1251 954 1285 recuperatores

60 1291 225 1322 existimati
237 1290 317 1326 sint;
342 1290 383 1320 sic
398 1289 553 1320 attendite.
578 1288 719 1329 Ecquem
734 1288 848 1329 putatis
863 1288 955 1318 decu-

60 1344 200 1372 manum,
216 1334 273 1364 hac
288 1333 410 1364 licentia
420 1332 579 1374 permissa,
589 1337 625 1362 ut
639 1338 761 1361 tantum
771 1332 809 1361 ab
825 1338 953 1369 aratore,

61 1383 213 1418 quantum
224 1377 416 1418 poposcisset,
429 1376 570 1412 auferret,
583 1375 665 1416 pluS,
676 1385 770 1416 quam
782 1374 953 1413 deberetur,

59 1421 253 1461 poposcisse?
278 1419 474 1450 Considerate
496 1429 566 1449 cum
582 1417 687 1448 vestris
711 1417 821 1447 animis
837 1424 953 1448 vosmet

61 1464 130 1504 ipsi,
147 1474 274 1505 ecquem
288 1463 413 1505 putetis,
435 1462 602 1503 praesertim
618 1471 688 1491 cum
704 1460 747 1497 id,
767 1470 828 1490 non
852 1461 952 1491 solum

61 1507 197 1544 avaritia,
214 1507 266 1537 sed
281 1507 372 1537 etiam
390 1504 642 1546 [imprudenfiffl
663 1504 796 1534 accidere
810 1504 953 1544 potuerit.

63 1550 183 1580 Multos
193 1560 310 1580 necesse
322 1555 374 1580 est.
398 1550 445 1579 At
456 1558 512 1588 ego
521 1557 626 1578 omnes
638 1547 704 1577 dico
714 1547 795 1587 plus,
809 1557 843 1577 ac
854 1547 954 1577 multo

61 1593 144 1634 plus,
166 1603 261 1634 quam
284 1593 438 1629 decumas,
462 1591 629 1621 abstulisse.
653 1590 737 1620 Cedo
759 1589 837 1619 mihi
854 1600 954 1620 unum

62 1646 100 1666 ex
116 1636 245 1667 triennio
268 1642 408 1677 praeturae
423 1641 496 1672 tuae,
518 1634 572 1675 qui
587 1633 701 1674 octupli
720 1632 883 1662 damnatus
905 1633 953 1663 sit.

63 1678 238 1709 Damnatus
251 1681 265 1710 ἶ)
288 1679 385 1709 immo
400 1688 481 1715 ver0,
494 1677 526 1707 in
539 1687 631 1718 quern
644 1676 796 1716 judicium
808 1686 846 1706 ex
858 1676 955 1706 edicto

63 1728 118 1752 tuo
139 1723 330 1763 postulatum
354 1722 400 1752 sit.
426 1722 528 1752 Nemo
549 1725 612 1750 erat
632 1719 771 1749 videlicet
789 1725 956 1756 aratorum,

65 1765 119 1806 qui
139 1765 285 1805 injuriam
303 1765 361 1796 sibi
376 1765 489 1795 factam
510 1763 597 1804 queri
614 1768 733 1803 posset:
759 1772 849 1792 nemo
868 1762 960 1793 decu-

64 1817 240 1847 manorum,
256 1809 312 1850 qui
326 1818 421 1849 grano
436 1807 570 1848 amplius
585 1806 654 1844 sibi,
675 1816 769 1847 quam
785 1805 958 1842 deberetur,

1162 603 1181 849 ‘umm-
1162 395 1181 584 ‘V‘q'g

1161 1389 1181 1638 „Wfff
1162 1145 1181 1377 “’ἾὟᾸῆἯ”
1164 1119 1171 1133 ¹⁷
1164 1064 1181 1104 7³³
1163 872 1181 1057 ffffl'·

1161 1659 1181 1709 ξε...

1160 1738 1181 1902 rum-³⁴
1169 1717 1180 1728 π.
