1181 1902
287 81 340 113 IN
366 81 563 114 VERREM
588 81 655 113 ΙΙΙ.
680 81 764 112 ΟΑΡ.
780 82 833 112 21.
942 82 1008 112 233

116 167 322 209 reliquerunt:
347 178 427 199 unus
440 168 559 209 legatus
574 168 611 198 P.
628 167 757 205 Tadius,
779 168 834 209 qui
854 173 918 198 erat
937 167 1009 198 reli-

117 221 208 252 quus,
231 221 291 241 non
315 212 358 242 ita
380 212 515 242 multum
540 218 640 242 tecum
664 211 742 242 fuit:
768 211 822 252 qui
846 211 871 241 si
891 221 1010 251 semper

116 253 179 284 una
189 254 308 303 fuisset,
322 261 424 285 tamen
440 255 562 285 summa
578 254 649 285 cura
664 261 730 284 tum
743 260 815 292 tuae,
832 260 898 284 tum
911 254 1010 284 multo

116 297 206 327 etiam
226 298 324 338 magis
339 308 412 335 suae,
428 297 519 328 famae
533 297 721 338 pepercisset.
754 297 840 335 Quid
856 303 910 333 est,
927 297 1010 338 quod

115 345 148 370 tu
162 340 236 370 alios
247 342 390 371 accuses?
407 341 481 382 quid
493 348 548 379 est,
565 351 616 381 qu
609 342 764 371 ⁷imobrem
776 347 864 382 putes
880 347 908 370 te
924 346 1009 370 tuam

116 383 239 424 culpam
255 393 316 414 non
331 384 422 414 modo
437 384 594 414 derivare·
587 394 618 413 111
635 384 781 424 aliquem,
804 383 855 414 sed
871 393 1010 414 comnm-

116 426 216 457 nicare
231 437 302 457 cum
317 427 422 464 altero,
439 429 550 468 posse?
584 427 797 457 Numerantur
811 427 864 456 illa
880 426 936 457 HS
953 426 1011 456 du-

116 476 203 500 centa
214 470 438 511 quinquaginta
453 470 658 511 Syracusanis.
682 470 730 500 Ea
746 469 1009 510 quemadmodum

116 512 156 543 ad
170 513 263 543 istum
284 520 387 554 postea
406 524 460 554 per
480 513 722 554 pseudothyrum
742 518 942 550 revertantur,
964 518 1011 543 ta-

115 556 196 587 bulis
211 556 294 586 vobis
310 562 339 586 et
354 557 492 593 testibus,
505 557 634 596 judices,
651 557 779 597 planum
794 555 914 585 faciam.

159 599 256 630 XXI.
279 600 331 630 Ex
346 599 403 630 hac
418 599 578 641 iniquitate
592 600 679 630 istius
695 605 724 629 et
739 599 945 639 improbitate,
959 599 1011 638 ju-

116 641 208 679 dices,
225 642 307 683 quod
322 643 425 683 praeda
446 654 484 673 ex
501 643 562 673 illis
586 643 673 678 bonis
693 642 732 673 ad
753 642 865 672 multos
881 642 1012 682 Syracu-

116 695 214 723 sanos,
230 686 325 716 invito
340 687 455 727 populo
470 692 637 727 senatuque
653 686 854 727 Syracusano,
876 691 1009 722 venerat,

115 734 146 759 et
159 729 213 759 illa
228 729 339 759 scelera
350 739 403 770 per
418 729 677 765 Theomnastum,
695 735 724 759 et
734 728 959 766 AEschrionem,
981 734 1011 758 et

115 771 378 812 Dionysodorum,
400 778 429 803 et
445 772 654 810 Cleomenem,
678 771 858 802 invitissima
879 771 1009 809 civitate,

115 814 194 845 facta
209 821 290 853 sunt,
313 815 450 856 primum
465 821 499 846 ut
514 817 586 846 urbs
601 821 664 846 tota
679 815 858 856 spoliaretur
878 814 955 855 (qua
973 814 1011 845 de

115 868 158 895 re,
175 858 252 889 alius
267 858 344 888 mihi
358 859 442 890 locus
457 859 497 889 ad
511 858 675 889 dicendum
690 865 734 889 est
745 858 958 895 constitutus);
977 864 1011 888 ut

114 901 219 932 omnia
243 902 329 942 signa
348 902 404 932 iste
427 913 481 943 per
505 912 554 933 eos
573 902 722 940 homines,
745 912 821 942 quos
841 900 1009 939 nominavi,

114 955 206 975 omne
222 947 296 975 ebur
312 955 349 975 ex
365 945 481 976 aedibus
496 946 597 983 sacris,
619 955 724 976 omnes
739 944 875 986 undique
891 944 1010 975 tabulas

115 988 221 1028 pictas,
238 988 377 1018 Deorum
392 988 524 1030 denique
545 989 716 1026 simulacra,
739 999 809 1029 quae
829 987 930 1025 vellet,
955 997 1011 1017 au-

113 1031 225 1066 ferret;
250 1031 358 1062 deinde
382 1038 417 1062 ut
439 1032 472 1061 in
496 1032 580 1062 curia
604 1032 771 1073 Syracusis,
794 1041 887 1073 quem
907 1031 1009 1060 locum

113 1073 160 1104 illi
175 1076 394 1104 Buleuterz'mn
407 1081 525 1110 vocant,
547 1075 757 1106 honestissimo
777 1075 854 1111 loco,
877 1079 906 1104 et
927 1073 1009 1114 apud

114 1116 183 1148 illos
207 1118 384 1154 clarissimo,
408 1119 463 1149 ubi
487 1118 569 1148 illius
593 1119 687 1159 ipsius
706 1118 755 1148 M.
773 1117 916 1148 Marcelli
943 1116 1010 1157 (qui

115 1170 186 1190 eum
203 1161 399 1201 Syracusanis
418 1162 533 1199 locum,
559 1172 649 1203 quem
673 1161 786 1202 eripere
807 1161 880 1191 beui
898 1170 932 1190 ac
947 1160 1008 1189 vic-

114 1204 199 1234 toriae
219 1204 286 1244 lege
305 1211 417 1245 posset,
439 1205 626 1235 conservavit
646 1210 676 1235 et
696 1204 840 1241 reddidit)
857 1209 955 1234 statua
970 1212 1008 1232 ex

114 1257 172 1277 aere
195 1247 295 1283 facta;
319 1247 363 1278 ibi
385 1248 558 1278 inauratam
577 1248 638 1285 isti,
661 1254 691 1278 et
710 1248 837 1278 alteram
858 1246 931 1282 filio,
947 1251 1006 1276 sta-

113 1296 200 1320 tuam
223 1291 398 1331 posuerint,
422 1297 469 1328 ut,
496 1292 572 1321 dum
596 1291 682 1321 istius
705 1290 837 1320 hominis
861 1288 1007 1319 memoria

113 1340 261 1382 maneret,
285 1341 406 1364 senatus
421 1335 640 1375 Syracusanus,
662 1334 726 1364 sine
745 1332 886 1374 lacrymis
906 1337 935 1362 et
954 1342 1007 1372 ge-

114 1377 204 1414 mitu,
221 1376 253 1406 in
269 1377 353 1407 curia
369 1388 431 1408 esse
446 1388 508 1408 non
523 1383 633 1419 posset.

159 1419 219 1450 Per
230 1420 374 1451 eosdem
365 1421 452 1451 lstius
467 1421 662 1461 injuriarum,
679 1420 842 1457 furtorum,
859 1427 1006 1449 uxorum-

115 1473 175 1503 que
199 1463 303 1500 socios,
328 1464 415 1494 istius
435 1464 564 1512 imperio
585 1463 740 1512 Syracusis
764 1462 929 1493 Mameuea
949 1460 1006 1490 tol-

114 1505 222 1536 luntur
235 1507 373 1537 maximo
387 1507 504 1548 gemitu
520 1508 667 1548 luctuque
682 1506 830 1541 civitatis;
854 1514 945 1546 quem
960 1503 1005 1533 1111

113 1548 195 1580 diem
219 1549 331 1580 festum
355 1561 427 1581 cum
450 1551 620 1581 recentibus
639 1549 792 1580 beneflciis
813 1550 847 1579 C.
864 1547 1006 1578 Marcelli

114 1592 252 1623 debitum
282 1593 458 1631 reddebant,
486 1599 554 1624 tum
584 1593 698 1634 generi,
728 1592 856 1629 nomini,
883 1589 1006 1620 familiae

114 1635 346 1674 Marcellorum,
362 1637 499 1667 maxima
511 1637 666 1668 voluntate
676 1635 856 1666 tribuebant.
881 1633 1006 1664 Mithri-

113 1679 133 1708 d
135 1685 197 1709 ates
212 1679 243 1709 in
259 1680 349 1718 Asia,
366 1690 437 1710 cum
453 1690 521 1710 eam
541 1679 729 1721 provinciam
750 1685 844 1709 totam
864 1686 1005 1716 occupas-

113 1728 169 1759 set,
186 1722 295 1753 Mucia
309 1733 371 1753 non
386 1723 518 1754 sustulit.
543 1723 662 1762 Hostis,
685 1728 713 1753 et
734 1721 849 1753 hostis*
841 1731 873 1751 m
894 1719 1005 1751 caeteris

114 1766 204 1796 rebus
224 1765 316 1797 nimis
335 1766 418 1798 ferus
438 1772 468 1797 et
487 1766 643 1805 immanis,
665 1771 768 1796 tamen
787 1765 932 1796 honorem
953 1762 1006 1792 ho-

686 1818 708 1839 x
733 1810 753 1837 3
