1181 1902
274 68 324 100 IN
349 70 542 101 VERREM
569 70 609 101 V.
634 70 718 100 CAP.
735 71 784 100 63.
916 69 979 104 447

89 154 135 184 rifi
157 154 288 195 positum
310 156 535 186 monimentum
557 156 715 194 scelerum,
738 165 796 186 non
820 154 980 186 beneficio·

91 207 173 234 rum,
190 197 348 228 videretur.
373 199 459 230 Tum
478 209 532 240 pro
554 209 585 229 se
608 199 747 240 quisque,
767 204 918 239 quantum
932 197 980 228 di-

91 240 186 270 cendo
211 241 329 282 assequi
352 248 479 282 poterat,
505 241 610 273 docere
633 252 683 272 me
708 242 807 281 coepit,
839 251 884 279 ea,
910 251 979 281 quae

90 283 183 322 paulo
202 289 272 314 ante
292 284 548 314 commemoravi:
579 284 740 325 spoliatam
762 285 880 321 urbem,
908 284 980 314 fana

91 325 208 366 (lirepta
220 337 230 363 ;
264 336 302 356 ex
327 326 462 357 Heraclii
489 327 674 363 haereditate,
700 337 793 368 quam
810 326 980 367 palaestritis

91 369 291 406 concessisset,
308 369 406 399 multo
430 369 599 399 maximam
620 376 738 410 partem
759 370 858 410 ipsum
876 371 980 399 abstu-

91 410 182 446 lisse3
208 422 306 452 neque
328 412 545 452 postulandum
560 412 662 449 fuisse,
680 418 715 442 ut
729 412 780 442 ille
802 411 980 452 palaestritas

90 453 238 493 diligeret,
252 454 306 495 qui
315 455 406 485 etiam
416 455 602 485 inventorem
613 455 671 484 olei
682 455 784 485 Deum
796 455 979 490 sustulisset;

89 505 188 536 neque
203 497 288 527 illam
304 503 436 527 statuam
454 508 517 528 esse
532 508 569 528 ex
585 498 713 538 pecuniis
728 496 861 538 publicai,
882 507 981 538 neque

89 539 210 579 publice
224 540 350 576 ‹latam3
374 540 425 570 sed
445 551 505 577 eos,
527 541 581 581 qui
600 540 782 570 haereditatis
804 540 982 580 diripiendae

89 582 249 623 participes
258 583 396 620 fuissent,
406 583 574 613 faciendam
584 583 837 624 statuendamque
844 583 980 619 curasse3

89 624 210 655 eosdem
231 626 340 656 Roniae
355 625 446 656 fuisse
460 626 585 666 legatos,
602 626 684 656 illius
699 626 851 665 adjutores
866 625 982 666 impro-

90 667 204 705 bitatis,
234 668 327 698 socios
351 668 514 707 furtorum,
545 669 676 700 conscios
706 668 909 709 flagitiorum:
946 678 981 698 eo

88 710 191 741 minus
202 711 306 741 mirari
316 721 367 741 me
381 721 528 752 oportere,
545 712 569 742 si
584 712 630 742 illi
641 711 796 742 communi
810 711 980 752 legatorum

90 753 250 792 voluntati,
267 760 296 784 et
311 754 401 787 saluti
413 755 534 793 Siciliae,
550 755 724 785 defuissent.

131 796 230 827 LXH
238 797 262 827 Ι.
287 797 350 828 Ubi
360 807 465 828 eorum
476 798 611 828 dolorem
627 808 664 828 ex
676 798 757 829 illius
769 796 900 837 injuriis,
917 807 978 828 non

87 839 178 870 niodo
193 849 254 870 non
269 839 430 878 minorem,
455 840 507 871 sed
524 851 618 882 prope
631 842 790 880 majorem,
807 851 902 881 quam
922 850 979 872 cae-

88 888 222 912 ter-orum
245 882 430 921 Siculorum,
455 894 517 914 esse
536 884 682 923 cognovi;
707 889 773 914 tum
797 894 852 924 ego
874 893 979 913 meum

88 924 227 955 animum
249 926 281 955 in
300 926 378 963 illos,
401 933 468 956 tum
489 926 549 957 mei
567 926 684 957 consilii
698 926 872 968 negotiique
889 925 981 956 totius

88 968 218 1009 suscepti
229 979 351 999 causam
367 966 575 1010 rationemque
583 970 744 1010 proposui:
769 976 836 1000 tum
849 979 897 999 eos
909 969 980 999 hor-

87 1016 168 1043 tatus
183 1021 263 1048 sum,
276 1018 312 1041 ut
326 1022 425 1042 causae
435 1013 590 1043 communi
602 1013 753 1053 salutique
768 1022 805 1042 ne
817 1012 953 1042 deessent
967 1022 977 1048 ;

88 1059 122 1083 ut
137 1053 222 1084 illam
242 1054 459 1094 laudationem,
476 1066 570 1096 quam
587 1066 628 1092 se,
649 1055 679 1085 vi
694 1066 728 1086 ac
743 1061 828 1085 metu
849 1060 976 1092 coactos,

86 1096 191 1136 paucis
203 1097 262 1127 illis
275 1097 381 1128 diebus
394 1098 527 1129 decresse
536 1098 686 1136 dicebant,
692 1098 839 1128 tollerent.
854 1100 977 1138 ltaque,

84 1139 212 1178 judices,
213 1141 409 1199 ”Syracusani
429 1141 492 1171 haec
508 1141 634 1179 faciunt,
650 1141 736 1171 istius
751 1141 873 1171 clientes
888 1148 980 1181 atque

87 1182 186 1212 amici.
211 1183 237 1213 P
239 1184 353 1213 rimutn
368 1184 444 1213 mihi
459 1184 560 1215 literas
576 1184 724 1225 publicas,
739 1194 814 1224 quas
824 1184 856 1213 in
873 1183 977 1214 aerario

87 1225 232 1256 sanctiore
256 1226 390 1257 conditas
413 1227 576 1266 habebant,
603 1227 783 1267 proferunt3
811 1227 842 1256 in
866 1226 979 1274 quibus

87 1268 251 1298 ostendunt
275 1269 389 1307 omnia,
414 1281 484 1307 quae
502 1270 567 1300 dixi
587 1270 688 1300 ablata
709 1280 781 1304 esse,
802 1269 977 1311 perscripta,

89 1316 119 1341 et
142 1311 232 1351 plura
252 1312 352 1347 etiam,
370 1323 463 1353 quam
485 1323 540 1353 ego
563 1313 649 1354 potui
672 1313 789 1343 dicere:
814 1312 980 1352 perscripta

86 1359 189 1385 autem
204 1355 260 1385 hoc
275 1355 377 1392 modo,
397 1358 419 1373 “
435 1356 518 1396 quod.
538 1366 576 1386 ex
589 1356 651 1386 aede
668 1355 839 1385 Minervae”
861 1354 933 1392 [hoc
949 1361 979 1385 et

85 1396 164 1427 illud
178 1398 293 1427 abesset
305 1399 332 1439 :]
358 1401 380 1416 “
396 1398 479 1439 quod
493 1409 531 1429 ex
547 1399 610 1429 aede
630 1398 740 1434 Jovis;
764 1398 847 1439 quod
861 1408 899 1428 ex
914 1397 979 1428 aede

87 1439 224 1469 Liberi.'’
249 1440 292 1470 Ut
312 1441 441 1482 quisque
456 1441 497 1472 eis
512 1443 601 1472 rebus
617 1441 737 1472 tuendis
752 1440 977 1471 conservandis-

86 1492 146 1522 que
165 1483 338 1523 praefuerat,
355 1484 397 1514 ita
419 1485 619 1525 perscriptum
638 1495 663 1514 ei
663 1490 711 1520 ·at,
735 1494 804 1514 cum
827 1484 976 1513 rationem

86 1535 124 1554 ex
151 1526 217 1566 lege
246 1526 393 1565 redderet,
418 1533 457 1563 et,
482 1538 535 1568 quz
526 1538 552 1557 n
575 1532 738 1567 acceperat,
766 1527 886 1557 deberet
916 1532 977 1556 tra-

84 1567 174 1599 dere:
205 1570 267 1609 peti
260 1580 326 1607 sse,
344 1576 378 1600 ut
393 1570 461 1607 sibi,
478 1570 561 1610 quod
576 1570 624 1600 hae
646 1580 691 1599 res
712 1570 883 1607 abessent,
876 1579 977 1610 ignos-

84 1617 217 1641 ceretur:
243 1612 346 1653 itaque
365 1623 470 1643 omnes
493 1613 634 1643 liberatos
654 1612 831 1649 discessisse,
858 1594 905 1642 etv
913 1622 976 1642 esse

85 1653 224 1693 ignotum
240 1655 382 1685 omnibus
396 1667 404 1685 z
429 1666 505 1696 quas
516 1666 571 1696 ego
586 1655 687 1686 literas
701 1655 903 1693 obsignandas
918 1665 976 1696 pu-

85 1696 163 1726 blico
181 1697 277 1738 signo,
293 1698 565 1739 deportandasque,
581 1698 693 1729 curavi.

128 1739 178 1770 De
186 1739 359 1771 laudatione
368 1747 470 1772 autem
478 1741 553 1772 ratio
563 1741 604 1773 sic
616 1741 732 1772 reddita
743 1746 787 1772 est
797 1752 805 1771 :
823 1740 970 1782 primum,

653 1786 673 1814 2
688 1794 711 1816 Q.
727 1786 746 1813 2
