1181 1902
207 87 269 115 ⁴222
395 83 445 115 IN
471 85 665 116 VERREM
693 86 757 116 111.
776 84 901 116 CAPAE‘.

208 171 279 201 dam
296 171 398 202 Siculo
409 182 606 212 permagnam
621 172 736 202 venisse
750 172 953 202 haereditatem
969 183 977 201 :
1002 172 1097 202 haere'-

208 214 278 244 dem
294 220 406 244 statuas
415 215 535 253 jussum
554 225 615 245 esse
629 215 661 244 in
676 215 740 245 foro
755 225 884 255 ponere3
909 214 965 244 nisi
980 215 1096 255 posuis-

208 262 263 293 set,
281 257 393 287 Veneri
408 257 548 298 Erycinae
564 268 625 288 esse
639 258 814 287 multatum.
839 257 977 287 Tametsi
992 257 1096 297 positae

208 305 305 330 essent
321 310 358 329 ex
373 306 561 335 testamento,
573 302 699 341 putabat
711 307 823 338 tamen,
837 300 982 341 quoniam
995 300 1096 330 Vene-

207 343 248 372 ris
264 353 373 373 nomeu
389 349 474 380 esset,
486 353 605 373 causam
618 353 714 383 pecun
708 344 736 372 ,·1
729 355 754 373 e
769 354 799 373 se
810 349 1008 383 reperturum.
1034 343 1096 373 Ita-

208 396 268 426 que
283 386 418 426 apponit,
436 386 488 427 qui
508 392 590 426 petat
611 386 724 416 Veneri
740 386 880 427 Erycinae
902 386 987 415 illam
1002 386 1096 415 haere-

207 428 354 458 ditatem.
378 439 439 458 non
455 429 534 459 enim
550 436 680 469 quaestor
691 429 778 469 petiit
790 432 837 462 (ut
847 434 891 458 est
900 428 1097 466 consuetudo)

208 471 244 507 is,
267 471 320 512 qui
339 471 511 520 Erycinum
527 478 662 502 montem
681 472 853 502 obtinebat·
878 472 953 512 petit
972 471 1098 501 Naevius

209 514 239 543 '1
242 514 328 554 urpio
344 515 480 555 quidam,
503 514 589 544 istius
609 525 748 545 excursor
763 521 792 544 et
807 514 989 552 emissarius,
1005 514 1097 544 homo

209 557 348 586 omnium
373 568 409 587 ex
433 558 487 587 illo
512 564 660 588 conventu
681 557 953 598 quadruplatorum
975 556 1099 586 deterri-

209 609 290 636 mus,
315 600 350 629 C.
368 600 526 630 Sacerdote
536 606 663 641 praetore
677 600 894 630 condemnatus
905 599 1096 639 injuriarum.

209 642 335 672 Etenim
359 649 421 673 erat
447 643 595 682 ejusmodi
621 654 720 679 causa,
746 650 781 673 ut
804 643 867 683 ipse
891 649 1010 683 praetor,
1027 652 1098 672 cum

210 691 356 726 quaereret
376 686 637 722 calumniatorem,
653 687 745 726 paulo
762 692 864 716 tamen
888 685 1097 715 consideratio-

208 738 273 758 rem
290 729 416 768 reperire
429 739 488 758 non
504 735 611 769 posset.
637 729 731 759 Hunc
746 729 901 758 hominem
918 729 948 758 V
950 727 1028 758 eneti
1045 729 1098 758 ab-

209 771 318 800 solvit:
353 771 409 801 sibi
433 771 635 801 condemnat:
668 771 777 801 maluit
801 771 937 801 videlicet
961 764 1098 801 homines

208 824 341 853 peccare,
358 824 451 854 quam
468 813 550 844 Deos
564 826 572 843 ε
597 824 627 843 se
646 814 746 854 potius
761 825 779 843 a
794 814 905 850 Dione,
930 814 1011 854 quod
1037 823 1096 844 non

208 856 329 893 licebat,
341 867 434 897 quam
445 857 609 893 Venerem,
620 856 702 897 quod
712 867 772 886 non
784 856 960 894 debebatur,
971 856 1096 886 auferre.

254 899 341 937 Quid
361 909 416 939 ego
436 899 487 929 1116
502 909 584 929 nune
600 901 669 929 Sex.
691 899 829 939 Pompeii
845 899 950 939 Chlori
966 899 1098 930 testimo-

211 942 296 972 nium
308 942 441 980 recitem,
455 942 508 983 qui
521 952 641 972 causam
655 942 715 982 egit
732 942 839 972 Dionis
850 944 864 972 1²
888 942 941 983 qui
956 942 1098 973 omnibus

211 986 300 1015 rebus
323 984 479 1020 interfuit3
502 985 634 1015 hominis
654 985 866 1022 honestissimi,
888 985 1007 1015 tametsi
1027 985 1098 1016 civis

211 1028 371 1057 Romanus
387 1028 505 1058 virtutis
521 1028 611 1058 causa
626 1028 745 1067 jamdiu
766 1034 820 1066 est,
837 1034 937 1058 tamen
959 1028 1097 1058 omnium

212 1071 385 1101 Siculorum
408 1071 500 1111 primi
532 1081 566 1101 ac
595 1071 785 1101 nobilissimi.
823 1071 909 1108 Quid
937 1071 1031 1111 ipsius
1054 1070 1095 1108 Q.

208 1113 323 1144 Caecilii
340 1113 459 1149 Dionis,
482 1113 613 1144 hominis
633 1114 835 1154 probatissimi
859 1124 893 1144 ac
916 1113 1097 1154 pudentissi-

207 1156 272 1186 mi.
265 1158 278 1176 '³
303 1156 389 1194 Quid
411 1157 449 1186 L.
467 1156 606 1187 Vetecilii
622 1157 755 1205 Liguris,
774 1157 814 1186 T.
832 1156 956 1195 Manlii,
982 1156 1020 1186 L.
1038 1156 1097 1186 Ca-

209 1199 293 1229 leni?
326 1210 457 1240 quorum
481 1199 619 1230 omnium
640 1199 817 1229 testimoniis
843 1199 880 1229 de
909 1200 965 1229 hac
988 1199 1096 1230 Dionis

208 1242 327 1282 pecuni
320 1242 337 1271 a
353 1243 565 1272 confirmatum
581 1248 633 1272 est.
657 1242 746 1272 Dixit
758 1242 813 1272 hoc
825 1242 907 1272 idem
919 1242 967 1272 M.
982 1242 1097 1272 Lucul-

209 1286 269 1321 lus,
286 1296 316 1315 se
336 1285 374 1315 de
389 1285 435 1315 his
452 1285 560 1315 Dionis
575 1285 784 1322 incommodis,
802 1296 857 1326 pro
872 1285 1001 1325 hospitio
1016 1285 1097 1326 quod

208 1328 265 1357 sibi
281 1338 350 1358 cum
367 1338 402 1358 eo
411 1334 496 1365 esset,
507 1329 572 1367 jam
584 1334 654 1358 ante
663 1330 814 1368 cogn6sse.
839 1328 949 1366 Quid?
983 1328 1098 1358 Lucul-

208 1370 266 1408 lus,
280 1370 333 1411 qui
349 1376 415 1400 tum
431 1372 462 1401 in
480 1371 661 1401 Macedonia
670 1371 740 1408 fuit,
753 1371 862 1401 melius
871 1371 935 1401 haec
947 1371 1096 1411 cognovit,

211 1424 304 1453 quam
321 1419 366 1449 tu,
385 1414 541 1450 Hortensi,
554 1414 607 1455 qui
623 1414 732 1444 Romae
743 1414 852 1444 fuisti?
875 1413 913 1444 ad
928 1424 1020 1454 quem
1036 1414 1098 1444 Dio

210 1456 369 1496 confugit?
394 1456 447 1496 qui
462 1457 498 1487 de
515 1457 624 1487 Dionis
639 1457 758 1496 injuriis
776 1457 951 1498 gravissime
962 1467 1016 1497 per
1030 1457 1098 1487 lite-

210 1509 258 1528 ras
273 1509 343 1529 cum
361 1499 455 1529 Verre
478 1508 601 1541 questus
622 1502 677 1530 es?
702 1501 793 1530 Nova
811 1500 865 1530 tibi
881 1499 944 1530 haec
962 1505 1044 1536 sunt,
1068 1506 1098 1530 et

209 1541 389 1582 inopinata?
413 1552 493 1573 nunc
502 1543 637 1583 primum
653 1543 709 1573 hoc
718 1554 804 1573 aures
819 1549 879 1573 tuae
893 1543 1006 1572 crimen
1022 1542 1098 1572 acci-

209 1584 324 1624 piunt?
348 1585 425 1614 nihil
445 1595 482 1614 ex
504 1586 616 1622 Dione,
637 1585 713 1615 nihil
735 1597 772 1616 ex
793 1596 877 1616 socru
893 1586 957 1623 tua,
982 1585 1098 1615 femina.

209 1627 366 1667 primaria,
394 1628 531 1666 Servili-51,
549 1635 647 1659 vetere
670 1629 780 1659 Dionis
802 1629 932 1669 hospital,
956 1628 1067 1658 audisti
1081 1629 1096 1658 Ρ

210 1670 322 1700 Nonne
337 1671 434 1700 multa
446 1671 506 1701 11161
518 1677 616 1708 testes,
627 1682 695 1711 quae
711 1677 744 1701 tu
756 1672 822 1709 scis,
835 1671 971 1701 nesciunt
985 1672 998 1701 Ρ
1021 1679 1096 1700 non-

209 1723 246 1742 ne
261 1712 337 1742 mihi
353 1718 459 1743 testem
474 1714 503 1743 in
521 1714 577 1744 hoc
593 1714 718 1745 crimine
733 1715 854 1756 eripuit,
872 1724 931 1744 non
948 1713 1034 1744 istius
1049 1713 1095 1742 in-

192 1756 353 1794 nocentia,
371 1756 421 1786 sed
434 1757 508 1797 legis
524 1757 658 1798 exceptio
672 1759 686 1787 ζ’
