<?xml version="1.0" encoding="UTF-8"?>
<!DOCTYPE html PUBLIC "-//W3C//DTD XHTML 1.0 Transitional//EN"
    "http://www.w3.org/TR/xhtml1/DTD/xhtml1-transitional.dtd">
<html xmlns="http://www.w3.org/1999/xhtml" xml:lang="en" lang="en">
 <head>
  <title>
</title>
<meta http-equiv="Content-Type" content="text/html;charset=utf-8" />
  <meta name='ocr-system' content='tesseract 3.04.00' />
  <meta name='ocr-capabilities' content='ocr_page ocr_carea ocr_par ocr_line ocrx_word'/>
</head>
<body>
  <div class='ocr_page' id='page_1' title='image "./operaern05ciceuoft_0372.png"; bbox 0 0 1181 1902; ppageno 0'>
   <div class='ocr_carea' id='block_1_1' title="bbox 166 81 880 116">
    <p class='ocr_par' dir='ltr' id='par_1_1' title="bbox 166 81 880 116">
     <span class='ocr_line' id='line_1_1' title="bbox 166 81 880 116; baseline -0.003 -3"><span class='ocrx_word' id='word_1_1' title='bbox 166 84 229 113; x_wconf 71' lang='lat'>360</span> <span class='ocrx_word' id='word_1_2' title='bbox 352 83 399 113; x_wconf 87' lang='lat' dir='ltr'>IN</span> <span class='ocrx_word' id='word_1_3' title='bbox 425 81 621 113; x_wconf 82' lang='lat' dir='ltr'>VERREM</span> <span class='ocrx_word' id='word_1_4' title='bbox 647 81 705 112; x_wconf 85' lang='lat' dir='ltr'>IV.</span> <span class='ocrx_word' id='word_1_5' title='bbox 730 81 880 116; x_wconf 64' lang='lat' dir='ltr'><strong>CA1›.73.</strong></span> 
     </span>
    </p>
   </div>
   <div class='ocr_carea' id='block_1_2' title="bbox 166 166 1068 981">
    <p class='ocr_par' dir='ltr' id='par_1_2' title="bbox 166 166 1058 424">
     <span class='ocr_line' id='line_1_2' title="bbox 166 166 1055 208; baseline -0.002 -10"><span class='ocrx_word' id='word_1_6' title='bbox 166 168 310 199; x_wconf 86' lang='lat' dir='ltr'>audacius</span> <span class='ocrx_word' id='word_1_7' title='bbox 325 179 397 203; x_wconf 81' lang='lat' dir='ltr'>esse,</span> <span class='ocrx_word' id='word_1_8' title='bbox 412 173 465 198; x_wconf 86' lang='lat' dir='ltr'>aut</span> <span class='ocrx_word' id='word_1_9' title='bbox 479 167 699 208; x_wconf 86' lang='lat' dir='ltr'>impudentius,</span> <span class='ocrx_word' id='word_1_10' title='bbox 711 167 792 208; x_wconf 84' lang='lat' dir='ltr'>quod</span> <span class='ocrx_word' id='word_1_11' title='bbox 808 166 966 207; x_wconf 81' lang='lat' dir='ltr'>pemmltis</span> <span class='ocrx_word' id='word_1_12' title='bbox 982 166 1055 196; x_wconf 89' lang='lat' dir='ltr'>civi-</span> 
     </span>
     <span class='ocr_line' id='line_1_3' title="bbox 166 210 1056 252; baseline -0.003 -10"><span class='ocrx_word' id='word_1_13' title='bbox 166 212 280 242; x_wconf 83' lang='lat' dir='ltr'>tatibus</span> <span class='ocrx_word' id='word_1_14' title='bbox 306 222 360 252; x_wconf 85' lang='lat' dir='ltr'>pro</span> <span class='ocrx_word' id='word_1_15' title='bbox 384 211 537 241; x_wconf 79' lang='lat' dir='ltr'>frumento</span> <span class='ocrx_word' id='word_1_16' title='bbox 562 210 639 240; x_wconf 80' lang='lat' dir='ltr'>nihil</span> <span class='ocrx_word' id='word_1_17' title='bbox 666 211 753 240; x_wconf 88' lang='lat' dir='ltr'>solvit</span> <span class='ocrx_word' id='word_1_18' title='bbox 783 210 916 240; x_wconf 89' lang='lat' dir='ltr'>omnino.</span> <span class='ocrx_word' id='word_1_19' title='bbox 952 210 1056 249; x_wconf 85' lang='lat' dir='ltr'>Major</span> 
     </span>
     <span class='ocr_line' id='line_1_4' title="bbox 166 253 1058 295; baseline -0.001 -11"><span class='ocrx_word' id='word_1_20' title='bbox 166 254 231 285; x_wconf 66' lang='lat' dir='ltr'>haec</span> <span class='ocrx_word' id='word_1_21' title='bbox 246 255 349 295; x_wconf 63' lang='lat' dir='ltr'>prada</span> <span class='ocrx_word' id='word_1_22' title='bbox 372 255 495 284; x_wconf 69' lang='lat' dir='ltr'>fortasse</span> <span class='ocrx_word' id='word_1_23' title='bbox 516 259 581 284; x_wconf 74' lang='lat' dir='ltr'>eet:</span> <span class='ocrx_word' id='word_1_24' title='bbox 606 254 658 284; x_wconf 83' lang='lat' dir='ltr'>sed</span> <span class='ocrx_word' id='word_1_25' title='bbox 681 254 735 283; x_wconf 86' lang='lat' dir='ltr'>illa</span> <span class='ocrx_word' id='word_1_26' title='bbox 764 253 953 293; x_wconf 85' lang='lat' dir='ltr'>impudentia</span> <span class='ocrx_word' id='word_1_27' title='bbox 978 258 1058 283; x_wconf 86' lang='lat' dir='ltr'>certe</span> 
     </span>
     <span class='ocr_line' id='line_1_5' title="bbox 169 296 1057 337; baseline -0.002 -10"><span class='ocrx_word' id='word_1_28' title='bbox 169 308 229 327; x_wconf 89' lang='lat' dir='ltr'>non</span> <span class='ocrx_word' id='word_1_29' title='bbox 255 298 363 327; x_wconf 71' lang='lat' dir='ltr'>minor.</span> <span class='ocrx_word' id='word_1_30' title='bbox 387 298 441 333; x_wconf 77' lang='lat' dir='ltr'>Et,</span> <span class='ocrx_word' id='word_1_31' title='bbox 467 296 611 337; x_wconf 82' lang='lat' dir='ltr'>quoniam</span> <span class='ocrx_word' id='word_1_32' title='bbox 636 296 674 326; x_wconf 79' lang='lat' dir='ltr'>de</span> <span class='ocrx_word' id='word_1_33' title='bbox 696 297 750 326; x_wconf 55' lang='lat' dir='ltr'>illa</span> <span class='ocrx_word' id='word_1_34' title='bbox 770 296 962 326; x_wconf 69' lang='lat' dir='ltr'>firneratione</span> <span class='ocrx_word' id='word_1_35' title='bbox 987 296 1057 325; x_wconf 86' lang='lat' dir='ltr'>satis</span> 
     </span>
     <span class='ocr_line' id='line_1_6' title="bbox 168 339 1057 380; baseline -0.002 -10"><span class='ocrx_word' id='word_1_36' title='bbox 168 341 283 371; x_wconf 84' lang='lat' dir='ltr'>dictum</span> <span class='ocrx_word' id='word_1_37' title='bbox 300 346 355 377; x_wconf 81' lang='lat' dir='ltr'>est,</span> <span class='ocrx_word' id='word_1_38' title='bbox 372 350 453 370; x_wconf 88' lang='lat' dir='ltr'>nunc</span> <span class='ocrx_word' id='word_1_39' title='bbox 468 340 505 370; x_wconf 87' lang='lat' dir='ltr'>de</span> <span class='ocrx_word' id='word_1_40' title='bbox 520 340 576 370; x_wconf 83' lang='lat' dir='ltr'>hac</span> <span class='ocrx_word' id='word_1_41' title='bbox 591 340 654 370; x_wconf 64' lang='lat' dir='ltr'>tota</span> <span class='ocrx_word' id='word_1_42' title='bbox 668 339 797 380; x_wconf 72' lang='lat' dir='ltr'>pecunia</span> <span class='ocrx_word' id='word_1_43' title='bbox 812 339 926 377; x_wconf 53' lang='lat' dir='ltr'>aversa,</span> <span class='ocrx_word' id='word_1_44' title='bbox 944 349 1057 379; x_wconf 81' lang='lat' dir='ltr'>quaeso,</span> 
     </span>
     <span class='ocr_line' id='line_1_7' title="bbox 167 383 345 424; baseline -0.011 -10"><span class='ocrx_word' id='word_1_45' title='bbox 167 383 345 424; x_wconf 59' lang='lat' dir='ltr'>cognoscite.</span> 
     </span>
    </p>

    <p class='ocr_par' dir='ltr' id='par_1_3' title="bbox 169 424 1068 981">
     <span class='ocr_line' id='line_1_8' title="bbox 216 424 1059 464; baseline -0.002 -8"><span class='ocrx_word' id='word_1_46' title='bbox 216 427 379 456; x_wconf 64' lang='lat' dir='ltr'>Lxxiss.</span> <span class='ocrx_word' id='word_1_47' title='bbox 404 425 514 456; x_wconf 78' lang='lat' dir='ltr'>Siciliae</span> <span class='ocrx_word' id='word_1_48' title='bbox 538 425 671 456; x_wconf 89' lang='lat' dir='ltr'>civitates</span> <span class='ocrx_word' id='word_1_49' title='bbox 696 425 803 455; x_wconf 79' lang='lat' dir='ltr'>multae</span> <span class='ocrx_word' id='word_1_50' title='bbox 824 431 905 462; x_wconf 80' lang='lat' dir='ltr'>sunt,</span> <span class='ocrx_word' id='word_1_51' title='bbox 931 424 1059 464; x_wconf 84' lang='lat' dir='ltr'>judices,</span> 
     </span>
     <span class='ocr_line' id='line_1_9' title="bbox 169 468 1060 510; baseline -0.002 -11"><span class='ocrx_word' id='word_1_52' title='bbox 169 476 282 500; x_wconf 81' lang='lat' dir='ltr'>ornatae</span> <span class='ocrx_word' id='word_1_53' title='bbox 298 476 388 510; x_wconf 75' lang='lat' dir='ltr'>atque</span> <span class='ocrx_word' id='word_1_54' title='bbox 412 469 564 503; x_wconf 69' lang='lat' dir='ltr'>honestaeg</span> <span class='ocrx_word' id='word_1_55' title='bbox 589 479 626 498; x_wconf 83' lang='lat' dir='ltr'>ex</span> <span class='ocrx_word' id='word_1_56' title='bbox 647 468 758 508; x_wconf 82' lang='lat' dir='ltr'>quibus</span> <span class='ocrx_word' id='word_1_57' title='bbox 774 468 804 497; x_wconf 89' lang='lat' dir='ltr'>in</span> <span class='ocrx_word' id='word_1_58' title='bbox 825 468 931 508; x_wconf 85' lang='lat' dir='ltr'>primis</span> <span class='ocrx_word' id='word_1_59' title='bbox 952 477 1060 497; x_wconf 89' lang='lat' dir='ltr'>nume-</span> 
     </span>
     <span class='ocr_line' id='line_1_10' title="bbox 170 510 1061 551; baseline -0.004 -8"><span class='ocrx_word' id='word_1_60' title='bbox 170 512 265 543; x_wconf 85' lang='lat' dir='ltr'>randa</span> <span class='ocrx_word' id='word_1_61' title='bbox 281 519 324 542; x_wconf 81' lang='lat' dir='ltr'>est</span> <span class='ocrx_word' id='word_1_62' title='bbox 350 512 453 542; x_wconf 74' lang='lat' dir='ltr'>civitas</span> <span class='ocrx_word' id='word_1_63' title='bbox 471 511 627 543; x_wconf 73' lang='lat' dir='ltr'>Halesina.</span> <span class='ocrx_word' id='word_1_64' title='bbox 654 512 783 541; x_wconf 80' lang='lat' dir='ltr'>Nullam</span> <span class='ocrx_word' id='word_1_65' title='bbox 808 511 887 541; x_wconf 90' lang='lat' dir='ltr'>enim</span> <span class='ocrx_word' id='word_1_66' title='bbox 910 510 1061 551; x_wconf 82' lang='lat' dir='ltr'>reperietis</span> 
     </span>
     <span class='ocr_line' id='line_1_11' title="bbox 169 554 1062 594; baseline -0.002 -9"><span class='ocrx_word' id='word_1_67' title='bbox 169 562 223 586; x_wconf 83' lang='lat' dir='ltr'>aut</span> <span class='ocrx_word' id='word_1_68' title='bbox 238 555 341 585; x_wconf 82' lang='lat' dir='ltr'>officiis</span> <span class='ocrx_word' id='word_1_69' title='bbox 363 555 539 590; x_wconf 77' lang='lat' dir='ltr'>fideliorem,</span> <span class='ocrx_word' id='word_1_70' title='bbox 561 560 614 584; x_wconf 85' lang='lat' dir='ltr'>aut</span> <span class='ocrx_word' id='word_1_71' title='bbox 635 554 727 594; x_wconf 82' lang='lat' dir='ltr'>copiis</span> <span class='ocrx_word' id='word_1_72' title='bbox 748 554 986 594; x_wconf 85' lang='lat' dir='ltr'>locupletiorem,</span> <span class='ocrx_word' id='word_1_73' title='bbox 1009 559 1062 583; x_wconf 86' lang='lat' dir='ltr'>aut</span> 
     </span>
     <span class='ocr_line' id='line_1_12' title="bbox 171 597 1061 638; baseline -0.003 -9"><span class='ocrx_word' id='word_1_74' title='bbox 171 598 348 629; x_wconf 80' lang='lat' dir='ltr'>auctoritate</span> <span class='ocrx_word' id='word_1_75' title='bbox 364 598 541 638; x_wconf 78' lang='lat' dir='ltr'>graviorem.</span> <span class='ocrx_word' id='word_1_76' title='bbox 568 597 651 627; x_wconf 86' lang='lat' dir='ltr'>Huic</span> <span class='ocrx_word' id='word_1_77' title='bbox 669 597 736 633; x_wconf 88' lang='lat' dir='ltr'>iste,</span> <span class='ocrx_word' id='word_1_78' title='bbox 758 597 789 626; x_wconf 85' lang='lat' dir='ltr'>in</span> <span class='ocrx_word' id='word_1_79' title='bbox 805 607 899 626; x_wconf 87' lang='lat' dir='ltr'>annos</span> <span class='ocrx_word' id='word_1_80' title='bbox 915 597 1061 637; x_wconf 85' lang='lat' dir='ltr'>singulos,</span> 
     </span>
     <span class='ocr_line' id='line_1_13' title="bbox 171 639 1061 681; baseline -0.003 -10"><span class='ocrx_word' id='word_1_81' title='bbox 171 652 241 672; x_wconf 86' lang='lat' dir='ltr'>cum</span> <span class='ocrx_word' id='word_1_82' title='bbox 269 641 425 681; x_wconf 81' lang='lat' dir='ltr'>sexaginta</span> <span class='ocrx_word' id='word_1_83' title='bbox 449 640 539 670; x_wconf 86' lang='lat' dir='ltr'>tritici</span> <span class='ocrx_word' id='word_1_84' title='bbox 563 640 660 670; x_wconf 86' lang='lat' dir='ltr'>miHia</span> <span class='ocrx_word' id='word_1_85' title='bbox 682 640 819 669; x_wconf 70' lang='lat' dir='ltr'>modium</span> <span class='ocrx_word' id='word_1_86' title='bbox 845 639 1061 680; x_wconf 81' lang='lat' dir='ltr'>imperavisset,</span> 
     </span>
     <span class='ocr_line' id='line_1_14' title="bbox 171 682 1064 725; baseline -0.002 -11"><span class='ocrx_word' id='word_1_87' title='bbox 171 695 227 725; x_wconf 91' lang='lat' dir='ltr'>pro</span> <span class='ocrx_word' id='word_1_88' title='bbox 253 684 351 714; x_wconf 75' lang='lat' dir='ltr'>tritico</span> <span class='ocrx_word' id='word_1_89' title='bbox 373 694 516 713; x_wconf 84' lang='lat' dir='ltr'>nummos</span> <span class='ocrx_word' id='word_1_90' title='bbox 534 683 669 720; x_wconf 84' lang='lat' dir='ltr'>abstulit,</span> <span class='ocrx_word' id='word_1_91' title='bbox 695 682 801 723; x_wconf 90' lang='lat' dir='ltr'>quanti</span> <span class='ocrx_word' id='word_1_92' title='bbox 822 688 884 712; x_wconf 85' lang='lat' dir='ltr'>erat</span> <span class='ocrx_word' id='word_1_93' title='bbox 907 682 937 712; x_wconf 90' lang='lat' dir='ltr'>in</span> <span class='ocrx_word' id='word_1_94' title='bbox 960 682 1064 713; x_wconf 61' lang='lat' dir='ltr'>Sicilia</span> 
     </span>
     <span class='ocr_line' id='line_1_15' title="bbox 173 726 1064 767; baseline -0.002 -10"><span class='ocrx_word' id='word_1_95' title='bbox 173 727 329 758; x_wconf 84' lang='lat' dir='ltr'>triticum:</span> <span class='ocrx_word' id='word_1_96' title='bbox 354 737 429 767; x_wconf 87' lang='lat' dir='ltr'>quos</span> <span class='ocrx_word' id='word_1_97' title='bbox 454 726 490 756; x_wconf 90' lang='lat' dir='ltr'>de</span> <span class='ocrx_word' id='word_1_98' title='bbox 516 726 638 767; x_wconf 90' lang='lat' dir='ltr'>publico</span> <span class='ocrx_word' id='word_1_99' title='bbox 663 735 805 755; x_wconf 88' lang='lat' dir='ltr'><strong>nummos</strong></span> <span class='ocrx_word' id='word_1_100' title='bbox 828 732 991 766; x_wconf 85' lang='lat' dir='ltr'>acceperat,</span> <span class='ocrx_word' id='word_1_101' title='bbox 1017 735 1064 755; x_wconf 89' lang='lat' dir='ltr'>re-</span> 
     </span>
     <span class='ocr_line' id='line_1_16' title="bbox 174 768 1064 809; baseline -0.003 -9"><span class='ocrx_word' id='word_1_102' title='bbox 174 770 266 801; x_wconf 82' lang='lat' dir='ltr'>tinuit</span> <span class='ocrx_word' id='word_1_103' title='bbox 281 780 394 799; x_wconf 83' lang='lat' dir='ltr'>omnes.</span> <span class='ocrx_word' id='word_1_104' title='bbox 419 769 587 809; x_wconf 75' lang='lat' dir='ltr'>Obstupui,</span> <span class='ocrx_word' id='word_1_105' title='bbox 609 768 736 807; x_wconf 84' lang='lat' dir='ltr'>judices,</span> <span class='ocrx_word' id='word_1_106' title='bbox 753 779 823 798; x_wconf 90' lang='lat' dir='ltr'>cum</span> <span class='ocrx_word' id='word_1_107' title='bbox 838 768 895 798; x_wconf 90' lang='lat' dir='ltr'>hoc</span> <span class='ocrx_word' id='word_1_108' title='bbox 910 769 987 798; x_wconf 87' lang='lat' dir='ltr'>mihi</span> <span class='ocrx_word' id='word_1_109' title='bbox 1002 768 1064 809; x_wconf 88' lang='lat' dir='ltr'>pri-</span> 
     </span>
     <span class='ocr_line' id='line_1_17' title="bbox 173 811 1064 843; baseline -0.003 0"><span class='ocrx_word' id='word_1_110' title='bbox 173 823 261 843; x_wconf 88' lang='lat' dir='ltr'>mum</span> <span class='ocrx_word' id='word_1_111' title='bbox 279 812 412 842; x_wconf 84' lang='lat' dir='ltr'>Halesiae</span> <span class='ocrx_word' id='word_1_112' title='bbox 435 811 653 842; x_wconf 82' lang='lat' dir='ltr'>demonstravit</span> <span class='ocrx_word' id='word_1_113' title='bbox 671 811 703 840; x_wconf 91' lang='lat' dir='ltr'>in</span> <span class='ocrx_word' id='word_1_114' title='bbox 719 817 824 841; x_wconf 86' lang='lat' dir='ltr'>senatu</span> <span class='ocrx_word' id='word_1_115' title='bbox 847 811 1064 841; x_wconf 89' lang='lat' dir='ltr'>Halesinorum</span> 
     </span>
     <span class='ocr_line' id='line_1_18' title="bbox 174 853 1066 895; baseline -0.003 -9"><span class='ocrx_word' id='word_1_116' title='bbox 174 856 266 886; x_wconf 91' lang='lat' dir='ltr'>homo</span> <span class='ocrx_word' id='word_1_117' title='bbox 293 865 414 885; x_wconf 88' lang='lat' dir='ltr'>summo</span> <span class='ocrx_word' id='word_1_118' title='bbox 437 855 570 895; x_wconf 82' lang='lat' dir='ltr'>ingenio,</span> <span class='ocrx_word' id='word_1_119' title='bbox 599 853 719 884; x_wconf 66' lang='lat' dir='ltr'>summa</span> <span class='ocrx_word' id='word_1_120' title='bbox 743 853 915 894; x_wconf 66' lang='lat' dir='ltr'>prudentia,</span> <span class='ocrx_word' id='word_1_121' title='bbox 943 854 1066 884; x_wconf 61' lang='lat' dir='ltr'>summa</span> 
     </span>
     <span class='ocr_line' id='line_1_19' title="bbox 174 897 1067 939; baseline -0.003 -10"><span class='ocrx_word' id='word_1_122' title='bbox 174 898 351 929; x_wconf 86' lang='lat' dir='ltr'>auctoritate</span> <span class='ocrx_word' id='word_1_123' title='bbox 363 897 518 939; x_wconf 62' lang='lat' dir='ltr'>praeditus,</span> <span class='ocrx_word' id='word_1_124' title='bbox 538 897 703 927; x_wconf 87' lang='lat' dir='ltr'>Halesinus</span> <span class='ocrx_word' id='word_1_125' title='bbox 720 897 854 932; x_wconf 82' lang='lat' dir='ltr'>AEneas;</span> <span class='ocrx_word' id='word_1_126' title='bbox 879 897 927 927; x_wconf 91' lang='lat' dir='ltr'>cui</span> <span class='ocrx_word' id='word_1_127' title='bbox 947 903 1067 927; x_wconf 87' lang='lat' dir='ltr'>senatus</span> 
     </span>
     <span class='ocr_line' id='line_1_20' title="bbox 175 939 1068 981; baseline -0.003 -9"><span class='ocrx_word' id='word_1_128' title='bbox 175 942 298 972; x_wconf 88' lang='lat' dir='ltr'>dederat</span> <span class='ocrx_word' id='word_1_129' title='bbox 312 941 432 981; x_wconf 88' lang='lat' dir='ltr'>publice</span> <span class='ocrx_word' id='word_1_130' title='bbox 446 940 613 981; x_wconf 63' lang='lat' dir='ltr'>[causeum]</span> <span class='ocrx_word' id='word_1_131' title='bbox 628 946 662 970; x_wconf 83' lang='lat' dir='ltr'>ut</span> <span class='ocrx_word' id='word_1_132' title='bbox 671 940 747 971; x_wconf 88' lang='lat' dir='ltr'>mihi</span> <span class='ocrx_word' id='word_1_133' title='bbox 762 939 907 981; x_wconf 86' lang='lat' dir='ltr'>fratrique</span> <span class='ocrx_word' id='word_1_134' title='bbox 917 950 984 969; x_wconf 89' lang='lat' dir='ltr'>meo</span> <span class='ocrx_word' id='word_1_135' title='bbox 999 950 1068 980; x_wconf 82' lang='lat' dir='ltr'>gra-</span> 
     </span>
    </p>
   </div>
   <div class='ocr_carea' id='block_1_3' title="bbox 176 982 1066 1070">
    <p class='ocr_par' dir='ltr' id='par_1_4' title="bbox 176 982 1066 1070">
     <span class='ocr_line' id='line_1_21' title="bbox 176 982 1066 1025; baseline -0.002 -10"><span class='ocrx_word' id='word_1_136' title='bbox 176 985 232 1015; x_wconf 87' lang='lat' dir='ltr'>tias</span> <span class='ocrx_word' id='word_1_137' title='bbox 248 990 369 1025; x_wconf 86' lang='lat' dir='ltr'>ageret·</span> <span class='ocrx_word' id='word_1_138' title='bbox 361 1007 370 1019; x_wconf 91' lang='lat'>,</span> <span class='ocrx_word' id='word_1_139' title='bbox 395 990 424 1014; x_wconf 84' lang='lat' dir='ltr'>et</span> <span class='ocrx_word' id='word_1_140' title='bbox 439 984 541 1021; x_wconf 87' lang='lat' dir='ltr'>simul,</span> <span class='ocrx_word' id='word_1_141' title='bbox 557 982 644 1024; x_wconf 88' lang='lat' dir='ltr'>[qui]</span> <span class='ocrx_word' id='word_1_142' title='bbox 661 993 715 1013; x_wconf 89' lang='lat' dir='ltr'>nos</span> <span class='ocrx_word' id='word_1_143' title='bbox 725 994 770 1021; x_wconf 85' lang='lat' dir='ltr'>ea,</span> <span class='ocrx_word' id='word_1_144' title='bbox 784 994 853 1024; x_wconf 90' lang='lat' dir='ltr'>quae</span> <span class='ocrx_word' id='word_1_145' title='bbox 865 983 901 1013; x_wconf 90' lang='lat' dir='ltr'>ad</span> <span class='ocrx_word' id='word_1_146' title='bbox 916 983 1066 1023; x_wconf 87' lang='lat' dir='ltr'>judicium</span> 
     </span>
     <span class='ocr_line' id='line_1_22' title="bbox 176 1027 515 1070; baseline -0.003 -12"><span class='ocrx_word' id='word_1_147' title='bbox 176 1028 371 1070; x_wconf 74' lang='lat' dir='ltr'>pertinerent</span> <span class='ocrx_word' id='word_1_148' title='bbox 388 1027 515 1057; x_wconf 86' lang='lat' dir='ltr'>doceret.</span> 
     </span>
    </p>
   </div>
   <div class='ocr_carea' id='block_1_4' title="bbox 178 1069 1077 1798">
    <p class='ocr_par' dir='ltr' id='par_1_5' title="bbox 178 1069 1077 1798">
     <span class='ocr_line' id='line_1_23' title="bbox 222 1069 1069 1108; baseline -0.002 -8"><span class='ocrx_word' id='word_1_149' title='bbox 222 1070 432 1108; x_wconf 83' lang='lat' dir='ltr'>Demonstrat</span> <span class='ocrx_word' id='word_1_150' title='bbox 463 1070 541 1100; x_wconf 87' lang='lat' dir='ltr'>hanc</span> <span class='ocrx_word' id='word_1_151' title='bbox 566 1069 653 1099; x_wconf 84' lang='lat' dir='ltr'>istius</span> <span class='ocrx_word' id='word_1_152' title='bbox 682 1069 931 1100; x_wconf 84' lang='lat' dir='ltr'>consuetudinem</span> <span class='ocrx_word' id='word_1_153' title='bbox 962 1079 996 1099; x_wconf 89' lang='lat' dir='ltr'>ac</span> <span class='ocrx_word' id='word_1_154' title='bbox 1021 1079 1069 1099; x_wconf 86' lang='lat' dir='ltr'>ra-</span> 
     </span>
     <span class='ocr_line' id='line_1_24' title="bbox 178 1112 1070 1153; baseline -0.003 -9"><span class='ocrx_word' id='word_1_155' title='bbox 178 1114 292 1144; x_wconf 91' lang='lat' dir='ltr'>tionem</span> <span class='ocrx_word' id='word_1_156' title='bbox 316 1113 430 1143; x_wconf 85' lang='lat' dir='ltr'>fuisse·</span> <span class='ocrx_word' id='word_1_157' title='bbox 456 1123 525 1143; x_wconf 90' lang='lat' dir='ltr'>cum</span> <span class='ocrx_word' id='word_1_158' title='bbox 542 1113 641 1143; x_wconf 86' lang='lat' dir='ltr'>omnis</span> <span class='ocrx_word' id='word_1_159' title='bbox 656 1112 802 1142; x_wconf 86' lang='lat' dir='ltr'>frumenti</span> <span class='ocrx_word' id='word_1_160' title='bbox 818 1112 904 1153; x_wconf 91' lang='lat' dir='ltr'>copia</span> <span class='ocrx_word' id='word_1_161' title='bbox 927 1112 1070 1142; x_wconf 83' lang='lat' dir='ltr'>decuma-</span> 
     </span>
     <span class='ocr_line' id='line_1_25' title="bbox 179 1155 1071 1197; baseline -0.003 -10"><span class='ocrx_word' id='word_1_162' title='bbox 179 1167 248 1187; x_wconf 85' lang='lat' dir='ltr'>rum</span> <span class='ocrx_word' id='word_1_163' title='bbox 265 1157 388 1186; x_wconf 90' lang='lat' dir='ltr'>nomine</span> <span class='ocrx_word' id='word_1_164' title='bbox 409 1166 500 1197; x_wconf 85' lang='lat' dir='ltr'>penes</span> <span class='ocrx_word' id='word_1_165' title='bbox 521 1157 614 1186; x_wconf 85' lang='lat' dir='ltr'>istum</span> <span class='ocrx_word' id='word_1_166' title='bbox 629 1162 705 1186; x_wconf 86' lang='lat' dir='ltr'>esset</span> <span class='ocrx_word' id='word_1_167' title='bbox 723 1155 852 1193; x_wconf 87' lang='lat' dir='ltr'>redacta,</span> <span class='ocrx_word' id='word_1_168' title='bbox 870 1155 992 1185; x_wconf 87' lang='lat' dir='ltr'>solitum</span> <span class='ocrx_word' id='word_1_169' title='bbox 1008 1165 1071 1185; x_wconf 80' lang='lat' dir='ltr'>esse</span> 
     </span>
     <span class='ocr_line' id='line_1_26' title="bbox 179 1198 1068 1240; baseline -0.003 -10"><span class='ocrx_word' id='word_1_170' title='bbox 179 1200 272 1230; x_wconf 83' lang='lat' dir='ltr'>istum</span> <span class='ocrx_word' id='word_1_171' title='bbox 299 1198 460 1240; x_wconf 87' lang='lat' dir='ltr'>pecuniam</span> <span class='ocrx_word' id='word_1_172' title='bbox 488 1209 592 1240; x_wconf 86' lang='lat' dir='ltr'>cogere</span> <span class='ocrx_word' id='word_1_173' title='bbox 618 1209 636 1229; x_wconf 85' lang='lat' dir='ltr'>a</span> <span class='ocrx_word' id='word_1_174' title='bbox 662 1199 853 1235; x_wconf 77' lang='lat' dir='ltr'>civitatibu53</span> <span class='ocrx_word' id='word_1_175' title='bbox 879 1198 1068 1228; x_wconf 88' lang='lat' dir='ltr'>frumentum</span> 
     </span>
     <span class='ocr_line' id='line_1_27' title="bbox 178 1241 1069 1283; baseline -0.002 -11"><span class='ocrx_word' id='word_1_176' title='bbox 178 1243 370 1283; x_wconf 84' lang='lat' dir='ltr'>improbare;</span> <span class='ocrx_word' id='word_1_177' title='bbox 388 1248 539 1283; x_wconf 87' lang='lat' dir='ltr'>quantum</span> <span class='ocrx_word' id='word_1_178' title='bbox 550 1242 696 1272; x_wconf 77' lang='lat' dir='ltr'>frumenti</span> <span class='ocrx_word' id='word_1_179' title='bbox 709 1242 842 1272; x_wconf 87' lang='lat' dir='ltr'>Romam</span> <span class='ocrx_word' id='word_1_180' title='bbox 857 1247 932 1271; x_wconf 89' lang='lat' dir='ltr'>esset</span> <span class='ocrx_word' id='word_1_181' title='bbox 946 1241 1069 1271; x_wconf 87' lang='lat' dir='ltr'>mitten-</span> 
     </span>
     <span class='ocr_line' id='line_1_28' title="bbox 180 1284 1071 1326; baseline -0.002 -11"><span class='ocrx_word' id='word_1_182' title='bbox 180 1286 268 1323; x_wconf 89' lang='lat' dir='ltr'>dum,</span> <span class='ocrx_word' id='word_1_183' title='bbox 296 1292 416 1315; x_wconf 84' lang='lat' dir='ltr'>tantum</span> <span class='ocrx_word' id='word_1_184' title='bbox 432 1285 469 1315; x_wconf 86' lang='lat' dir='ltr'>de</span> <span class='ocrx_word' id='word_1_185' title='bbox 494 1296 548 1315; x_wconf 86' lang='lat' dir='ltr'>suo</span> <span class='ocrx_word' id='word_1_186' title='bbox 566 1291 696 1326; x_wconf 81' lang='lat' dir='ltr'>quaestu,</span> <span class='ocrx_word' id='word_1_187' title='bbox 718 1295 752 1315; x_wconf 87' lang='lat' dir='ltr'>ac</span> <span class='ocrx_word' id='word_1_188' title='bbox 767 1285 804 1315; x_wconf 91' lang='lat' dir='ltr'>de</span> <span class='ocrx_word' id='word_1_189' title='bbox 828 1296 883 1315; x_wconf 80' lang='lat' dir='ltr'>sua</span> <span class='ocrx_word' id='word_1_190' title='bbox 898 1284 983 1325; x_wconf 86' lang='lat' dir='ltr'>copia</span> <span class='ocrx_word' id='word_1_191' title='bbox 1007 1284 1071 1313; x_wconf 86' lang='lat' dir='ltr'>fru-</span> 
     </span>
     <span class='ocr_line' id='line_1_29' title="bbox 182 1327 1070 1368; baseline -0.002 -10"><span class='ocrx_word' id='word_1_192' title='bbox 182 1329 289 1366; x_wconf 87' lang='lat' dir='ltr'>menti,</span> <span class='ocrx_word' id='word_1_193' title='bbox 316 1329 443 1358; x_wconf 86' lang='lat' dir='ltr'>mittere.</span> <span class='ocrx_word' id='word_1_194' title='bbox 479 1329 575 1360; x_wconf 84' lang='lat' dir='ltr'>Posco</span> <span class='ocrx_word' id='word_1_195' title='bbox 605 1328 733 1358; x_wconf 86' lang='lat' dir='ltr'>rationes</span> <span class='ocrx_word' id='word_1_196' title='bbox 748 1340 756 1358; x_wconf 73' lang='grc' dir='ltr'>ε</span> <span class='ocrx_word' id='word_1_197' title='bbox 792 1328 917 1368; x_wconf 78' lang='lat' dir='ltr'>inspicio</span> <span class='ocrx_word' id='word_1_198' title='bbox 947 1327 1048 1357; x_wconf 84' lang='lat' dir='ltr'>literas</span> <span class='ocrx_word' id='word_1_199' title='bbox 1062 1338 1070 1356; x_wconf 71' lang='grc' dir='ltr'><strong>ε</strong></span> 
     </span>
     <span class='ocr_line' id='line_1_30' title="bbox 182 1369 1073 1411; baseline -0.003 -9"><span class='ocrx_word' id='word_1_200' title='bbox 182 1372 268 1402; x_wconf 86' lang='lat' dir='ltr'>video</span> <span class='ocrx_word' id='word_1_201' title='bbox 283 1372 430 1402; x_wconf 84' lang='lat' dir='ltr'>frumenti</span> <span class='ocrx_word' id='word_1_202' title='bbox 445 1382 574 1411; x_wconf 83' lang='lat' dir='ltr'>granum</span> <span class='ocrx_word' id='word_1_203' title='bbox 592 1371 765 1408; x_wconf 77' lang='lat' dir='ltr'>Halesinos,</span> <span class='ocrx_word' id='word_1_204' title='bbox 779 1371 891 1411; x_wconf 88' lang='lat' dir='ltr'>quibus</span> <span class='ocrx_word' id='word_1_205' title='bbox 903 1370 964 1400; x_wconf 81' lang='lat' dir='ltr'>LX</span> <span class='ocrx_word' id='word_1_206' title='bbox 975 1369 1073 1399; x_wconf 73' lang='lat' dir='ltr'>millia</span> 
     </span>
     <span class='ocr_line' id='line_1_31' title="bbox 181 1413 1072 1456; baseline -0.002 -12"><span class='ocrx_word' id='word_1_207' title='bbox 181 1415 318 1445; x_wconf 64' lang='lat' dir='ltr'>modium</span> <span class='ocrx_word' id='word_1_208' title='bbox 335 1414 484 1456; x_wconf 78' lang='lat' dir='ltr'>imperata</span> <span class='ocrx_word' id='word_1_209' title='bbox 499 1420 594 1453; x_wconf 84' lang='lat' dir='ltr'>erant,</span> <span class='ocrx_word' id='word_1_210' title='bbox 612 1414 733 1444; x_wconf 89' lang='lat' dir='ltr'>nullum</span> <span class='ocrx_word' id='word_1_211' title='bbox 750 1414 887 1449; x_wconf 79' lang='lat' dir='ltr'>dedisse3</span> <span class='ocrx_word' id='word_1_212' title='bbox 911 1413 1072 1454; x_wconf 88' lang='lat' dir='ltr'>pecuniam</span> 
     </span>
     <span class='ocr_line' id='line_1_32' title="bbox 183 1456 1074 1497; baseline -0.003 -9"><span class='ocrx_word' id='word_1_213' title='bbox 183 1457 334 1495; x_wconf 74' lang='lat' dir='ltr'>Volcatio,</span> <span class='ocrx_word' id='word_1_214' title='bbox 347 1457 549 1495; x_wconf 73' lang='lat' dir='ltr'>Timarchidi,</span> <span class='ocrx_word' id='word_1_215' title='bbox 563 1458 677 1495; x_wconf 85' lang='lat' dir='ltr'>scribae,</span> <span class='ocrx_word' id='word_1_216' title='bbox 691 1457 814 1488; x_wconf 86' lang='lat' dir='ltr'>dedisse.</span> <span class='ocrx_word' id='word_1_217' title='bbox 832 1456 963 1497; x_wconf 85' lang='lat' dir='ltr'>Reperio</span> <span class='ocrx_word' id='word_1_218' title='bbox 978 1465 1074 1496; x_wconf 87' lang='lat' dir='ltr'>genus</span> 
     </span>
     <span class='ocr_line' id='line_1_33' title="bbox 181 1499 1074 1541; baseline -0.003 -10"><span class='ocrx_word' id='word_1_219' title='bbox 181 1500 370 1540; x_wconf 87' lang='lat' dir='ltr'>hujusmodi,</span> <span class='ocrx_word' id='word_1_220' title='bbox 385 1500 513 1540; x_wconf 81' lang='lat' dir='ltr'>judices,</span> <span class='ocrx_word' id='word_1_221' title='bbox 538 1501 659 1541; x_wconf 84' lang='lat' dir='ltr'>praedae,</span> <span class='ocrx_word' id='word_1_222' title='bbox 676 1507 711 1531; x_wconf 91' lang='lat' dir='ltr'>ut</span> <span class='ocrx_word' id='word_1_223' title='bbox 726 1506 846 1541; x_wconf 85' lang='lat' dir='ltr'>praetor,</span> <span class='ocrx_word' id='word_1_224' title='bbox 863 1499 914 1540; x_wconf 87' lang='lat' dir='ltr'>qui</span> <span class='ocrx_word' id='word_1_225' title='bbox 937 1499 1074 1529; x_wconf 90' lang='lat' dir='ltr'>frumen-</span> 
     </span>
     <span class='ocr_line' id='line_1_34' title="bbox 183 1542 1073 1583; baseline -0.003 -9"><span class='ocrx_word' id='word_1_226' title='bbox 183 1550 250 1574; x_wconf 90' lang='lat' dir='ltr'>tum</span> <span class='ocrx_word' id='word_1_227' title='bbox 267 1553 366 1573; x_wconf 82' lang='lat' dir='ltr'>emere</span> <span class='ocrx_word' id='word_1_228' title='bbox 375 1544 515 1580; x_wconf 72' lang='lat' dir='ltr'>debebat,</span> <span class='ocrx_word' id='word_1_229' title='bbox 528 1554 587 1574; x_wconf 90' lang='lat' dir='ltr'>non</span> <span class='ocrx_word' id='word_1_230' title='bbox 600 1550 691 1580; x_wconf 89' lang='lat' dir='ltr'>emat,</span> <span class='ocrx_word' id='word_1_231' title='bbox 708 1543 759 1573; x_wconf 86' lang='lat' dir='ltr'>sed</span> <span class='ocrx_word' id='word_1_232' title='bbox 772 1543 901 1578; x_wconf 82' lang='lat' dir='ltr'>vendat;</span> <span class='ocrx_word' id='word_1_233' title='bbox 919 1542 1073 1583; x_wconf 86' lang='lat' dir='ltr'>pecunias,</span> 
     </span>
     <span class='ocr_line' id='line_1_35' title="bbox 184 1586 1075 1627; baseline -0.002 -11"><span class='ocrx_word' id='word_1_234' title='bbox 184 1597 260 1627; x_wconf 81' lang='lat' dir='ltr'>quas</span> <span class='ocrx_word' id='word_1_235' title='bbox 275 1586 446 1617; x_wconf 82' lang='lat' dir='ltr'>civitatibus</span> <span class='ocrx_word' id='word_1_236' title='bbox 462 1587 640 1617; x_wconf 86' lang='lat' dir='ltr'>distribuere</span> <span class='ocrx_word' id='word_1_237' title='bbox 656 1587 794 1623; x_wconf 86' lang='lat' dir='ltr'>debebat,</span> <span class='ocrx_word' id='word_1_238' title='bbox 807 1596 854 1615; x_wconf 87' lang='lat' dir='ltr'>eas</span> <span class='ocrx_word' id='word_1_239' title='bbox 870 1596 974 1615; x_wconf 87' lang='lat' dir='ltr'>omnes</span> <span class='ocrx_word' id='word_1_240' title='bbox 991 1595 1075 1615; x_wconf 85' lang='lat' dir='ltr'>aver-</span> 
     </span>
     <span class='ocr_line' id='line_1_36' title="bbox 184 1628 1075 1670; baseline -0.002 -11"><span class='ocrx_word' id='word_1_241' title='bbox 184 1635 229 1659; x_wconf 88' lang='lat' dir='ltr'>tat</span> <span class='ocrx_word' id='word_1_242' title='bbox 252 1635 344 1670; x_wconf 88' lang='lat' dir='ltr'>atque</span> <span class='ocrx_word' id='word_1_243' title='bbox 359 1629 484 1660; x_wconf 82' lang='lat' dir='ltr'>auferat.</span> <span class='ocrx_word' id='word_1_244' title='bbox 510 1631 582 1660; x_wconf 84' lang='lat' dir='ltr'>Non</span> <span class='ocrx_word' id='word_1_245' title='bbox 598 1630 676 1660; x_wconf 90' lang='lat' dir='ltr'>mihi</span> <span class='ocrx_word' id='word_1_246' title='bbox 691 1630 756 1669; x_wconf 87' lang='lat' dir='ltr'>jam</span> <span class='ocrx_word' id='word_1_247' title='bbox 772 1629 902 1666; x_wconf 89' lang='lat' dir='ltr'>furtum,</span> <span class='ocrx_word' id='word_1_248' title='bbox 920 1628 972 1658; x_wconf 86' lang='lat' dir='ltr'>sed</span> <span class='ocrx_word' id='word_1_249' title='bbox 987 1637 1075 1657; x_wconf 89' lang='lat' dir='ltr'>mon-</span> 
     </span>
     <span class='ocr_line' id='line_1_37' title="bbox 183 1671 1076 1713; baseline -0.003 -11"><span class='ocrx_word' id='word_1_250' title='bbox 183 1679 281 1702; x_wconf 85' lang='lat' dir='ltr'>strum</span> <span class='ocrx_word' id='word_1_251' title='bbox 303 1682 337 1703; x_wconf 89' lang='lat' dir='ltr'>ac</span> <span class='ocrx_word' id='word_1_252' title='bbox 351 1672 537 1713; x_wconf 85' lang='lat' dir='ltr'>prodigium,</span> <span class='ocrx_word' id='word_1_253' title='bbox 559 1673 737 1703; x_wconf 77' lang='lat' dir='ltr'>videbatur:</span> <span class='ocrx_word' id='word_1_254' title='bbox 762 1672 919 1702; x_wconf 86' lang='lat' dir='ltr'>civitatum</span> <span class='ocrx_word' id='word_1_255' title='bbox 940 1671 1076 1701; x_wconf 88' lang='lat' dir='ltr'>frumen-</span> 
     </span>
     <span class='ocr_line' id='line_1_38' title="bbox 185 1715 1077 1757; baseline -0.001 -13"><span class='ocrx_word' id='word_1_256' title='bbox 185 1722 252 1745; x_wconf 83' lang='lat' dir='ltr'>tum</span> <span class='ocrx_word' id='word_1_257' title='bbox 282 1715 464 1756; x_wconf 65' lang='lat' dir='ltr'>improbare,</span> <span class='ocrx_word' id='word_1_258' title='bbox 490 1726 580 1746; x_wconf 88' lang='lat' dir='ltr'>suum</span> <span class='ocrx_word' id='word_1_259' title='bbox 610 1717 737 1757; x_wconf 88' lang='lat' dir='ltr'>probare</span> <span class='ocrx_word' id='word_1_260' title='bbox 751 1727 758 1745; x_wconf 77' lang='lat' dir='ltr'><strong><em>z</em></strong></span> <span class='ocrx_word' id='word_1_261' title='bbox 792 1725 862 1745; x_wconf 87' lang='lat' dir='ltr'>cum</span> <span class='ocrx_word' id='word_1_262' title='bbox 890 1725 980 1745; x_wconf 89' lang='lat' dir='ltr'>suum</span> <span class='ocrx_word' id='word_1_263' title='bbox 1006 1724 1077 1755; x_wconf 91' lang='lat' dir='ltr'>pro-</span> 
     </span>
     <span class='ocr_line' id='line_1_39' title="bbox 185 1757 1077 1798; baseline -0.002 -10"><span class='ocrx_word' id='word_1_264' title='bbox 185 1758 295 1794; x_wconf 67' lang='lat' dir='ltr'>basset,</span> <span class='ocrx_word' id='word_1_265' title='bbox 314 1758 444 1798; x_wconf 84' lang='lat' dir='ltr'>pretium</span> <span class='ocrx_word' id='word_1_266' title='bbox 462 1759 488 1789; x_wconf 79' lang='lat' dir='ltr'>ei</span> <span class='ocrx_word' id='word_1_267' title='bbox 514 1759 667 1790; x_wconf 72' lang='lat' dir='ltr'>frumento</span> <span class='ocrx_word' id='word_1_268' title='bbox 682 1758 861 1790; x_wconf 84' lang='lat' dir='ltr'>constituere</span> <span class='ocrx_word' id='word_1_269' title='bbox 876 1769 883 1787; x_wconf 91' lang='lat'><strong>:</strong></span> <span class='ocrx_word' id='word_1_270' title='bbox 909 1757 990 1798; x_wconf 87' lang='lat' dir='ltr'>quod</span> <span class='ocrx_word' id='word_1_271' title='bbox 1007 1766 1077 1787; x_wconf 90' lang='lat' dir='ltr'>con-</span> 
     </span>
    </p>
   </div>
  </div>
 </body>
</html>
