1181 1902
190 39 252 69 ³54
376 38 426 69 IN
450 38 646 70 VERREM
671 39 730 70 IV.
755 40 839 70 CAP.
857 40 908 75 67.

190 130 317 165 patrono
340 135 395 154 suo
413 124 558 165 praecipit.
583 127 605 142 ‘⁶
618 124 666 155 Te
686 125 868 166 postulante,
885 135 991 155 omnes
1014 124 1081 153 vin-

190 177 256 197 cere
271 167 399 197 solent.'’
424 168 519 197 Verre
534 168 658 209 quidem
674 174 810 209 praetore,
828 178 888 198 non
911 166 1080 203 Sacerdote,

191 220 251 240 non
270 210 429 247 Peducaeo,
451 220 511 240 non
527 211 584 241 hoc
603 211 668 252 ipso
684 211 821 241 Metello.
848 214 869 228 ‘⁸
884 211 946 241 Scis
970 210 1082 239 Metel-

191 253 256 283 lum
273 253 438 293 sapientem
454 254 548 283 esse.”
574 254 642 284 Hoc
654 265 722 284 vero
735 254 805 284 ferri
818 255 882 293 jam
900 263 959 283 uon
972 258 1080 293 potest,

190 296 307 325 irrideri
330 296 385 326 viri
409 296 527 337 optimi,
551 297 588 327 L.
612 297 743 333 Metelli,
768 297 937 336 ingenium,
962 302 991 326 et
1011 305 1083 325 con-

192 339 287 368 temni
303 349 336 369 ac
352 339 463 380 despici
479 350 496 369 a
512 340 640 380 fugitivo
651 340 856 370 Timarchide.
882 342 903 357 ‘4
918 339 950 369 si
962 339 1082 368 Vultei-

191 392 244 411 um
266 381 401 419 habebis,
424 383 526 412 omnia
546 383 734 413 ludibundus
757 382 927 413 conficies.''
953 382 1016 411 Hic
1031 392 1081 410 ve-

190 424 347 455 hementer
366 431 443 455 errat
461 425 683 463 Timarchides,
708 426 761 466 qui
782 432 835 455 aut
851 425 1012 455 Vulteium
1029 434 1081 464 pe-

190 467 279 497 cunia
294 468 446 508 corrumpi
462 475 548 509 putet
566 479 662 509 posse,
679 475 732 498 aut
748 469 912 498 Metellum
929 468 1019 497 unius
1034 478 1081 496 ar-

190 511 304 540 bitratu
337 522 439 551 gerere
478 518 650 552 praeturam.
684 511 743 542 Sed
774 511 882 541 erravit
911 509 1082 549 conjectura

190 553 361 583 domesticzi.
386 554 470 591 Quia
490 555 614 593 multos,
637 565 691 595 per
711 565 741 584 se
764 561 792 584 et
808 565 860 594 per
876 554 960 589 alios,
983 553 1082 582 multa

189 596 374 627 ludibundos
397 597 556 628 libidinose
576 598 658 638 apud
677 598 805 628 Verrem
830 597 959 626 effecisse
983 596 1079 631 vidit3

190 639 229 669 ad
245 650 360 677 omnes,
378 640 498 670 eosdem
519 648 621 681 patere
636 640 735 670 aditus
758 640 968 670 arbitrabatur.
994 639 1081 669 Faci-

189 682 249 712 lius
265 693 317 713 vos
333 682 504 713 efficiebatis
519 683 693 719 ludibundi,
704 694 774 724 quae
789 682 932 712 volebatis
942 693 960 711 a
972 682 1080 718 Verre,

190 725 273 766 quod
289 726 387 755 multa
402 727 466 764 ejus
478 726 620 756 ludorum
634 735 744 766 genera
759 726 880 755 nbratis.
906 728 928 742 “
944 725 1082 754 Inculca-

191 774 257 797 tum
283 775 327 798 est
350 769 479 798 Metello
498 775 527 799 et
547 769 684 804 Vulteio,
710 774 738 798 te
759 775 888 798 aratores
909 768 1081 798 evertisse.''

190 811 269 848 Quis
294 812 370 841 istuc
391 812 530 851 Apronio
549 811 743 847 attribuebat,
768 821 838 841 cum
860 817 1007 840 aratorem
1027 810 1082 840 ali-

190 864 283 894 quem
299 856 471 885 everterat?
496 860 549 884 aut
564 854 767 891 Timarchidi,
784 864 866 891 cum,
883 855 922 883 ob
941 853 1082 892 judican-

189 897 277 934 dum,
288 903 341 927 aut
352 897 586 935 decernendum,
600 903 654 927 aut
665 897 877 937 imperandum
888 896 1016 937 aliquid,
1029 902 1082 926 aut

190 940 420 978 remittendum,
432 940 590 980 pecuniam
603 942 780 980 acceperat?
793 946 847 970 aut
854 940 958 970 Sextio
970 939 1080 975 lictori,

190 993 260 1012 cum
275 983 410 1024 aliquem
424 983 616 1014 innocentem
628 983 723 1013 securi
736 984 946 1023 percusserat?
969 983 999 1013 N
1003 992 1081 1012 emo.

189 1025 307 1056 Omnes
323 1027 350 1056 ei
367 1026 456 1056 Verri
479 1032 552 1057 tunc
567 1026 782 1063 attribuebant,
799 1036 891 1067 quem
912 1035 994 1055 nunc
1009 1035 1081 1055 con-

189 1068 327 1099 demnari
343 1069 459 1100 volunt.
1064 1108 1067 1110 ,

233 1114 255 1129 “
273 1112 471 1143 Obtuderunt
486 1113 550 1152 ejus
566 1123 664 1150 aures,
682 1118 710 1142 te
725 1112 840 1143 socium
855 1112 990 1153 praetoris
1005 1111 1080 1142 fuis-

188 1155 251 1185 se.”
280 1155 424 1192 Videsne,
442 1156 499 1186 hoc
520 1166 613 1196 quam
635 1156 750 1185 clarum
770 1155 807 1185 sit
830 1166 864 1185 ac
884 1155 986 1193 fuerit,
1009 1165 1080 1185 cum

188 1197 281 1227 etiam
307 1198 518 1229 Timarchides
544 1198 600 1229 hoc
627 1204 744 1228 metuat
757 1200 770 1229 Ρ
795 1198 987 1235 concedesne,
1019 1207 1080 1227 non

188 1240 244 1271 hoc
263 1241 376 1271 crimen
393 1251 446 1271 nos
462 1241 493 1271 in
515 1248 544 1271 te
559 1242 740 1282 confingere,
758 1241 809 1271 sed
827 1241 1023 1281 jampridem,
1040 1240 1078 1270 ad

188 1284 314 1322 crimen,
345 1284 480 1325 aliquam
511 1285 715 1315 defensionem
746 1284 889 1314 libertum
920 1294 1054 1324 quaerere
1065 1283 1079 1312 ἱ)

188 1326 332 1357 Libertus
348 1333 377 1357 et
391 1338 533 1358 accensus
545 1334 627 1365 tuus,
645 1334 673 1358 et
689 1328 744 1358 tibi
759 1338 794 1357 ac
808 1327 909 1357 liberis
925 1327 997 1363 tuis,
1014 1336 1080 1356 om-

187 1370 278 1400 nibus
295 1370 327 1400 in
349 1372 450 1408 rebus,
473 1372 651 1410 conjunctus
674 1381 708 1401 ac
728 1370 897 1412 proximus,
919 1370 958 1399 ad
976 1370 1080 1409 Apro-

187 1412 274 1442 nium
290 1413 404 1452 scribit,
427 1414 519 1454 vulgo
535 1424 597 1444 esse
612 1415 650 1444 ab
673 1414 815 1443 omnibus
830 1413 872 1443 ita
892 1412 1081 1443 demonstra-

187 1460 254 1485 tum
283 1456 422 1495 Metello,
451 1457 506 1487 tibi
532 1457 708 1497 Apronium
737 1457 769 1486 in
799 1456 935 1486 decumis
964 1456 1079 1486 socium

188 1498 288 1529 fuisse.
314 1502 337 1517 “
350 1500 410 1530 Fac
426 1500 499 1530 sciat
514 1500 739 1540 improbitatem
755 1505 918 1529 aratorum.
944 1499 1008 1539 Ipsi
1030 1509 1080 1528 su-

187 1541 316 1579 dabunt,
328 1542 353 1572 si
367 1542 420 1572 Dii
433 1543 572 1573 volunt.''
589 1543 682 1581 Quod
694 1543 771 1573 istuc
784 1546 850 1583 (per
860 1542 942 1572 Deos
954 1542 1080 1571 immor-

188 1584 272 1614 tales!
279 1591 289 1622 )
297 1592 350 1616 aut
360 1586 421 1626 qua
431 1585 468 1616 de
478 1586 568 1616 causa
578 1586 742 1616 excitatum
754 1596 815 1616 esse
825 1585 961 1615 dicamus
972 1584 1002 1614 in
1014 1594 1080 1614 ara-

187 1632 264 1657 tores
275 1634 337 1657 tam
348 1629 493 1659 infestum
505 1629 610 1659 odium
620 1635 711 1670 atque
722 1635 839 1659 tantum
851 1630 863 1658 1³
875 1634 1020 1669 quantam
1033 1627 1080 1656 in-

183 1670 298 1708 juriam
311 1671 445 1701 fecerunt
460 1672 547 1702 Verri
559 1679 699 1708 aratores,
709 1679 742 1701 ut
752 1683 800 1702 eos
813 1671 903 1701 etiam
914 1671 1039 1700 libertus
1050 1676 1079 1699 et

185 1723 327 1744 accensus
343 1715 408 1754 ejus
420 1720 483 1745 tam
499 1715 575 1746 irato
591 1715 693 1746 animo
709 1715 755 1745 his
771 1714 864 1745 literis
879 1713 1078 1754 insequatur?
