1181 1902
269 146 360 179 PRO
383 143 549 177 ROSCIO
571 143 804 175 AMERINO.
939 145 980 180 37

136 236 268 266 liberum
293 233 450 264 hominem
477 231 587 267 nosset,
619 241 672 271 per
701 241 794 271 quem
824 231 981 272 negotium

137 279 331 318 transigeret:
357 286 455 306 servos
475 284 545 305 vero
565 273 666 314 ipsum
682 274 773 304 etiam
789 274 820 303 in
841 275 983 315 quaestio-

138 332 207 352 nem
239 319 401 361 postulare,
433 327 515 353 cum,
546 316 568 345 ii
600 327 638 346 ne
670 316 791 353 dentur,
822 318 984 348 adversarii

138 371 320 404 magnopere
335 366 480 392 recusent.
505 358 644 389 Secundo
659 359 736 395 loco,
752 359 794 390 ita
809 369 895 390 reum
911 372 984 401 pur-

139 413 202 447 gat,
230 413 264 435 ut
285 405 376 436 etiam
397 404 428 433 in
449 403 489 432 T.
509 402 653 432 Roscium
675 403 852 443 quemdam,
874 414 985 444 cogno-

140 456 242 480 mento
258 448 423 488 Magnum,
441 447 553 476 crimen
569 445 714 482 conferat,
731 446 813 486 quod
829 452 858 476 et
873 453 986 477 veteres

140 500 169 523 et
184 492 324 532 capitales
339 489 510 519 inimicitias
526 499 596 519 cum
613 488 697 519 Sexti
711 495 796 529 patre
808 490 985 527 exercuerit,

141 542 170 566 et
196 536 304 565 Romae
329 539 395 562 tum
422 532 524 568 fuerit,
548 542 619 561 eum
639 531 690 561 ille
711 532 824 562 occisus
845 532 962 562 dicatur
975 545 984 563 :

141 588 243 609 servus
258 583 401 618 practerea
421 575 543 605 sicarius
565 581 593 604 et
614 574 762 614 gladiator
782 575 830 612 sit,
853 586 887 605 ac
908 586 987 616 saepe

141 622 173 651 in
195 620 274 651 caede
295 624 438 649 versatus.
474 617 594 647 Deinde
615 617 653 647 11.
677 618 921 658 Chrysogonum,
947 619 986 648 L.

143 664 236 695 Sullae
251 663 407 698 libertum,
424 667 453 691 et
468 660 549 701 apud
565 660 707 690 eumdem
722 661 986 700 gratiosissimum,

141 706 288 737 interfecti
312 707 401 741 bona,
424 703 511 744 quasi
531 703 699 742 proscripti,
722 704 874 741 coemisse,
894 705 989 745 possi-

143 750 223 786 dere,
247 754 363 788 partem
386 757 457 776 cum
473 746 512 776 T.
531 745 641 776 Roscio
663 746 920 777 communicasse:
946 753 987 785 et,

143 793 216 834 quia
231 801 312 821 nunc
328 790 413 820 Sexti
425 789 551 828 hujusce
567 788 661 818 vitam
673 795 800 829 uterque
816 790 883 828 sibi,
900 790 938 821 ad
954 802 989 821 ea

143 837 224 866 bona
249 833 388 869 fruenda,
415 834 533 862 obstare
562 837 654 871 atque
683 831 800 862 officere
824 833 988 874 intelligat,

144 878 306 914 Erucium,
337 881 539 906 accusatorem
567 880 697 904 veterem
724 881 753 905 et
779 876 988 915 exercitatum,

145 920 329 962 apposuisse,
343 918 397 960 qui
413 918 525 948 crimen
538 917 646 947 callide
660 918 854 958 confingeret,
871 930 992 950 accusa-

145 965 320 1003 tionemque
335 961 505 1002 susciperet.
530 961 633 990 Reum
649 967 751 990 autem
768 962 914 992 Roscium
931 973 993 993 non

146 1007 238 1038 modo
259 1005 381 1035 nullum
401 1004 643 1034 emolumentum
664 1014 701 1034 ex
722 1014 794 1035 nece
813 1006 918 1045 patris,
940 1005 992 1036 sed

148 1051 239 1081 etiam
256 1057 409 1079 summam
429 1053 592 1087 egestatem
613 1052 703 1087 atque
724 1047 870 1088 inopiam,
892 1060 994 1090 repor-

147 1092 242 1124 tasse:
267 1091 408 1131 iniquum
425 1101 498 1127 esse,
517 1096 562 1127 ut,
584 1090 670 1128 cujus
685 1090 798 1129 injuria
813 1092 918 1132 patriis
933 1092 994 1122 for-

148 1136 231 1167 tunis
254 1134 396 1164 omnibus
411 1133 449 1163 sit
469 1143 599 1169 eversus,
613 1139 704 1173 atque
725 1133 763 1163 ad
779 1145 932 1165 summam
947 1135 995 1164 in-

149 1179 250 1220 opiam
266 1177 414 1213 redactus,
431 1177 496 1215 ejus
511 1186 593 1206 nunc
608 1174 752 1216 potentia,
770 1188 823 1217 per
837 1188 995 1208 summum

150 1222 278 1252 dedecus
313 1229 527 1259 summamque
562 1219 718 1258 injuriam,
757 1219 818 1250 vitai
849 1221 994 1261 privetur.

154 1266 256 1296 Causa
264 1264 399 1304 publica,
411 1262 546 1303 adeoque
558 1262 659 1302 ipsum
667 1263 826 1302 judicium
837 1265 997 1303 publicum

152 1314 212 1339 est:
239 1308 270 1337 h.
294 1317 319 1336 e.
347 1312 500 1336 accusator
523 1315 584 1335 non
608 1305 758 1346 privatam
782 1306 921 1346 alicujus,
945 1307 998 1337 sed

152 1352 231 1382 laesae
246 1350 337 1381 totius
353 1349 425 1389 reip.
448 1348 592 1388 injuriam
616 1349 815 1389 persequitur,
838 1350 921 1390 quod
940 1350 1000 1380 hu-

151 1393 286 1434 jusmodi
301 1392 428 1423 crimina
442 1391 481 1421 ad
501 1391 596 1431 ipsius
617 1391 690 1432 reip.
706 1392 871 1432 perniciem
887 1393 998 1423 valent.

153 1438 236 1469 Acta
250 1442 294 1466 est
308 1436 339 1465 in
356 1435 420 1464 foro
437 1438 484 1468 (ut
499 1435 591 1464 moris
606 1440 680 1472 erat,
696 1435 829 1475 publice,
842 1441 872 1465 et
886 1435 917 1465 in
930 1446 1002 1466 con-

156 1486 258 1521 spectu
282 1478 388 1519 populi
406 1477 520 1507 circum
541 1477 683 1507 subsellia
700 1478 840 1516 judicum
859 1489 1002 1509 coronam

156 1522 303 1559 facientis,
319 1522 383 1551 haec
398 1521 504 1560 capitis
522 1520 637 1559 judicia
657 1521 734 1557 fieri)
757 1520 796 1551 ad
818 1520 865 1552 M.
892 1521 1004 1552 Fannii

158 1565 293 1608 praetoris
309 1563 453 1600 tribunal,
467 1563 521 1604 qui
536 1563 695 1604 quaestioni
710 1563 787 1594 inter
797 1564 915 1595 sicarios
927 1575 1006 1606 prae-

161 1614 243 1644 eratg
269 1618 339 1638 cum
355 1607 382 1637 ei
401 1606 433 1636 in
454 1606 578 1637 consilio
598 1606 714 1645 judices
735 1617 772 1637 ex
792 1607 897 1638 ordine
921 1618 1007 1638 sena-

160 1652 237 1682 torio
252 1651 319 1692 (qui
335 1656 401 1680 tum
417 1650 498 1679 solus
512 1650 579 1689 lege
595 1650 736 1679 Cornelia
749 1649 919 1689 judicabat)
935 1651 1008 1681 assi-

162 1695 275 1725 derent.
300 1693 342 1723 Et
363 1699 428 1723 acta
449 1698 504 1728 est,
521 1699 556 1722 ut
573 1692 691 1722 Gellius
712 1699 850 1730 testatur,
867 1694 905 1724 L.
922 1694 1010 1724 Sulla

163 1738 286 1819 aerum,
304 1742 334 1767 et
348 1736 389 1774 Q.
410 1735 540 1767 Metello
556 1735 640 1766 Coss.
657 1745 737 1766 anno
752 1741 819 1777 post
834 1747 956 1767 causam
973 1736 1010 1767 P.

197 1786 295 1810 umm.

156 1864 276 1902 (Orat.)
295 1872 379 1895 voL.
395 1871 418 1893 1.
733 1870 753 1891 Ε
