1181 1902
161 57 225 86 250
332 56 385 86 IN
409 56 606 87 VERREM
634 57 697 87 ΙΙΙ.
723 57 807 88 CAP.
824 57 876 87 40.

157 141 269 172 1ium.''
293 141 426 173 Causam
442 142 559 173 Sthenii
574 148 681 181 totam,
698 148 728 174 et
738 142 824 173 istius
840 141 1048 173 crudelitatem

158 190 188 215 et
211 185 416 226 iniquitatem,
434 191 572 216 senatum
601 186 716 217 docent.
749 186 866 216 Aderat
887 186 919 215 in
944 190 1049 215 senatu

157 227 279 265 Verres,
295 233 381 269 pater
400 228 497 266 istius,
520 235 550 260 et
569 229 643 260 flens
658 239 911 270 unumquemque
931 233 1048 258 senato-

158 281 222 301 rem
249 273 385 311 rogabat,
410 278 445 301 ut
470 271 533 302 filio
559 283 613 303 suo
637 279 789 313 parceret:
821 281 919 312 neque
945 276 1047 301 tamen

157 314 292 344 multum
307 314 500 354 proficiebat:
525 321 587 346 erat
610 316 690 346 enim
713 325 834 345 summa
849 315 988 344 voluntas
1004 323 1049 344 se-

157 359 255 387 natus.
281 357 390 398 Itaque
406 358 559 388 sententiae
570 359 757 396 dicebantur,
776 360 798 376 ‘⁶
812 358 893 388 Cum
906 357 1049 388 Sthenius

157 401 264 430 absens
279 410 347 430 reus
362 400 458 431 factus
473 407 560 439 esset,
577 401 614 431 de
629 403 751 431 absente
760 400 910 440 judicium
926 401 1048 430 nullum

156 442 223 472 fieri
237 443 373 484 placere:
398 450 438 479 et,
455 444 480 474 si
495 444 577 484 quod
593 450 668 474 esset
682 444 809 481 factum,
825 443 857 474 id
869 449 969 473 ratum
986 452 1048 473 esse

157 494 218 515 non
234 486 384 527 placere.”
415 486 464 517 Eo
485 487 533 517 die
554 487 677 527 transigi
693 487 769 517 nihil
784 486 895 527 potuit,
921 486 1003 526 quod
1019 491 1048 515 et

156 527 189 558 id
213 529 355 570 temporis
380 535 453 567 erat,
479 536 508 560 et
531 531 582 560 ille
602 537 687 570 pater
710 530 795 560 istius
815 530 970 559 invenerat
992 528 1048 558 ho-

155 571 264 609 mines,
289 572 342 613 qui
357 572 483 603 dicendo
498 579 619 614 tempus
635 579 853 603 consumerent.
879 572 989 602 Postea
1003 582 1048 602 se-

154 623 216 645 nex
237 615 346 646 Verres
366 615 534 646 defensores
554 623 645 657 atque
663 616 794 656 hospites
811 625 915 645 omnes
931 615 1049 645 Sthenii

155 658 314 688 convenit:
339 665 424 698 rogat
440 669 488 689 eos
503 665 594 700 atque
609 666 685 697 orat,
702 669 740 689 ne
755 664 932 700 oppugnent
947 658 1047 687 filium

155 711 265 730 suum:
291 700 328 731 de
344 702 469 731 Sthenio
481 712 519 732 ne
530 703 686 732 laborent:
711 702 870 732 confirmat
884 701 942 737 his,
960 711 1047 731 cura-

155 749 260 774 turum
277 753 306 774 se
319 754 391 781 esse,
408 754 446 774 ne
458 745 533 785 quid
549 745 575 774 ei
591 756 644 785 per
658 745 758 774 filium
774 755 864 774 suum
881 749 1043 774 noceatur:

154 796 185 816 se
199 786 337 816 homines
352 792 457 823 certos,
471 788 536 825 ejus
551 788 593 816 rei
609 788 710 823 causti,
727 787 759 816 in
775 786 909 817 Siciliam
925 792 954 816 et
970 785 1049 818 terra

155 834 185 859 et
200 828 277 858 mari
292 829 468 859 missurum.
500 829 543 859 Et
559 834 621 859 erat
636 829 768 870 spatium
783 829 901 859 dierum
917 829 978 859 fere
994 830 1047 860 tri-

153 872 239 912 ginta
262 878 332 901 ante
359 872 510 902 Calendas
536 871 736 908 Decembris;
760 882 822 913 quo
847 872 895 902 die
921 872 986 910 iste,
1011 878 1046 904 ut

154 915 309 955 Syracusis
325 914 467 945 Sthenius
479 915 605 952 adesset,
623 916 766 945 edixerat.
806 915 1046 946 Commoventur

154 957 244 987 amici
259 958 377 988 Sthenii
390 969 399 993 ;
424 964 544 998 sperant
559 958 634 997 fore,
651 964 685 988 ut
699 958 792 999 patris
807 958 900 988 literis
916 958 1046 989 nuntiis-

153 1010 214 1041 que
238 1000 318 1031 filius
343 1002 381 1031 ab
407 1001 526 1041 incepto
550 1001 652 1032 furore
677 1006 840 1031 revocetur.
876 1001 914 1031 In
939 1007 1045 1032 senatu

152 1049 256 1084 postea
268 1054 357 1074 causa
369 1054 429 1074 non
442 1044 550 1084 agitur.
574 1045 713 1075 Veniunt
728 1044 766 1074 ad
780 1044 873 1074 istum
889 1044 1045 1075 domestici

152 1086 265 1123 nuntii,
281 1087 442 1127 literasque
457 1098 474 1117 a
489 1092 573 1127 patre
588 1087 718 1117 afferunt
733 1092 802 1117 ante
818 1087 966 1118 calendas
979 1087 1044 1117 De-

153 1130 292 1167 cembris,
309 1140 379 1160 cum
394 1130 443 1160 isti
459 1131 550 1160 etiam
566 1136 632 1160 tum
651 1130 688 1160 de
709 1130 834 1161 Sthenio
849 1130 966 1170 integra
981 1136 1045 1161 tota

151 1182 198 1202 res
214 1178 307 1202 esset:
333 1172 499 1213 eodemque
523 1173 550 1203 ei
570 1179 704 1214 tempore
719 1173 757 1203 de
772 1173 876 1203 eadem
898 1184 929 1203 re
949 1174 1044 1204 literae

151 1216 322 1255 complures
343 1226 361 1245 a
379 1216 485 1246 multis
508 1217 573 1256 ejus
596 1216 701 1247 amicis
725 1226 758 1247 ac
778 1216 948 1246 necessariis
972 1217 1045 1247 affe-

152 1264 272 1288 runtur.

195 1301 268 1330 XL.
293 1301 357 1332 Hic
378 1301 444 1339 iste,
469 1301 535 1342 qui,
554 1313 616 1343 pree
638 1302 812 1343 cupiditate,
834 1297 934 1343 neque
954 1301 1044 1332 officii
1151 1259 1155 1355 Ι

152 1344 210 1380 sui,
236 1353 334 1385 neque
355 1345 491 1385 periculi
516 1355 615 1386 neque
634 1345 764 1386 pietatis,
786 1355 884 1393 neque
899 1345 1043 1375 humani-

150 1387 220 1416 tatis
235 1393 310 1417 ratio
312 1398 382 1417 neni
403 1387 554 1418 habuisset
570 1398 719 1437 unquam,
737 1398 845 1428 neque,
862 1388 893 1417 in
910 1398 944 1418 eo
960 1388 1042 1428 quod

151 1431 343 1467 monebatur,
367 1431 575 1460 auctoritatem
590 1431 693 1471 patris,
715 1441 780 1468 nec,
798 1432 828 1460 in
845 1441 879 1461 eo
895 1431 977 1471 quod
992 1441 1041 1461 ro-

151 1474 291 1512 gabatur,
307 1474 495 1503 voluntatem
510 1473 708 1515 [amicorum]
726 1474 967 1514 anteponendam
983 1484 1042 1514 pu-
1056 1507 1058 1509 ,

153 1515 228 1545 tavit
251 1515 369 1545 libidini
395 1527 476 1552 sium
511 1527 602 1547 mane
627 1517 768 1547 Calendis
793 1516 981 1554 Decembris,
1005 1523 1040 1547 ut

152 1558 297 1595 edixerat,
321 1559 480 1588 Sthenium
497 1559 581 1589 citari
590 1560 686 1599 jubet.
711 1560 743 1590 Si
759 1561 810 1589 abs
827 1565 856 1590 te
870 1560 959 1589 istan]
974 1570 1039 1590 rem
1152 1555 1155 1619 ἱ

150 1610 258 1642 parens
273 1607 355 1638 tuus,
379 1602 506 1642 alicujus
527 1603 616 1633 amici
638 1608 755 1643 rogatu,
781 1603 966 1643 benignitate
986 1609 1040 1633 aut
1152 1622 1155 1643 1

148 1644 313 1674 ambitione
324 1644 475 1683 inductus,
489 1646 631 1686 petisset3
648 1646 824 1686 gravissima
840 1651 940 1676 tamen
957 1646 1039 1686 apud
1152 1648 1155 1667 '

148 1691 178 1716 te
201 1687 340 1717 voluntas
362 1687 456 1728 patris
477 1698 539 1718 esse
558 1688 728 1719 debuisset:
752 1699 822 1719 cum
843 1698 911 1719 vero
927 1690 980 1718 abs
996 1694 1036 1726 te,
1152 1669 1155 1719 i

145 1728 190 1759 tui
214 1729 320 1771 capitis
344 1729 444 1768 causa,
469 1736 592 1771 peteret,
614 1731 812 1772 hominesque
832 1737 926 1762 certos
946 1731 1037 1762 domo

0 1797 1181 1902 m———ss
