1181 1902
202 42 266 72 340
376 42 427 72 IN
450 41 646 73 VERREM
672 42 732 73 IV.
757 42 842 73 CAP.
859 44 914 74 54.

199 127 260 164 tiae,
277 127 436 164 foederum,
451 128 623 158 reddidisse.
647 128 742 165 Dicit,
754 129 861 170 quanti
873 129 1020 170 cujusque
1029 128 1094 170 agri

204 170 346 200 decumas
357 171 532 201 vendiderit.
557 171 677 201 Deinde
692 172 766 213 quid
779 171 902 202 scribit?
935 172 1043 202 Recita
1056 172 1095 202 de

207 212 332 253 epistola
346 214 471 254 reliqua.

207 258 352 289 (Samma
370 258 440 286 data
453 261 497 287 est
512 267 602 296 opera
618 268 636 286 α
657 268 715 295 me,
738 262 772 287 ut
788 268 879 297 quam
890 259 1028 298 plurimo
1044 258 1096 288 de-

498 310 603 329 cumas
619 302 802 337 venderem.)

250 342 314 371 Cur
338 342 441 382 igitur,
466 342 602 380 Metelle,
625 353 683 373 non
709 344 751 373 ita
772 353 883 384 magno
910 343 1069 373 vendidisti
1081 345 1096 374 ?

206 384 290 422 Quia
305 385 434 415 desertas
446 386 604 423 arationes,
615 386 718 416 inanes
730 396 828 426 agros,
842 386 1027 426 provinciam
1037 386 1098 416 mi·

206 438 303 457 seram
319 428 540 469 perditamque,
557 429 676 459 offendi.
701 429 812 466 Quid?
837 429 868 458 id
883 429 995 469 ipsum,
1013 429 1095 470 quod

205 477 304 500 satum
321 477 375 507 est,
393 472 455 512 qua
470 472 584 502 ratione
599 472 773 513 quisquam,
787 472 839 512 qui
855 478 973 509 sereret,
990 472 1095 502 inven-

206 519 254 543 tus
270 519 313 543 est
326 516 338 544 Ρ
363 515 470 544 Recita
484 515 593 544 literas.

573 559 725 595 (Lirem.)

246 599 304 629 Ait
319 610 349 629 se
364 600 489 638 misisse,
503 606 531 630 et
543 607 719 641 praesentem
732 600 933 639 confirmasse,
947 611 1033 631 suam
1045 600 1093 630 in-

204 642 383 683 terposuisse
407 643 624 673 auctoritatem.
659 643 797 673 Tantum
821 644 903 684 quod
927 643 1095 673 aratoribus

205 685 350 715 Metellus
366 687 482 716 obsides
498 696 557 716 non
569 686 663 723 dedit
677 697 707 716 se
722 687 826 716 nulla
820 697 850 715 m
863 697 894 716 re
908 687 934 716 V
938 687 995 716 erri
1011 686 1094 715 simi-

204 728 264 757 lem
275 729 354 758 futui
346 739 423 758 um.
447 732 494 758 At
504 729 577 770 quid
587 735 631 759 est
641 729 795 767 tandem,
788 739 818 758 111
830 740 890 770 quo
902 740 932 759 se
944 728 1093 759 laborasse

205 771 309 801 dicat?
334 772 449 801 Recita.

205 815 268 848 <Ut
297 818 446 852 aratores,
472 816 525 854 qui
554 816 666 854 reliqui
696 818 795 852 erant,
827 816 1093 855 quampluri-mum

569 862 727 895 sererent.)

249 901 271 917 “
288 899 353 938 Qui
368 900 477 942 reliqui
488 901 524 929 ?”
548 901 633 938 Quid
645 901 701 930 hoc
716 900 782 930 est?
805 901 931 942 Reliqui
944 902 957 931 ?
981 911 1042 941 quo
1054 911 1092 931 ex

204 943 309 973 bello?
333 944 395 984 qua
411 955 448 974 ex
464 944 623 974 vastitate?
657 943 809 981 Quaenam
834 944 864 973 in
888 944 990 974 sicilia
1009 950 1093 973 tanta

204 986 314 1023 clades,
332 992 385 1016 aut
396 987 479 1028 quod
495 988 609 1017 bellum
621 995 683 1017 tam
694 987 885 1035 diuturnum,
898 993 959 1016 tam
970 986 1093 1016 calami-

205 1036 317 1066 tosum,
334 1036 363 1059 te
379 1036 515 1070 praetore,
533 1036 683 1060 versatum
700 1036 753 1067 est,
772 1035 805 1059 ut
825 1029 861 1068 is,
887 1030 940 1070 qui
956 1029 1011 1059 tibi
1026 1039 1095 1059 suc-

202 1073 331 1109 cesseiit,
356 1073 486 1113 reliquos
507 1080 636 1103 aratores
660 1072 811 1112 collegisse
837 1079 866 1102 et
890 1082 1034 1103 recreasse
1049 1073 1096 1103 vi-

202 1116 328 1146 deatur.
320 1116 334 1136 ⁹

248 1159 338 1189 LIV.
363 1159 443 1189 Cum
459 1159 545 1189 bellis
558 1158 856 1199 Carthaginiensibus
872 1158 973 1189 Sicilia
985 1163 1093 1188 vexata

201 1208 256 1239 est,
274 1208 303 1231 et
318 1208 395 1242 post,
417 1201 516 1231 nostra
536 1208 720 1243 patrumque
739 1201 896 1239 memoria,
914 1211 983 1231 cum
1000 1201 1044 1231 bis
1059 1201 1091 1230 in

200 1246 236 1274 eit
251 1245 405 1285 provincia
420 1255 540 1285 magnae
552 1245 748 1285 fugitivorum
764 1245 857 1285 copiae
868 1250 989 1274 versatae
999 1250 1090 1280 sunt3

202 1294 304 1317 tamen
321 1294 473 1317 aratorum
498 1288 629 1318 interitio
644 1288 723 1318 facta
738 1288 823 1317 nulla
837 1293 889 1317 est.
924 1287 1020 1324 Tum,
1046 1297 1091 1317 se-

200 1337 302 1360 mente
318 1331 480 1371 prohibita,
492 1337 545 1361 aut
555 1341 650 1361 messe
660 1331 780 1367 amissa,
789 1330 903 1360 fructus
914 1340 1034 1360 annuus
1045 1329 1092 1359 in-

202 1374 330 1408 teribat;
355 1381 457 1404 tamen
483 1374 643 1404 incolumis
670 1384 814 1404 numerus
836 1375 978 1403 manebat
993 1372 1090 1402 domi-

202 1426 310 1446 norum
322 1423 412 1457 atque
418 1422 580 1446 aratorum.
597 1417 627 1447 ’1
630 1427 694 1453 um,
706 1417 759 1458 qui
775 1417 823 1447 M.
838 1416 974 1453 Laevino,
985 1422 1038 1445 aut
1049 1416 1088 1447 P

203 1459 341 1500 Rupilio,
367 1466 420 1489 aut
436 1460 485 1489 Μ’
501 1460 653 1501 Aquinio,
670 1460 857 1500 praetoribus,
883 1459 914 1489 in
931 1469 997 1489 eam
1019 1469 1089 1499 pro·-

202 1502 330 1532 vinciam
348 1509 558 1540 successerant,
584 1510 712 1533 aratores
734 1502 864 1543 reliquos
885 1512 945 1531 non
968 1502 1090 1540 colline-

201 1545 220 1574 b
223 1552 283 1574 1.nt
322 1546 352 1575 ’1
354 1552 463 1575 antone
479 1546 547 1586 plus
564 1546 673 1576 Verres
688 1556 758 1576 cum
774 1545 913 1585 Apronio
928 1544 1089 1585 provinciae

200 1588 311 1618 Siciliae
326 1588 505 1618 calamitatis
521 1589 705 1629 importavit,
727 1598 820 1629 quam
844 1594 897 1618 aut
914 1588 1090 1618 Hasdrubal

197 1640 267 1660 cum
278 1632 440 1661 Poenorum
452 1632 595 1670 exercitu,
604 1632 798 1662 autAthenio
811 1642 879 1661 cum
891 1631 1090 1671 fugitivorum

199 1674 342 1704 maximis
361 1674 464 1714 copiis,
478 1681 523 1712 ut,
536 1675 722 1715 temporibus
737 1675 808 1712 illis,
820 1674 911 1703 simul
921 1681 1012 1714 atque
1023 1674 1094 1704 hos·

195 1717 233 1746 tis
254 1724 411 1758 superatus
428 1723 514 1753 esset,
526 1728 596 1757 ager
606 1725 739 1748 araretur
751 1718 862 1754 omnis,
874 1727 973 1758 neque
983 1717 1091 1747 aratori
