<?xml version="1.0" encoding="UTF-8"?>
<!DOCTYPE html PUBLIC "-//W3C//DTD XHTML 1.0 Transitional//EN"
    "http://www.w3.org/TR/xhtml1/DTD/xhtml1-transitional.dtd">
<html xmlns="http://www.w3.org/1999/xhtml" xml:lang="en" lang="en">
 <head>
  <title>
</title>
<meta http-equiv="Content-Type" content="text/html;charset=utf-8" />
  <meta name='ocr-system' content='tesseract 3.04.00' />
  <meta name='ocr-capabilities' content='ocr_page ocr_carea ocr_par ocr_line ocrx_word'/>
</head>
<body>
  <div class='ocr_page' id='page_1' title='image "./operaern05ciceuoft_0089.png"; bbox 0 0 1181 1902; ppageno 0'>
   <div class='ocr_carea' id='block_1_1' title="bbox 0 0 1181 110">
    <p class='ocr_par' dir='ltr' id='par_1_1' title="bbox 0 0 1181 110">
     <span class='ocr_line' id='line_1_1' title="bbox 0 0 1181 110; baseline -0.004 -45"><span class='ocrx_word' id='word_1_1' title='bbox 0 0 1181 110; x_wconf 78' lang='lat'>—</span> 
     </span>
    </p>
   </div>
   <div class='ocr_carea' id='block_1_2' title="bbox 154 191 958 232">
    <p class='ocr_par' dir='ltr' id='par_1_2' title="bbox 154 191 958 232">
     <span class='ocr_line' id='line_1_2' title="bbox 154 191 958 232; baseline 0 -6"><span class='ocrx_word' id='word_1_2' title='bbox 154 194 246 226; x_wconf 87' lang='lat' dir='ltr'>PRO</span> <span class='ocrx_word' id='word_1_3' title='bbox 269 194 436 227; x_wconf 85' lang='lat' dir='ltr'>ROSCIO</span> <span class='ocrx_word' id='word_1_4' title='bbox 460 195 692 227; x_wconf 85' lang='lat' dir='ltr'>AMERINO.</span> <span class='ocrx_word' id='word_1_5' title='bbox 717 196 800 227; x_wconf 73' lang='lat' dir='ltr'><strong>CAP.</strong></span> <span class='ocrx_word' id='word_1_6' title='bbox 818 196 869 226; x_wconf 78' lang='lat'>44.</span> <span class='ocrx_word' id='word_1_7' title='bbox 915 191 958 232; x_wconf 81' lang='grc'>77</span> 
     </span>
    </p>
   </div>
   <div class='ocr_carea' id='block_1_3' title="bbox 36 281 958 1843">
    <p class='ocr_par' dir='ltr' id='par_1_3' title="bbox 61 281 958 624">
     <span class='ocr_line' id='line_1_3' title="bbox 61 281 956 323; baseline -0.001 -10"><span class='ocrx_word' id='word_1_8' title='bbox 61 290 296 323; x_wconf 73' lang='lat' dir='ltr'>conqueramur.</span> <span class='ocrx_word' id='word_1_9' title='bbox 320 281 439 313; x_wconf 89' lang='lat' dir='ltr'>Verum</span> <span class='ocrx_word' id='word_1_10' title='bbox 449 282 507 313; x_wconf 84' lang='lat' dir='ltr'>hoe</span> <span class='ocrx_word' id='word_1_11' title='bbox 522 292 578 323; x_wconf 85' lang='lat' dir='ltr'>ego</span> <span class='ocrx_word' id='word_1_12' title='bbox 590 293 704 323; x_wconf 89' lang='lat' dir='ltr'>quaero,</span> <span class='ocrx_word' id='word_1_13' title='bbox 715 283 770 323; x_wconf 65' lang='lat' dir='ltr'>qui</span> <span class='ocrx_word' id='word_1_14' title='bbox 780 287 956 323; x_wconf 87' lang='lat' dir='ltr'>potuerunt,</span> 
     </span>
     <span class='ocr_line' id='line_1_4' title="bbox 63 325 958 366; baseline 0 -10"><span class='ocrx_word' id='word_1_15' title='bbox 63 325 122 356; x_wconf 61' lang='lat' dir='ltr'>ista</span> <span class='ocrx_word' id='word_1_16' title='bbox 136 325 202 365; x_wconf 58' lang='lat' dir='ltr'>ipsa</span> <span class='ocrx_word' id='word_1_17' title='bbox 222 325 288 366; x_wconf 89' lang='lat' dir='ltr'>lege</span> <span class='ocrx_word' id='word_1_18' title='bbox 303 336 372 366; x_wconf 82' lang='lat' dir='ltr'>quae</span> <span class='ocrx_word' id='word_1_19' title='bbox 387 325 425 356; x_wconf 91' lang='lat' dir='ltr'>de</span> <span class='ocrx_word' id='word_1_20' title='bbox 442 325 658 366; x_wconf 85' lang='lat' dir='ltr'>proscriptione</span> <span class='ocrx_word' id='word_1_21' title='bbox 673 332 728 363; x_wconf 84' lang='lat' dir='ltr'>est,</span> <span class='ocrx_word' id='word_1_22' title='bbox 751 325 812 356; x_wconf 84' lang='lat' dir='ltr'>sive</span> <span class='ocrx_word' id='word_1_23' title='bbox 833 325 958 356; x_wconf 86' lang='lat' dir='ltr'>Valeria</span> 
     </span>
     <span class='ocr_line' id='line_1_5' title="bbox 63 368 957 406; baseline -0.001 -7"><span class='ocrx_word' id='word_1_24' title='bbox 63 374 120 405; x_wconf 62' lang='lat' dir='ltr'>eet,</span> <span class='ocrx_word' id='word_1_25' title='bbox 133 368 194 398; x_wconf 87' lang='lat' dir='ltr'>sive</span> <span class='ocrx_word' id='word_1_26' title='bbox 207 368 359 406; x_wconf 87' lang='lat' dir='ltr'>Cornelia,</span> <span class='ocrx_word' id='word_1_27' title='bbox 373 370 447 402; x_wconf 90' lang='lat' dir='ltr'>(non</span> <span class='ocrx_word' id='word_1_28' title='bbox 464 368 546 398; x_wconf 90' lang='lat' dir='ltr'>enim</span> <span class='ocrx_word' id='word_1_29' title='bbox 561 368 643 405; x_wconf 87' lang='lat' dir='ltr'>novi,</span> <span class='ocrx_word' id='word_1_30' title='bbox 660 378 715 399; x_wconf 88' lang='lat' dir='ltr'>nec</span> <span class='ocrx_word' id='word_1_31' title='bbox 730 369 803 406; x_wconf 64' lang='lat' dir='ltr'>seio)</span> <span class='ocrx_word' id='word_1_32' title='bbox 816 379 825 404; x_wconf 74' lang='grc' dir='ltr'><strong>ς</strong></span> <span class='ocrx_word' id='word_1_33' title='bbox 849 379 957 399; x_wconf 77' lang='lat' dir='ltr'>verum</span> 
     </span>
     <span class='ocr_line' id='line_1_6' title="bbox 62 411 956 452; baseline 0 -10"><span class='ocrx_word' id='word_1_34' title='bbox 62 411 121 442; x_wconf 64' lang='lat' dir='ltr'>ista</span> <span class='ocrx_word' id='word_1_35' title='bbox 136 411 201 452; x_wconf 63' lang='lat' dir='ltr'>ipsa</span> <span class='ocrx_word' id='word_1_36' title='bbox 221 411 298 451; x_wconf 85' lang='lat' dir='ltr'>lege,</span> <span class='ocrx_word' id='word_1_37' title='bbox 315 413 395 441; x_wconf 86' lang='lat' dir='ltr'>bona</span> <span class='ocrx_word' id='word_1_38' title='bbox 417 412 488 442; x_wconf 81' lang='lat' dir='ltr'>Sex.</span> <span class='ocrx_word' id='word_1_39' title='bbox 516 411 620 442; x_wconf 86' lang='lat' dir='ltr'>Roscii</span> <span class='ocrx_word' id='word_1_40' title='bbox 641 412 742 442; x_wconf 90' lang='lat' dir='ltr'>venire</span> <span class='ocrx_word' id='word_1_41' title='bbox 767 413 821 452; x_wconf 77' lang='lat' dir='ltr'>qui</span> <span class='ocrx_word' id='word_1_42' title='bbox 849 418 956 452; x_wconf 85' lang='lat' dir='ltr'>potue-</span> 
     </span>
     <span class='ocr_line' id='line_1_7' title="bbox 63 454 956 494; baseline 0.001 -10"><span class='ocrx_word' id='word_1_43' title='bbox 63 456 160 485; x_wconf 84' lang='lat' dir='ltr'>runt?</span> <span class='ocrx_word' id='word_1_44' title='bbox 184 454 338 494; x_wconf 79' lang='lat' dir='ltr'>Scriptum</span> <span class='ocrx_word' id='word_1_45' title='bbox 358 454 439 485; x_wconf 89' lang='lat' dir='ltr'>enim</span> <span class='ocrx_word' id='word_1_46' title='bbox 462 454 505 484; x_wconf 82' lang='lat' dir='ltr'>ita</span> <span class='ocrx_word' id='word_1_47' title='bbox 523 454 628 484; x_wconf 86' lang='lat' dir='ltr'>dicunt</span> <span class='ocrx_word' id='word_1_48' title='bbox 648 465 721 491; x_wconf 86' lang='lat' dir='ltr'>esse,</span> <span class='ocrx_word' id='word_1_49' title='bbox 751 456 773 472; x_wconf 80' lang='grc'>“</span> <span class='ocrx_word' id='word_1_50' title='bbox 791 456 834 485; x_wconf 89' lang='lat' dir='ltr'>Ut</span> <span class='ocrx_word' id='word_1_51' title='bbox 849 465 956 485; x_wconf 87' lang='lat' dir='ltr'>eorum</span> 
     </span>
     <span class='ocr_line' id='line_1_8' title="bbox 62 497 957 538; baseline 0.001 -11"><span class='ocrx_word' id='word_1_52' title='bbox 62 498 142 529; x_wconf 88' lang='lat' dir='ltr'>bona</span> <span class='ocrx_word' id='word_1_53' title='bbox 157 503 296 535; x_wconf 78' lang='lat' dir='ltr'>veneant,</span> <span class='ocrx_word' id='word_1_54' title='bbox 313 498 366 538; x_wconf 87' lang='lat' dir='ltr'>qui</span> <span class='ocrx_word' id='word_1_55' title='bbox 382 497 540 538; x_wconf 85' lang='lat' dir='ltr'><strong>proscripti</strong></span> <span class='ocrx_word' id='word_1_56' title='bbox 555 498 661 533; x_wconf 84' lang='lat' dir='ltr'>sunt,&#39;&#39;</span> <span class='ocrx_word' id='word_1_57' title='bbox 683 500 758 538; x_wconf 87' lang='lat' dir='ltr'>(quo</span> <span class='ocrx_word' id='word_1_58' title='bbox 778 497 810 527; x_wconf 88' lang='lat' dir='ltr'>in</span> <span class='ocrx_word' id='word_1_59' title='bbox 827 507 957 528; x_wconf 80' lang='lat' dir='ltr'>numero</span> 
     </span>
     <span class='ocr_line' id='line_1_9' title="bbox 62 540 956 580; baseline 0 -10"><span class='ocrx_word' id='word_1_60' title='bbox 62 542 133 571; x_wconf 82' lang='lat' dir='ltr'>Sex.</span> <span class='ocrx_word' id='word_1_61' title='bbox 156 540 285 570; x_wconf 83' lang='lat' dir='ltr'>Roscius</span> <span class='ocrx_word' id='word_1_62' title='bbox 307 550 368 570; x_wconf 90' lang='lat' dir='ltr'>non</span> <span class='ocrx_word' id='word_1_63' title='bbox 389 546 458 578; x_wconf 75' lang='lat' dir='ltr'>est),</span> <span class='ocrx_word' id='word_1_64' title='bbox 486 544 508 558; x_wconf 71' lang='lat'>‘⁶</span> <span class='ocrx_word' id='word_1_65' title='bbox 524 547 577 570; x_wconf 89' lang='lat' dir='ltr'>aut</span> <span class='ocrx_word' id='word_1_66' title='bbox 593 550 709 578; x_wconf 84' lang='lat' dir='ltr'>eorum,</span> <span class='ocrx_word' id='word_1_67' title='bbox 727 540 827 580; x_wconf 88' lang='lat' dir='ltr'>quiin</span> <span class='ocrx_word' id='word_1_68' title='bbox 849 541 956 571; x_wconf 82' lang='lat' dir='ltr'>adver-</span> 
     </span>
     <span class='ocr_line' id='line_1_10' title="bbox 61 583 955 624; baseline 0.001 -11"><span class='ocrx_word' id='word_1_69' title='bbox 61 583 210 613; x_wconf 81' lang='lat' dir='ltr'>sariorum</span> <span class='ocrx_word' id='word_1_70' title='bbox 225 583 371 623; x_wconf 86' lang='lat' dir='ltr'>praesidiis</span> <span class='ocrx_word' id='word_1_71' title='bbox 386 583 474 613; x_wconf 84' lang='lat' dir='ltr'>occisi</span> <span class='ocrx_word' id='word_1_72' title='bbox 490 590 569 613; x_wconf 82' lang='lat' dir='ltr'>sunt.</span> <span class='ocrx_word' id='word_1_73' title='bbox 574 584 594 597; x_wconf 87' lang='lat'>&#39;&#39;</span> <span class='ocrx_word' id='word_1_74' title='bbox 625 583 713 613; x_wconf 85' lang='lat' dir='ltr'>Dum</span> <span class='ocrx_word' id='word_1_75' title='bbox 732 583 872 624; x_wconf 86' lang='lat' dir='ltr'>praesidia</span> <span class='ocrx_word' id='word_1_76' title='bbox 890 584 955 614; x_wconf 87' lang='lat' dir='ltr'>ulla</span> 
     </span>
    </p>

    <p class='ocr_par' dir='ltr' id='par_1_4' title="bbox 36 625 955 925">
     <span class='ocr_line' id='line_1_11' title="bbox 36 625 955 667; baseline 0 -11"><span class='ocrx_word' id='word_1_77' title='bbox 36 643 39 645; x_wconf 97' lang='lat'>-</span> <span class='ocrx_word' id='word_1_78' title='bbox 60 625 217 663; x_wconf 81' lang='lat' dir='ltr'>fuerunt,</span> <span class='ocrx_word' id='word_1_79' title='bbox 209 636 241 655; x_wconf 88' lang='lat' dir='ltr'>m</span> <span class='ocrx_word' id='word_1_80' title='bbox 257 627 352 656; x_wconf 83' lang='lat' dir='ltr'>Sullae</span> <span class='ocrx_word' id='word_1_81' title='bbox 367 626 513 667; x_wconf 73' lang='lat' dir='ltr'>praesidiis</span> <span class='ocrx_word' id='word_1_82' title='bbox 527 626 597 656; x_wconf 88' lang='lat' dir='ltr'>fuit.</span> <span class='ocrx_word' id='word_1_83' title='bbox 633 627 835 667; x_wconf 82' lang='lat' dir='ltr'>Posteaquam</span> <span class='ocrx_word' id='word_1_84' title='bbox 851 627 890 655; x_wconf 92' lang='lat' dir='ltr'>ab</span> <span class='ocrx_word' id='word_1_85' title='bbox 906 637 955 656; x_wconf 87' lang='lat' dir='ltr'>ar-</span> 
     </span>
     <span class='ocr_line' id='line_1_12' title="bbox 59 669 953 707; baseline 0 -8"><span class='ocrx_word' id='word_1_86' title='bbox 59 669 119 699; x_wconf 87' lang='lat' dir='ltr'>mis</span> <span class='ocrx_word' id='word_1_87' title='bbox 134 675 328 707; x_wconf 84' lang='lat' dir='ltr'>recesserunt,</span> <span class='ocrx_word' id='word_1_88' title='bbox 346 669 378 698; x_wconf 92' lang='lat' dir='ltr'>in</span> <span class='ocrx_word' id='word_1_89' title='bbox 394 679 515 699; x_wconf 87' lang='lat' dir='ltr'>summo</span> <span class='ocrx_word' id='word_1_90' title='bbox 530 669 602 707; x_wconf 83' lang='lat' dir='ltr'>otio,</span> <span class='ocrx_word' id='word_1_91' title='bbox 616 669 732 700; x_wconf 84' lang='lat' dir='ltr'>rediens</span> <span class='ocrx_word' id='word_1_92' title='bbox 744 680 762 699; x_wconf 89' lang='lat' dir='ltr'>a</span> <span class='ocrx_word' id='word_1_93' title='bbox 773 679 868 705; x_wconf 78' lang='lat' dir='ltr'>coena,</span> <span class='ocrx_word' id='word_1_94' title='bbox 887 670 953 699; x_wconf 82' lang='lat' dir='ltr'>Ro-</span> 
     </span>
     <span class='ocr_line' id='line_1_13' title="bbox 59 712 954 753; baseline 0.001 -11"><span class='ocrx_word' id='word_1_95' title='bbox 59 721 119 742; x_wconf 82' lang='lat' dir='ltr'>mae</span> <span class='ocrx_word' id='word_1_96' title='bbox 134 712 248 742; x_wconf 86' lang='lat' dir='ltr'>occisus</span> <span class='ocrx_word' id='word_1_97' title='bbox 269 718 322 742; x_wconf 84' lang='lat' dir='ltr'>est.</span> <span class='ocrx_word' id='word_1_98' title='bbox 356 712 390 742; x_wconf 69' lang='lat' dir='ltr'>Si</span> <span class='ocrx_word' id='word_1_99' title='bbox 413 712 491 752; x_wconf 83' lang='lat' dir='ltr'>lege,</span> <span class='ocrx_word' id='word_1_100' title='bbox 508 713 588 742; x_wconf 91' lang='lat' dir='ltr'>bona</span> <span class='ocrx_word' id='word_1_101' title='bbox 606 723 728 753; x_wconf 88' lang='lat' dir='ltr'>quoque</span> <span class='ocrx_word' id='word_1_102' title='bbox 748 713 815 752; x_wconf 82' lang='lat' dir='ltr'>lege</span> <span class='ocrx_word' id='word_1_103' title='bbox 835 713 954 743; x_wconf 77' lang='lat' dir='ltr'>venisse</span> 
     </span>
     <span class='ocr_line' id='line_1_14' title="bbox 58 755 953 792; baseline 0 -7"><span class='ocrx_word' id='word_1_104' title='bbox 58 755 176 786; x_wconf 80' lang='lat' dir='ltr'>fateor:</span> <span class='ocrx_word' id='word_1_105' title='bbox 201 755 246 785; x_wconf 92' lang='lat' dir='ltr'>sin</span> <span class='ocrx_word' id='word_1_106' title='bbox 263 762 367 785; x_wconf 85' lang='lat' dir='ltr'>autem</span> <span class='ocrx_word' id='word_1_107' title='bbox 388 760 514 791; x_wconf 82' lang='lat' dir='ltr'>constat,</span> <span class='ocrx_word' id='word_1_108' title='bbox 531 762 634 784; x_wconf 86' lang='lat' dir='ltr'>contra</span> <span class='ocrx_word' id='word_1_109' title='bbox 654 765 770 792; x_wconf 87' lang='lat' dir='ltr'>omnes,</span> <span class='ocrx_word' id='word_1_110' title='bbox 783 765 844 785; x_wconf 88' lang='lat' dir='ltr'>non</span> <span class='ocrx_word' id='word_1_111' title='bbox 859 755 953 785; x_wconf 89' lang='lat' dir='ltr'>modo</span> 
     </span>
     <span class='ocr_line' id='line_1_15' title="bbox 58 798 952 838; baseline -0.001 -9"><span class='ocrx_word' id='word_1_112' title='bbox 58 805 172 829; x_wconf 84' lang='lat' dir='ltr'>veteres</span> <span class='ocrx_word' id='word_1_113' title='bbox 184 798 276 838; x_wconf 86' lang='lat' dir='ltr'>leges,</span> <span class='ocrx_word' id='word_1_114' title='bbox 290 808 396 828; x_wconf 87' lang='lat' dir='ltr'>verum</span> <span class='ocrx_word' id='word_1_115' title='bbox 413 798 504 828; x_wconf 85' lang='lat' dir='ltr'>etiam</span> <span class='ocrx_word' id='word_1_116' title='bbox 520 807 623 835; x_wconf 84' lang='lat' dir='ltr'>novas,</span> <span class='ocrx_word' id='word_1_117' title='bbox 638 799 770 828; x_wconf 83' lang='lat' dir='ltr'>occisum</span> <span class='ocrx_word' id='word_1_118' title='bbox 786 809 868 833; x_wconf 73' lang='lat' dir='ltr'>esseg</span> <span class='ocrx_word' id='word_1_119' title='bbox 896 800 952 828; x_wconf 91' lang='lat' dir='ltr'>bo-</span> 
     </span>
     <span class='ocr_line' id='line_1_16' title="bbox 58 840 949 883; baseline 0 -12"><span class='ocrx_word' id='word_1_120' title='bbox 58 850 99 871; x_wconf 88' lang='lat' dir='ltr'>na</span> <span class='ocrx_word' id='word_1_121' title='bbox 113 852 174 883; x_wconf 92' lang='lat' dir='ltr'>quo</span> <span class='ocrx_word' id='word_1_122' title='bbox 187 842 267 881; x_wconf 87' lang='lat' dir='ltr'>jure,</span> <span class='ocrx_word' id='word_1_123' title='bbox 290 846 344 872; x_wconf 89' lang='lat' dir='ltr'>aut</span> <span class='ocrx_word' id='word_1_124' title='bbox 361 851 423 882; x_wconf 89' lang='lat' dir='ltr'>quo</span> <span class='ocrx_word' id='word_1_125' title='bbox 438 840 542 880; x_wconf 83' lang='lat' dir='ltr'>modo,</span> <span class='ocrx_word' id='word_1_126' title='bbox 558 847 612 871; x_wconf 91' lang='lat' dir='ltr'>aut</span> <span class='ocrx_word' id='word_1_127' title='bbox 630 841 693 881; x_wconf 61' lang='lat' dir='ltr'>qua</span> <span class='ocrx_word' id='word_1_128' title='bbox 706 842 774 882; x_wconf 86' lang='lat' dir='ltr'>lege</span> <span class='ocrx_word' id='word_1_129' title='bbox 790 840 949 880; x_wconf 82' lang='lat' dir='ltr'>venierint,</span> 
     </span>
     <span class='ocr_line' id='line_1_17' title="bbox 56 895 171 925; baseline 0.009 -11"><span class='ocrx_word' id='word_1_130' title='bbox 56 895 171 925; x_wconf 83' lang='lat' dir='ltr'>quaero.</span> 
     </span>
    </p>

    <p class='ocr_par' dir='ltr' id='par_1_5' title="bbox 55 926 951 1358">
     <span class='ocr_line' id='line_1_18' title="bbox 102 926 950 968; baseline -0.001 -10"><span class='ocrx_word' id='word_1_131' title='bbox 102 927 227 958; x_wconf 85' lang='lat' dir='ltr'>XLIV.</span> <span class='ocrx_word' id='word_1_132' title='bbox 252 926 291 957; x_wconf 90' lang='lat' dir='ltr'>In</span> <span class='ocrx_word' id='word_1_133' title='bbox 301 937 394 968; x_wconf 92' lang='lat' dir='ltr'>quem</span> <span class='ocrx_word' id='word_1_134' title='bbox 405 927 463 958; x_wconf 87' lang='lat' dir='ltr'>hoc</span> <span class='ocrx_word' id='word_1_135' title='bbox 472 927 583 965; x_wconf 85' lang='lat' dir='ltr'>dicam,</span> <span class='ocrx_word' id='word_1_136' title='bbox 597 926 720 967; x_wconf 84' lang='lat' dir='ltr'>quaeris,</span> <span class='ocrx_word' id='word_1_137' title='bbox 731 927 826 958; x_wconf 89' lang='lat' dir='ltr'>Eruci</span> <span class='ocrx_word' id='word_1_138' title='bbox 837 929 851 958; x_wconf 72' lang='grc' dir='ltr'>Ρ</span> <span class='ocrx_word' id='word_1_139' title='bbox 875 927 950 957; x_wconf 91' lang='lat' dir='ltr'>Non</span> 
     </span>
     <span class='ocr_line' id='line_1_19' title="bbox 56 969 950 1011; baseline -0.002 -9"><span class='ocrx_word' id='word_1_140' title='bbox 56 969 89 1001; x_wconf 85' lang='lat' dir='ltr'>in</span> <span class='ocrx_word' id='word_1_141' title='bbox 105 981 188 1008; x_wconf 88' lang='lat' dir='ltr'>eum,</span> <span class='ocrx_word' id='word_1_142' title='bbox 205 980 298 1011; x_wconf 89' lang='lat' dir='ltr'>quem</span> <span class='ocrx_word' id='word_1_143' title='bbox 314 971 358 1001; x_wconf 86' lang='lat' dir='ltr'>vis</span> <span class='ocrx_word' id='word_1_144' title='bbox 379 976 408 1000; x_wconf 93' lang='lat' dir='ltr'>et</span> <span class='ocrx_word' id='word_1_145' title='bbox 430 976 538 1011; x_wconf 87' lang='lat' dir='ltr'>putas:</span> <span class='ocrx_word' id='word_1_146' title='bbox 564 980 636 1000; x_wconf 88' lang='lat' dir='ltr'>nam</span> <span class='ocrx_word' id='word_1_147' title='bbox 659 971 778 1001; x_wconf 84' lang='lat' dir='ltr'>Sullam</span> <span class='ocrx_word' id='word_1_148' title='bbox 805 976 835 1001; x_wconf 85' lang='lat' dir='ltr'>et</span> <span class='ocrx_word' id='word_1_149' title='bbox 854 971 950 1001; x_wconf 85' lang='lat' dir='ltr'>oratio</span> 
     </span>
     <span class='ocr_line' id='line_1_20' title="bbox 55 1013 951 1054; baseline -0.001 -9"><span class='ocrx_word' id='word_1_150' title='bbox 55 1023 127 1045; x_wconf 86' lang='lat' dir='ltr'>mea</span> <span class='ocrx_word' id='word_1_151' title='bbox 141 1015 179 1044; x_wconf 85' lang='lat' dir='ltr'>ab</span> <span class='ocrx_word' id='word_1_152' title='bbox 194 1013 292 1051; x_wconf 88' lang='lat' dir='ltr'>initio,</span> <span class='ocrx_word' id='word_1_153' title='bbox 310 1019 339 1044; x_wconf 90' lang='lat' dir='ltr'>et</span> <span class='ocrx_word' id='word_1_154' title='bbox 354 1013 448 1054; x_wconf 86' lang='lat' dir='ltr'>ipsius</span> <span class='ocrx_word' id='word_1_155' title='bbox 464 1013 577 1044; x_wconf 82' lang='lat' dir='ltr'>eximia</span> <span class='ocrx_word' id='word_1_156' title='bbox 592 1013 697 1050; x_wconf 81' lang='lat' dir='ltr'>virtus,</span> <span class='ocrx_word' id='word_1_157' title='bbox 714 1013 798 1044; x_wconf 88' lang='lat' dir='ltr'>omni</span> <span class='ocrx_word' id='word_1_158' title='bbox 813 1020 951 1054; x_wconf 84' lang='lat' dir='ltr'>tempore</span> 
     </span>
     <span class='ocr_line' id='line_1_21' title="bbox 57 1057 949 1098; baseline -0.001 -11"><span class='ocrx_word' id='word_1_159' title='bbox 57 1058 209 1098; x_wconf 87' lang='lat' dir='ltr'>purgavit.</span> <span class='ocrx_word' id='word_1_160' title='bbox 234 1057 303 1097; x_wconf 88' lang='lat' dir='ltr'>Ego</span> <span class='ocrx_word' id='word_1_161' title='bbox 318 1057 382 1087; x_wconf 86' lang='lat' dir='ltr'>haec</span> <span class='ocrx_word' id='word_1_162' title='bbox 395 1057 498 1086; x_wconf 84' lang='lat' dir='ltr'>onmia</span> <span class='ocrx_word' id='word_1_163' title='bbox 509 1057 743 1097; x_wconf 70' lang='lat' dir='ltr'>Chrysogonum</span> <span class='ocrx_word' id='word_1_164' title='bbox 755 1057 858 1087; x_wconf 86' lang='lat' dir='ltr'>fecisse</span> <span class='ocrx_word' id='word_1_165' title='bbox 869 1057 949 1094; x_wconf 86' lang='lat' dir='ltr'>dico,</span> 
     </span>
     <span class='ocr_line' id='line_1_22' title="bbox 56 1100 949 1137; baseline -0.001 -7"><span class='ocrx_word' id='word_1_166' title='bbox 56 1106 93 1130; x_wconf 93' lang='lat' dir='ltr'>ut</span> <span class='ocrx_word' id='word_1_167' title='bbox 104 1100 310 1137; x_wconf 66' lang='lat' dir='ltr'>ementiretur,</span> <span class='ocrx_word' id='word_1_168' title='bbox 324 1106 359 1129; x_wconf 85' lang='lat' dir='ltr'>ut</span> <span class='ocrx_word' id='word_1_169' title='bbox 377 1100 495 1129; x_wconf 88' lang='lat' dir='ltr'>malum</span> <span class='ocrx_word' id='word_1_170' title='bbox 511 1100 607 1130; x_wconf 86' lang='lat' dir='ltr'>civem</span> <span class='ocrx_word' id='word_1_171' title='bbox 621 1100 767 1130; x_wconf 84' lang='lat' dir='ltr'>Roscium</span> <span class='ocrx_word' id='word_1_172' title='bbox 783 1100 875 1130; x_wconf 85' lang='lat' dir='ltr'>fuisse</span> <span class='ocrx_word' id='word_1_173' title='bbox 890 1100 949 1129; x_wconf 89' lang='lat' dir='ltr'>fin-</span> 
     </span>
     <span class='ocr_line' id='line_1_23' title="bbox 56 1142 949 1184; baseline 0 -11"><span class='ocrx_word' id='word_1_174' title='bbox 56 1150 151 1184; x_wconf 88' lang='lat' dir='ltr'>geret,</span> <span class='ocrx_word' id='word_1_175' title='bbox 167 1150 202 1173; x_wconf 89' lang='lat' dir='ltr'>ut</span> <span class='ocrx_word' id='word_1_176' title='bbox 213 1153 284 1173; x_wconf 88' lang='lat' dir='ltr'>eum</span> <span class='ocrx_word' id='word_1_177' title='bbox 300 1143 383 1183; x_wconf 82' lang='lat' dir='ltr'>apud</span> <span class='ocrx_word' id='word_1_178' title='bbox 403 1143 586 1173; x_wconf 77' lang='lat' dir='ltr'>adversarios</span> <span class='ocrx_word' id='word_1_179' title='bbox 598 1143 729 1173; x_wconf 88' lang='lat' dir='ltr'>occisum</span> <span class='ocrx_word' id='word_1_180' title='bbox 745 1153 807 1173; x_wconf 82' lang='lat' dir='ltr'>esse</span> <span class='ocrx_word' id='word_1_181' title='bbox 825 1142 949 1180; x_wconf 83' lang='lat' dir='ltr'>diceret,</span> 
     </span>
     <span class='ocr_line' id='line_1_24' title="bbox 56 1185 948 1226; baseline -0.001 -10"><span class='ocrx_word' id='word_1_182' title='bbox 56 1192 92 1216; x_wconf 91' lang='lat' dir='ltr'>ut</span> <span class='ocrx_word' id='word_1_183' title='bbox 112 1187 193 1217; x_wconf 82' lang='lat' dir='ltr'>hisce</span> <span class='ocrx_word' id='word_1_184' title='bbox 211 1186 249 1217; x_wconf 86' lang='lat' dir='ltr'>de</span> <span class='ocrx_word' id='word_1_185' title='bbox 269 1187 358 1216; x_wconf 86' lang='lat' dir='ltr'>rebus</span> <span class='ocrx_word' id='word_1_186' title='bbox 378 1197 396 1216; x_wconf 90' lang='lat' dir='ltr'>a</span> <span class='ocrx_word' id='word_1_187' title='bbox 418 1186 524 1226; x_wconf 81' lang='lat' dir='ltr'>legatis</span> <span class='ocrx_word' id='word_1_188' title='bbox 547 1186 767 1216; x_wconf 82' lang='lat' dir='ltr'>Amerinorum</span> <span class='ocrx_word' id='word_1_189' title='bbox 788 1186 887 1216; x_wconf 88' lang='lat' dir='ltr'>doceri</span> <span class='ocrx_word' id='word_1_190' title='bbox 908 1185 948 1216; x_wconf 84' lang='lat' dir='ltr'>L.</span> 
     </span>
     <span class='ocr_line' id='line_1_25' title="bbox 56 1228 948 1270; baseline -0.002 -10"><span class='ocrx_word' id='word_1_191' title='bbox 56 1230 177 1260; x_wconf 85' lang='lat' dir='ltr'>Sullam</span> <span class='ocrx_word' id='word_1_192' title='bbox 190 1240 294 1270; x_wconf 84' lang='lat' dir='ltr'>passus</span> <span class='ocrx_word' id='word_1_193' title='bbox 309 1239 370 1259; x_wconf 92' lang='lat' dir='ltr'>non</span> <span class='ocrx_word' id='word_1_194' title='bbox 382 1229 429 1259; x_wconf 87' lang='lat' dir='ltr'>sit.</span> <span class='ocrx_word' id='word_1_195' title='bbox 454 1229 597 1269; x_wconf 85' lang='lat' dir='ltr'>Denique</span> <span class='ocrx_word' id='word_1_196' title='bbox 612 1229 703 1259; x_wconf 86' lang='lat' dir='ltr'>etiam</span> <span class='ocrx_word' id='word_1_197' title='bbox 713 1228 790 1258; x_wconf 83' lang='lat' dir='ltr'>ssJud</span> <span class='ocrx_word' id='word_1_198' title='bbox 802 1229 948 1269; x_wconf 83' lang='lat' dir='ltr'>suspicor,</span> 
     </span>
     <span class='ocr_line' id='line_1_26' title="bbox 55 1271 951 1313; baseline -0.001 -10"><span class='ocrx_word' id='word_1_199' title='bbox 55 1273 181 1304; x_wconf 89' lang='lat' dir='ltr'>omnino</span> <span class='ocrx_word' id='word_1_200' title='bbox 205 1273 269 1303; x_wconf 84' lang='lat' dir='ltr'>haec</span> <span class='ocrx_word' id='word_1_201' title='bbox 295 1274 375 1303; x_wconf 89' lang='lat' dir='ltr'>bona</span> <span class='ocrx_word' id='word_1_202' title='bbox 398 1282 459 1302; x_wconf 89' lang='lat' dir='ltr'>non</span> <span class='ocrx_word' id='word_1_203' title='bbox 480 1273 615 1308; x_wconf 80' lang='lat' dir='ltr'>venisse;</span> <span class='ocrx_word' id='word_1_204' title='bbox 641 1272 673 1302; x_wconf 88' lang='lat' dir='ltr'>id</span> <span class='ocrx_word' id='word_1_205' title='bbox 691 1272 774 1313; x_wconf 81' lang='lat' dir='ltr'>quod.</span> <span class='ocrx_word' id='word_1_206' title='bbox 793 1278 908 1313; x_wconf 83' lang='lat' dir='ltr'>postea,</span> <span class='ocrx_word' id='word_1_207' title='bbox 925 1271 951 1302; x_wconf 87' lang='lat' dir='ltr'>si</span> 
     </span>
     <span class='ocr_line' id='line_1_27' title="bbox 55 1315 729 1358; baseline -0.001 -12"><span class='ocrx_word' id='word_1_208' title='bbox 55 1326 111 1358; x_wconf 86' lang='lat' dir='ltr'>per</span> <span class='ocrx_word' id='word_1_209' title='bbox 126 1326 190 1353; x_wconf 90' lang='lat' dir='ltr'>vos,</span> <span class='ocrx_word' id='word_1_210' title='bbox 204 1316 332 1355; x_wconf 83' lang='lat' dir='ltr'>judices,</span> <span class='ocrx_word' id='word_1_211' title='bbox 349 1315 468 1345; x_wconf 85' lang='lat' dir='ltr'>licitum</span> <span class='ocrx_word' id='word_1_212' title='bbox 484 1315 550 1352; x_wconf 87' lang='lat' dir='ltr'>erit,</span> <span class='ocrx_word' id='word_1_213' title='bbox 567 1315 729 1356; x_wconf 87' lang='lat' dir='ltr'>aperietur.</span> 
     </span>
    </p>

    <p class='ocr_par' dir='ltr' id='par_1_6' title="bbox 55 1358 951 1832">
     <span class='ocr_line' id='line_1_28' title="bbox 100 1358 951 1400; baseline -0.002 -10"><span class='ocrx_word' id='word_1_214' title='bbox 100 1359 221 1400; x_wconf 89' lang='lat' dir='ltr'>Opinor</span> <span class='ocrx_word' id='word_1_215' title='bbox 237 1359 319 1389; x_wconf 87' lang='lat' dir='ltr'>enim</span> <span class='ocrx_word' id='word_1_216' title='bbox 335 1369 397 1389; x_wconf 85' lang='lat' dir='ltr'>esse</span> <span class='ocrx_word' id='word_1_217' title='bbox 411 1359 442 1388; x_wconf 92' lang='lat' dir='ltr'>in</span> <span class='ocrx_word' id='word_1_218' title='bbox 458 1359 535 1398; x_wconf 86' lang='lat' dir='ltr'>lege,</span> <span class='ocrx_word' id='word_1_219' title='bbox 547 1368 641 1399; x_wconf 88' lang='lat' dir='ltr'>quam</span> <span class='ocrx_word' id='word_1_220' title='bbox 653 1359 692 1388; x_wconf 84' lang='lat' dir='ltr'>ad</span> <span class='ocrx_word' id='word_1_221' title='bbox 707 1358 788 1389; x_wconf 89' lang='lat' dir='ltr'>diem</span> <span class='ocrx_word' id='word_1_222' title='bbox 799 1358 951 1400; x_wconf 86' lang='lat' dir='ltr'>proscrip-</span> 
     </span>
     <span class='ocr_line' id='line_1_29' title="bbox 57 1402 951 1443; baseline -0.001 -10"><span class='ocrx_word' id='word_1_223' title='bbox 57 1402 153 1433; x_wconf 85' lang='lat' dir='ltr'>tiones</span> <span class='ocrx_word' id='word_1_224' title='bbox 165 1402 412 1443; x_wconf 86' lang='lat' dir='ltr'>venditionesque</span> <span class='ocrx_word' id='word_1_225' title='bbox 424 1402 512 1431; x_wconf 80' lang='lat' dir='ltr'>fiant:</span> <span class='ocrx_word' id='word_1_226' title='bbox 525 1402 672 1431; x_wconf 86' lang='lat' dir='ltr'>nimirum</span> <span class='ocrx_word' id='word_1_227' title='bbox 682 1402 721 1432; x_wconf 87' lang='lat' dir='ltr'>ad</span> <span class='ocrx_word' id='word_1_228' title='bbox 731 1402 881 1433; x_wconf 80' lang='lat' dir='ltr'>calendas</span> <span class='ocrx_word' id='word_1_229' title='bbox 888 1402 910 1432; x_wconf 86' lang='lat' dir='ltr'><strong>J</strong></span> <span class='ocrx_word' id='word_1_230' title='bbox 913 1412 951 1432; x_wconf 65' lang='lat' dir='ltr'>un</span> 
     </span>
     <span class='ocr_line' id='line_1_30' title="bbox 56 1445 951 1486; baseline -0.001 -10"><span class='ocrx_word' id='word_1_231' title='bbox 56 1445 132 1476; x_wconf 87' lang='lat' dir='ltr'>nias.</span> <span class='ocrx_word' id='word_1_232' title='bbox 166 1446 299 1486; x_wconf 86' lang='lat' dir='ltr'>Aliquot</span> <span class='ocrx_word' id='word_1_233' title='bbox 313 1451 381 1486; x_wconf 86' lang='lat' dir='ltr'>post</span> <span class='ocrx_word' id='word_1_234' title='bbox 399 1455 528 1481; x_wconf 87' lang='lat' dir='ltr'>menses,</span> <span class='ocrx_word' id='word_1_235' title='bbox 545 1450 575 1474; x_wconf 89' lang='lat' dir='ltr'>et</span> <span class='ocrx_word' id='word_1_236' title='bbox 596 1445 689 1475; x_wconf 87' lang='lat' dir='ltr'>homo</span> <span class='ocrx_word' id='word_1_237' title='bbox 710 1445 824 1475; x_wconf 87' lang='lat' dir='ltr'>occisus</span> <span class='ocrx_word' id='word_1_238' title='bbox 844 1451 897 1483; x_wconf 85' lang='lat' dir='ltr'>est,</span> <span class='ocrx_word' id='word_1_239' title='bbox 921 1449 951 1475; x_wconf 88' lang='lat' dir='ltr'>et</span> 
     </span>
     <span class='ocr_line' id='line_1_31' title="bbox 55 1487 950 1520; baseline -0.003 0"><span class='ocrx_word' id='word_1_240' title='bbox 55 1490 137 1520; x_wconf 86' lang='lat' dir='ltr'>bona</span> <span class='ocrx_word' id='word_1_241' title='bbox 167 1491 284 1519; x_wconf 78' lang='lat' dir='ltr'>venisse</span> <span class='ocrx_word' id='word_1_242' title='bbox 313 1488 465 1518; x_wconf 86' lang='lat' dir='ltr'>dicuntur.</span> <span class='ocrx_word' id='word_1_243' title='bbox 517 1487 656 1518; x_wconf 89' lang='lat' dir='ltr'>Profecto</span> <span class='ocrx_word' id='word_1_244' title='bbox 686 1494 740 1518; x_wconf 87' lang='lat' dir='ltr'>aut</span> <span class='ocrx_word' id='word_1_245' title='bbox 768 1488 832 1519; x_wconf 84' lang='lat' dir='ltr'>haec</span> <span class='ocrx_word' id='word_1_246' title='bbox 867 1490 950 1519; x_wconf 82' lang='lat' dir='ltr'>bona</span> 
     </span>
     <span class='ocr_line' id='line_1_32' title="bbox 55 1531 951 1573; baseline -0.001 -11"><span class='ocrx_word' id='word_1_247' title='bbox 55 1532 89 1562; x_wconf 85' lang='lat' dir='ltr'>in</span> <span class='ocrx_word' id='word_1_248' title='bbox 119 1533 238 1562; x_wconf 88' lang='lat' dir='ltr'>tabulas</span> <span class='ocrx_word' id='word_1_249' title='bbox 273 1532 410 1572; x_wconf 84' lang='lat' dir='ltr'>publicas</span> <span class='ocrx_word' id='word_1_250' title='bbox 444 1531 531 1561; x_wconf 86' lang='lat' dir='ltr'>nulla</span> <span class='ocrx_word' id='word_1_251' title='bbox 565 1531 729 1569; x_wconf 84' lang='lat' dir='ltr'>redierunt,</span> <span class='ocrx_word' id='word_1_252' title='bbox 762 1541 878 1573; x_wconf 86' lang='lat' dir='ltr'>nosque</span> <span class='ocrx_word' id='word_1_253' title='bbox 910 1532 951 1562; x_wconf 90' lang='lat' dir='ltr'>ab</span> 
     </span>
     <span class='ocr_line' id='line_1_33' title="bbox 57 1574 947 1616; baseline -0.002 -10"><span class='ocrx_word' id='word_1_254' title='bbox 57 1575 115 1606; x_wconf 84' lang='lat' dir='ltr'>isto</span> <span class='ocrx_word' id='word_1_255' title='bbox 145 1575 296 1606; x_wconf 86' lang='lat' dir='ltr'>nebulone</span> <span class='ocrx_word' id='word_1_256' title='bbox 321 1575 447 1605; x_wconf 84' lang='lat' dir='ltr'>facetius</span> <span class='ocrx_word' id='word_1_257' title='bbox 472 1574 636 1611; x_wconf 88' lang='lat' dir='ltr'>eludimur,</span> <span class='ocrx_word' id='word_1_258' title='bbox 660 1585 754 1615; x_wconf 88' lang='lat' dir='ltr'>quam</span> <span class='ocrx_word' id='word_1_259' title='bbox 780 1581 947 1616; x_wconf 67' lang='lat' dir='ltr'>putamusg</span> 
     </span>
     <span class='ocr_line' id='line_1_34' title="bbox 56 1617 950 1658; baseline -0.001 -10"><span class='ocrx_word' id='word_1_260' title='bbox 56 1624 122 1656; x_wconf 80' lang='lat' dir='ltr'>aut,</span> <span class='ocrx_word' id='word_1_261' title='bbox 144 1618 169 1648; x_wconf 82' lang='lat' dir='ltr'>si</span> <span class='ocrx_word' id='word_1_262' title='bbox 190 1618 353 1655; x_wconf 80' lang='lat' dir='ltr'>redierunt,</span> <span class='ocrx_word' id='word_1_263' title='bbox 378 1618 491 1648; x_wconf 83' lang='lat' dir='ltr'>tabulae</span> <span class='ocrx_word' id='word_1_264' title='bbox 516 1618 647 1658; x_wconf 83' lang='lat' dir='ltr'>publicae</span> <span class='ocrx_word' id='word_1_265' title='bbox 670 1623 818 1658; x_wconf 83' lang='lat' dir='ltr'>corruptae</span> <span class='ocrx_word' id='word_1_266' title='bbox 844 1617 950 1658; x_wconf 62' lang='lat' dir='ltr'>aliqua.</span> 
     </span>
     <span class='ocr_line' id='line_1_35' title="bbox 56 1661 950 1702; baseline -0.002 -10"><span class='ocrx_word' id='word_1_267' title='bbox 56 1662 172 1692; x_wconf 84' lang='lat' dir='ltr'>ratione</span> <span class='ocrx_word' id='word_1_268' title='bbox 188 1667 268 1692; x_wconf 88' lang='lat' dir='ltr'>sunt.</span> <span class='ocrx_word' id='word_1_269' title='bbox 293 1662 377 1691; x_wconf 84' lang='lat' dir='ltr'>Nam</span> <span class='ocrx_word' id='word_1_270' title='bbox 392 1661 458 1702; x_wconf 85' lang='lat' dir='ltr'>lege</span> <span class='ocrx_word' id='word_1_271' title='bbox 471 1661 595 1702; x_wconf 82' lang='lat' dir='ltr'>quidem</span> <span class='ocrx_word' id='word_1_272' title='bbox 610 1662 690 1691; x_wconf 85' lang='lat' dir='ltr'>bona</span> <span class='ocrx_word' id='word_1_273' title='bbox 701 1661 802 1691; x_wconf 88' lang='lat' dir='ltr'>venire</span> <span class='ocrx_word' id='word_1_274' title='bbox 817 1671 877 1691; x_wconf 91' lang='lat' dir='ltr'>non</span> <span class='ocrx_word' id='word_1_275' title='bbox 894 1671 950 1701; x_wconf 91' lang='lat' dir='ltr'>po-</span> 
     </span>
     <span class='ocr_line' id='line_1_36' title="bbox 57 1704 948 1745; baseline -0.001 -10"><span class='ocrx_word' id='word_1_276' title='bbox 57 1705 150 1736; x_wconf 81' lang='lat' dir='ltr'>tuisse</span> <span class='ocrx_word' id='word_1_277' title='bbox 170 1710 294 1735; x_wconf 83' lang='lat' dir='ltr'>constat.</span> <span class='ocrx_word' id='word_1_278' title='bbox 328 1704 482 1744; x_wconf 86' lang='lat' dir='ltr'>Intelligo,</span> <span class='ocrx_word' id='word_1_279' title='bbox 506 1715 556 1735; x_wconf 87' lang='lat' dir='ltr'>me</span> <span class='ocrx_word' id='word_1_280' title='bbox 580 1710 650 1734; x_wconf 83' lang='lat' dir='ltr'>ante</span> <span class='ocrx_word' id='word_1_281' title='bbox 673 1710 804 1745; x_wconf 86' lang='lat' dir='ltr'>tempus,</span> <span class='ocrx_word' id='word_1_282' title='bbox 819 1704 948 1744; x_wconf 85' lang='lat' dir='ltr'>judices,</span> 
     </span>
     <span class='ocr_line' id='line_1_37' title="bbox 57 1748 950 1789; baseline -0.001 -11"><span class='ocrx_word' id='word_1_283' title='bbox 57 1748 124 1779; x_wconf 85' lang='lat' dir='ltr'>haec</span> <span class='ocrx_word' id='word_1_284' title='bbox 138 1748 274 1784; x_wconf 82' lang='lat' dir='ltr'>scrutari,</span> <span class='ocrx_word' id='word_1_285' title='bbox 292 1753 321 1777; x_wconf 82' lang='lat' dir='ltr'>et</span> <span class='ocrx_word' id='word_1_286' title='bbox 341 1748 562 1789; x_wconf 87' lang='lat' dir='ltr'>propemodum</span> <span class='ocrx_word' id='word_1_287' title='bbox 585 1757 693 1783; x_wconf 79' lang='lat' dir='ltr'>errare,</span> <span class='ocrx_word' id='word_1_288' title='bbox 717 1748 782 1788; x_wconf 90' lang='lat' dir='ltr'>qui,</span> <span class='ocrx_word' id='word_1_289' title='bbox 806 1758 877 1778; x_wconf 86' lang='lat' dir='ltr'>cum</span> <span class='ocrx_word' id='word_1_290' title='bbox 900 1757 950 1776; x_wconf 64' lang='grc' dir='ltr'>θὼ-</span> 
     </span>
     <span class='ocr_line' id='line_1_38' title="bbox 58 1791 953 1843; baseline -0.001 -22"><span class='ocrx_word' id='word_1_291' title='bbox 58 1791 115 1832; x_wconf 85' lang='lat' dir='ltr'>piti</span> <span class='ocrx_word' id='word_1_292' title='bbox 134 1792 204 1822; x_wconf 78' lang='lat' dir='ltr'>Sex.</span> <span class='ocrx_word' id='word_1_293' title='bbox 226 1791 328 1821; x_wconf 87' lang='lat' dir='ltr'>Roscii</span> <span class='ocrx_word' id='word_1_294' title='bbox 351 1791 466 1821; x_wconf 88' lang='lat' dir='ltr'>mederi</span> <span class='ocrx_word' id='word_1_295' title='bbox 488 1791 627 1843; x_wconf 86' lang='lat' dir='ltr'>debeam,</span> <span class='ocrx_word' id='word_1_296' title='bbox 652 1791 810 1821; x_wconf 82' lang='lat' dir='ltr'>reduviam</span> <span class='ocrx_word' id='word_1_297' title='bbox 834 1800 953 1821; x_wconf 84' lang='lat' dir='ltr'>curem.</span> 
     </span>
    </p>
   </div>
   <div class='ocr_carea' id='block_1_4' title="bbox 60 1833 951 1902">
    <p class='ocr_par' dir='ltr' id='par_1_7' title="bbox 60 1833 951 1902">
     <span class='ocr_line' id='line_1_39' title="bbox 60 1833 949 1875; baseline -0.001 -11"><span class='ocrx_word' id='word_1_298' title='bbox 60 1835 134 1864; x_wconf 89' lang='lat' dir='ltr'>Non</span> <span class='ocrx_word' id='word_1_299' title='bbox 150 1834 232 1864; x_wconf 87' lang='lat' dir='ltr'>enim</span> <span class='ocrx_word' id='word_1_300' title='bbox 254 1834 371 1864; x_wconf 88' lang='lat' dir='ltr'>laborat</span> <span class='ocrx_word' id='word_1_301' title='bbox 388 1833 426 1864; x_wconf 88' lang='lat' dir='ltr'>de</span> <span class='ocrx_word' id='word_1_302' title='bbox 440 1835 570 1875; x_wconf 82' lang='lat' dir='ltr'>pecunia</span> <span class='ocrx_word' id='word_1_303' title='bbox 583 1846 591 1865; x_wconf 89' lang='lat'>:</span> <span class='ocrx_word' id='word_1_304' title='bbox 615 1844 677 1864; x_wconf 89' lang='lat' dir='ltr'>non</span> <span class='ocrx_word' id='word_1_305' title='bbox 692 1834 786 1864; x_wconf 85' lang='lat' dir='ltr'>ullius</span> <span class='ocrx_word' id='word_1_306' title='bbox 800 1834 949 1864; x_wconf 88' lang='lat' dir='ltr'>rationem</span> 
     </span>
     <span class='ocr_line' id='line_1_40' title="bbox 62 1876 951 1902; baseline 0 0"><span class='ocrx_word' id='word_1_307' title='bbox 62 1877 106 1902; x_wconf 62' lang='lat' dir='ltr'>‘mi</span> <span class='ocrx_word' id='word_1_308' title='bbox 126 1876 275 1902; x_wconf 67' lang='lat' dir='ltr'>rmnmndi</span> <span class='ocrx_word' id='word_1_309' title='bbox 293 1877 375 1902; x_wconf 59' lang='lat' dir='ltr'>ducit</span> <span class='ocrx_word' id='word_1_310' title='bbox 388 1889 395 1902; x_wconf 68' lang='lat' dir='ltr'>r</span> <span class='ocrx_word' id='word_1_311' title='bbox 420 1877 507 1902; x_wconf 69' lang='lat' dir='ltr'>far-ilo</span> <span class='ocrx_word' id='word_1_312' title='bbox 526 1882 687 1902; x_wconf 44' lang='lat' dir='ltr'>enodatam*</span> <span class='ocrx_word' id='word_1_313' title='bbox 711 1888 795 1902; x_wconf 53' lang='lat' dir='ltr'>enam</span> <span class='ocrx_word' id='word_1_314' title='bbox 819 1882 849 1902; x_wconf 56' lang='grc' dir='ltr'>ἄῤ</span> <span class='ocrx_word' id='word_1_315' title='bbox 872 1877 951 1902; x_wconf 66' lang='lat' dir='ltr'>latn-</span> 
     </span>
    </p>
   </div>
  </div>
 </body>
</html>
