1181 1902
230 113 294 143 310
407 111 459 142 IN
483 109 680 143 VERREM
705 110 765 142 IV.
782 110 865 142 CAP.
883 111 935 141 23.

231 198 428 235 decumanus,
445 207 505 228 non
520 197 681 227 decumam
692 196 837 233 debitam,
853 206 914 227 non
929 196 1119 226 frumentum

232 247 385 271 remotum
409 247 500 281 atque
527 241 669 278 celatum,
692 240 743 270 sed
770 240 859 270 tritici
885 245 999 280 septem
1023 239 1121 269 millia

234 284 424 314 medimnum
441 295 477 313 ex
495 283 691 324 Nymphonis
704 283 899 321 arationibus,
918 282 1007 312 edicti
1022 280 1121 323 poena,

234 337 294 356 non
311 326 503 357 redemtionis
515 326 617 367 aliquo
629 327 708 365 jure,
726 326 813 356 tollit.

279 369 393 400 XXII.
411 369 548 399 Xenonis
563 369 702 405 Meneni,
718 368 897 399 nobilissimi
911 367 1054 404 hominis,
1065 378 1124 397 ux·-

236 413 295 443 oris
315 412 428 442 fundus
452 418 516 442 erat
538 413 643 442 colono
658 413 781 442 locatus.
806 412 950 449 Colonus,
967 410 1049 451 quod
1072 410 1124 440 de-

237 466 437 486 cumanorum
452 455 577 494 injurias
592 455 668 485 ferre
687 465 747 485 non
765 461 892 495 poterat,
909 464 946 484 ex
967 464 1039 494 agro
1054 463 1124 494 pro-

238 499 367 539 fugerat.
407 499 516 529 Verres
531 498 562 528 in
578 498 739 528 Xenonem
760 498 911 537 judicium
936 497 1027 526 dabat
1047 495 1126 526 illud

238 552 330 572 suum
354 541 577 571 damnatorium
601 541 638 571 de
658 542 802 581 jugerum
822 540 1013 581 professione.
1037 539 1128 569 Xeno

240 584 280 614 ad
296 596 325 614 se
340 585 487 624 pertinere
503 585 647 624 negabat:
672 584 805 614 fundum
815 584 965 613 elocatum
977 592 1039 612 esse
1050 582 1130 612 dice-

241 628 302 657 bat.
341 627 444 657 Dabat
472 627 527 657 iste
553 627 716 666 judicium,
745 630 767 644 ‘⁴
780 627 813 657 Si
839 626 989 667 pareret,'’
1023 626 1131 665 jugera

241 671 307 709 ejus
321 669 410 700 fundi
426 680 487 700 esse
502 670 601 710 plura,
619 680 712 710 quam
731 670 854 699 colonus
873 674 948 699 esset
966 668 1128 709 professus,

243 719 311 743 tum
327 713 372 743 uti
388 713 478 743 Xeno
493 713 697 742 damnaretur.
722 712 851 742 Dicebat
872 712 935 748 ille,
957 721 1018 741 non
1038 709 1130 740 modo

242 766 303 786 non
320 756 417 786 arasse
432 766 463 785 se
479 755 534 792 (id,
551 755 632 796 quod
645 755 715 785 satis
727 761 814 793 erat),
831 755 882 784 sed
902 765 956 784 nec
971 753 1131 784 dominum

243 800 309 838 ejus
325 809 386 829 esse
401 798 500 835 fundi,
514 808 568 828 nec
579 798 757 828 locatorem:
782 798 884 827 uxoris
900 808 978 833 esse3
1004 807 1071 827 eam
1086 796 1133 837 ip-

244 852 308 872 sam
331 852 420 871 suum
443 841 599 881 negotium
619 851 737 881 gerere:
774 841 871 881 ipsam
894 840 1045 870 locavisse.
1069 839 1135 869 De-

245 884 387 914 fendebat
403 884 564 913 Xenonem
580 884 672 913 homo
687 894 807 913 summo
823 883 980 924 splendore
1001 888 1030 912 et
1051 892 1135 912 sum-

247 927 300 957 ma
315 927 490 957 auctoritate
511 927 665 967 praeditus,
683 927 731 956 M.
756 926 916 957 Cossetius.
950 926 1012 955 Iste
1027 925 1138 955 nihilo-

248 970 351 1000 minus
370 970 521 1009 judicium
546 970 602 1001 Hs
626 969 755 999 LXXX
778 970 911 999 millium
935 969 1036 999 dabat.
1066 968 1136 1004 Ille,

248 1013 369 1043 tametsi
379 1019 598 1053 recuperatores
614 1012 651 1043 de
665 1013 785 1043 cohorte
799 1013 953 1043 latronum
968 1012 1025 1042 sibi
1040 1011 1140 1052 parari

250 1056 383 1094 videbat,
399 1061 500 1086 tamen
513 1056 664 1095 judicium
679 1061 872 1096 accepturum
889 1066 919 1085 se
936 1065 997 1085 esse
1012 1054 1139 1084 dicebat.

249 1099 336 1129 Tum
359 1099 414 1129 iste
438 1099 551 1139 magna
575 1109 645 1129 voce
669 1099 699 1129 V
702 1099 807 1128 eneriis
831 1098 971 1138 imperat,
995 1103 1028 1127 ut
1050 1097 1140 1127 Xeno

251 1142 381 1180 audiret,
407 1144 428 1159 ‘⁶
442 1141 529 1171 Dum
553 1152 599 1171 res
622 1141 784 1181 judicetur,
808 1141 964 1171 hominem
989 1146 1025 1170 ut
1048 1149 1141 1170 asser-

252 1191 324 1215 vent
337 1196 346 1221 ς
371 1195 441 1215 cum
453 1185 625 1224 judicatum
641 1184 689 1222 sit,
703 1185 742 1214 ad
757 1195 787 1214 se
803 1184 954 1214 adducant
965 1184 997 1213 :”
1021 1190 1050 1213 et
1065 1182 1142 1212 illud

251 1228 344 1258 simul
357 1228 446 1265 dixit,
464 1238 494 1257 se
509 1237 569 1257 non
585 1233 704 1268 putare,
716 1227 816 1265 illum,
829 1227 865 1264 si,
882 1226 1141 1267 propterdivitias,

251 1281 354 1311 poenas
377 1271 579 1301 damnationis
602 1276 816 1307 contemneret,
842 1270 932 1300 etiam
953 1270 1052 1309 virgas
1072 1278 1144 1299 con-

253 1320 396 1344 temnere.
430 1314 499 1343 Hac
509 1313 560 1343 ille
575 1314 604 1344 vi
620 1320 649 1343 et
663 1313 720 1343 hoc
735 1319 818 1343 metu
840 1313 999 1350 adductus,
1022 1318 1142 1342 tantum

252 1356 439 1393 decumanis,
456 1362 606 1397 quantum
622 1356 676 1386 iste
691 1356 861 1396 imperavit,
878 1355 1015 1386 exsolvit.

296 1400 430 1430 XXIII.
456 1399 671 1429 Polemarchus
686 1405 729 1429 est
746 1399 975 1439 Murgentinus,
992 1398 1037 1428 vir
1046 1399 1144 1428 bonus

255 1449 347 1483 atque
362 1442 514 1472 honestus.
540 1443 583 1479 Is,
600 1452 681 1478 cum,
698 1452 753 1482 pro
765 1442 923 1482 jugeribus
939 1440 1145 1482 quinquagin-

253 1492 295 1522 ta,
320 1485 476 1515 medimna
492 1485 577 1515 DCC
594 1485 729 1514 decumae
750 1484 982 1525 imperarentur,
1000 1483 1083 1524 quod
1098 1493 1144 1513 re-

252 1529 387 1564 cusabat,
408 1528 535 1557 domum
548 1527 585 1558 ad
597 1527 689 1557 istum
707 1527 753 1566 [in
767 1528 834 1568 jus]
852 1527 998 1557 deductus
1014 1532 1074 1561 est3
1102 1532 1145 1562 et,

253 1581 324 1602 cum
349 1571 404 1600 iste
428 1571 518 1600 etiam
542 1572 675 1607 cubaret,
700 1570 732 1600 in
757 1570 931 1600 cubiculum
957 1569 1145 1599 introductus

253 1620 315 1649 est;
340 1613 432 1654 quod,
444 1613 500 1643 nisi
513 1613 633 1643 mulieri
649 1619 677 1643 et
694 1613 873 1650 decumano,
890 1613 1012 1653 patebat
1027 1611 1078 1642 alii
1093 1621 1146 1641 ne-

253 1656 340 1686 mini.
367 1656 415 1685 Ibi
435 1666 504 1686 cum
531 1656 641 1696 pugnis
666 1662 695 1686 et
715 1656 845 1686 calcibus
870 1656 1033 1686 conscissus
1058 1659 1144 1691 esset,

254 1700 309 1740 qui
336 1699 423 1730 DCC
450 1699 611 1729 medimnis
636 1698 771 1730 decidere
795 1699 950 1738 noluisset,
972 1698 1057 1728 mille
1077 1707 1147 1738 pro-

257 1748 348 1772 misit.

298 1784 470 1816 Eubulides
499 1790 543 1816 est
573 1785 743 1825 Grosphus,
777 1784 1008 1825 Centuripinus,
1041 1783 1145 1819 homo,
