1181 1902
151 158 243 193 PRO
266 159 433 192 ROSCIO
456 159 677 193 COMOEDO.
694 159 779 192 CAP.
798 160 848 192 10.
914 159 956 196 97

60 246 324 287 quemadmodum
338 246 438 288 pactio
453 252 497 279 est
507 246 523 276 ¹?
547 246 580 278 Si
594 246 697 284 habet,
710 257 764 278 cur
780 256 841 278 non
856 246 958 278 nomi-

59 289 139 320 nas?
162 289 223 320 Dic
239 300 321 321 nunc
337 290 485 321 Roscium
505 292 559 321 abs
583 296 612 320 te
632 291 753 331 petisse,
769 295 805 320 ut
824 290 957 320 familia-

59 342 124 362 rem
134 343 225 363 suum
241 343 373 364 sumeres
385 334 533 363 arbitrum
546 345 555 363 ε
579 342 640 363 non
652 333 748 374 petiit.
771 333 832 364 Dic
843 333 957 374 pactio-

58 384 133 406 nem
156 376 269 414 fecisse,
291 382 327 407 ut
348 377 570 407 absolveretur:
595 386 656 406 non
675 376 799 417 pepigit.
830 376 955 414 Quaere,

63 429 156 459 quare
172 419 209 449 sit
225 420 403 450 absolutus?
427 420 509 460 quod
525 425 587 450 erat
602 419 722 449 summa
742 418 912 450 innocentia
927 424 957 449 et

61 461 242 502 integritate.
273 463 359 501 Quid
374 462 455 492 enim
472 463 586 493 factum
603 462 669 492 est?
692 462 812 493 Venisti
827 462 956 492 domum

61 505 142 535 ultro
158 505 281 536 Roscii:
307 505 494 536 satisfecisti:
520 506 602 547 quod
618 511 729 536 temere
745 505 955 542 commisisses,

60 547 92 578 in
110 548 263 587 judicium
282 555 317 579 ut
338 549 541 587 denuntiaret,
564 548 685 589 rogasti,
709 554 744 579 ut
766 548 954 589 ignosceret3

59 596 90 621 te
105 591 274 622 affuturum
289 590 425 632 negasti:
449 592 556 622 debere
573 592 629 622 tibi
651 602 688 622 ex
711 592 850 622 societate
865 591 955 629 nihil,

61 633 232 665 clamitasti.
271 635 377 665 Judici
401 635 450 665 hic
477 635 687 666 denuntiavit:
720 635 877 665 absolutus
901 639 957 664 est.

61 676 183 707 Tamen
207 677 323 708 fraudis
348 689 382 708 ac
406 678 481 708 furti
504 678 691 708 mentionem
715 678 813 708 facere
834 677 956 708 audes?

62 720 181 751 Perstat
212 721 244 751 in
276 720 486 762 impudentia:
519 721 691 762 pactionem
717 721 811 757 enim,
842 720 954 761 inquit,

60 773 183 793 mecum
195 763 314 795 fecerat.
339 764 467 801 Idcirco,
480 764 630 802 videlicet,
643 774 681 794 ne
692 764 955 794 condemnaretur.

61 806 148 844 Quid
163 813 227 837 erat
242 818 350 844 causae,
367 818 421 838 cur
441 813 600 846 metueret,
622 818 661 837 ne
681 806 956 838 condemnaretur?

60 849 124 880 Res
139 855 202 880 erat
216 850 396 881 manifesta:
421 850 539 881 furtum
552 856 615 881 erat
630 857 780 891 apertum.

106 893 149 923 X.
173 894 272 933 Cujus
302 894 344 924 rei
374 893 492 924 furtum
521 894 637 924 factum
668 899 730 923 erat
744 895 757 924 ?
786 892 958 923 Exorditur

61 936 176 976 magna
192 947 262 967 cum
279 937 500 978 exspectatione
518 937 624 967 veteris
638 936 791 967 histrionis
807 946 958 977 exponere

63 979 246 1010 societatem.
273 980 447 1021 Panurgus,
464 980 576 1020 inquit,
594 980 652 1010 fuit
665 980 785 1010 Fannii.
810 979 842 1010 Is
858 979 916 1009 fuit
928 979 956 1009 ei

61 1031 132 1052 cum
150 1023 260 1053 Roscio
275 1023 456 1054 communis.
481 1023 544 1054 Hic
559 1023 695 1064 primum
705 1028 829 1064 questus
841 1029 885 1053 est
894 1032 956 1052 non

62 1065 168 1096 leviter
185 1067 335 1104 Saturius,
352 1076 547 1097 communem
568 1066 683 1096 factum
699 1077 762 1096 esse
776 1065 869 1106 gratis
884 1076 956 1096 cum

63 1108 185 1145 Roscio,
202 1110 256 1150 qui
272 1110 368 1150 pretio
383 1109 523 1150 proprius
539 1109 644 1140 fuisset
660 1109 783 1140 Fannii.
811 1109 957 1149 Largitus

63 1157 107 1181 est
123 1152 247 1188 scilicet,
264 1153 356 1183 homo
371 1153 514 1190 liberalis,
537 1158 566 1182 et
581 1152 756 1192 dissolutus,
772 1158 802 1183 et
822 1152 957 1183 bonitate

62 1194 202 1233 affluens,
220 1196 356 1226 Fannius
372 1196 482 1226 Roscio
496 1197 509 1226 ’ἓ
534 1195 584 1226 Sic
599 1201 684 1236 puto.

106 1238 263 1276 Quoniam
279 1239 331 1270 ille
346 1240 397 1269 hic
413 1239 545 1269 constitit
559 1239 724 1280 paulisper,
740 1238 818 1269 mihi
834 1248 958 1280 quoque

63 1290 181 1312 necesse
190 1288 234 1312 est
245 1283 373 1323 paulum
384 1281 574 1312 commorari.
592 1282 772 1322 Panurgum
783 1287 828 1318 tu,
841 1281 955 1317 Saturi,

62 1325 219 1365 proprium
238 1326 349 1356 Fannii
369 1325 442 1356 dicis
463 1325 565 1355 fuisse.
599 1327 646 1356 At
667 1336 722 1365 ego
737 1331 836 1355 totum
852 1325 958 1355 Roscii

63 1367 157 1398 fuisse
180 1369 337 1399 contendo.
370 1368 457 1406 Quid
478 1374 541 1398 erat
567 1368 650 1398 enim
676 1368 812 1398 Fannii?
836 1378 956 1408 corpus.

64 1410 151 1448 Quid
162 1412 285 1443 Roscii?
297 1412 465 1453 disciplina.
486 1411 591 1441 Facies
603 1421 664 1441 non
674 1417 748 1449 erat,
760 1422 807 1441 ars
817 1417 880 1441 erat
889 1421 958 1451 pre-

64 1453 149 1484 tiosa.
174 1454 226 1485 Ex
236 1455 299 1496 qua
313 1461 399 1496 parte
415 1461 478 1485 erat
488 1454 610 1492 Fannii,
624 1464 685 1484 non
698 1460 761 1485 erat
774 1454 831 1484 HS
851 1463 933 1485 1000
945 1465 956 1484 ε

64 1507 103 1527 ex
120 1497 182 1538 qu'a
194 1504 280 1539 parte
292 1504 355 1528 erat
371 1498 486 1535 Roscii,
495 1497 627 1538 amplius
638 1504 702 1528 erat
721 1497 778 1528 HS
792 1506 958 1528 cccmoo.

64 1540 169 1571 Nemo
184 1541 267 1571 enim
281 1541 373 1571 illum
388 1551 425 1572 ex
443 1547 550 1571 trunco
570 1541 701 1582 corporis
721 1541 887 1581 spectabat,
904 1540 957 1570 sed

65 1593 105 1613 ex
130 1583 257 1615 artificio
281 1585 396 1615 comico
420 1584 600 1614 aestimabat.
633 1584 718 1614 Nam
742 1584 796 1614 illa
818 1584 959 1614 membra

65 1635 180 1657 merere
195 1638 249 1668 per
264 1638 295 1658 se
310 1638 371 1658 non
387 1627 519 1668 amplius
534 1632 674 1668 poterant
693 1626 853 1657 duodecim
869 1626 936 1656 aeris
946 1637 956 1657 ε

65 1669 237 1710 disciplina,
254 1681 324 1711 quae
342 1677 405 1701 erat
425 1672 464 1701 ab
483 1671 543 1701 hoc
562 1670 684 1710 tradita,
705 1670 825 1701 locabat
844 1679 876 1700 se
894 1679 957 1700 non

63 1712 167 1743 minus
183 1713 240 1744 HS
258 1723 421 1746 cccrooo.

64 1778 67 1780 -
108 1755 139 1786 O
162 1756 334 1787 societatem
356 1757 523 1799 captiosam
548 1763 578 1789 et
601 1756 781 1798 indignam!
806 1755 860 1787 ubi
882 1755 959 1786 alter

67 1797 124 1829 HS
153 1808 249 1837 1000,
265 1801 352 1838 alter,
371 1810 523 1833 ccm000
549 1801 632 1842 quod
655 1801 704 1838 sit,
731 1800 763 1830 in
784 1799 957 1830 societatem

65 1841 171 1874 affert:
197 1843 255 1874 nisi
270 1843 380 1875 idcirco
395 1845 522 1877 moleste
536 1844 660 1887 pateriS,
684 1843 769 1885 quod
789 1843 848 1875 HS
873 1851 954 1874 1000

109 1885 205 1902 [slus-⁴
218 1892 229 1902 x
247 1895 293 1902 ενι-ι
