1181 1902
298 58 349 89 IN
374 57 570 90 VERREM
588 57 629 90 V.
646 57 729 89 CA».
746 56 798 89 43.
931 58 993 94 427

104 145 242 176 vinctum
267 143 506 185 adstrictumque
525 144 712 175 dederemus.
735 145 785 175 Ac
805 143 916 185 primo,
939 145 993 183 ju-

105 188 196 225 dices,
221 188 278 218 hoc
302 187 423 227 signum
450 188 597 218 Mercurii
622 187 740 218 dicebat
759 187 814 217 iste
837 186 992 228 Tyndari-

91 236 191 261 ·tan0s
207 231 242 261 C.
260 230 408 260 Marcello
422 230 494 260 huic
509 230 672 260 AEsernino
688 230 875 260 vendidisse:
901 235 992 270 atque

105 273 163 303 hoc
178 284 232 303 sua
247 283 337 303 causa
350 273 442 302 ctiam
460 273 667 303 Marcellum
660 283 760 313 ipsum
777 274 915 313 sperabat
930 283 992 303 esse

104 316 280 346 dicturum:
306 315 388 355 quod
413 315 490 344 mihi
520 325 679 356 nunquam
706 316 867 346 verisimile
893 315 992 345 visum

105 364 159 396 est,
177 359 397 389 adolescentem
412 358 464 387 illo
478 358 543 388 loco
559 364 678 396 natum,
691 365 856 407 patronum
870 358 991 396 Siciliae,

103 411 215 431 nomen
236 411 326 431 suum
342 401 402 437 isti,
427 400 466 431 ad
489 401 715 430 translationem
739 401 884 439 criminis,
910 411 993 431 com-

103 444 309 474 modaturum.
335 443 555 474 Verumtamen
578 443 620 473 ita
640 454 686 474 res
701 444 777 473 mihi
793 450 855 474 tota
874 444 993 484 provisa

103 493 194 527 atque
212 492 363 527 praecauta
386 493 440 524 est,
462 486 518 524 uti,
539 486 563 516 si
586 486 721 516 maxime
745 492 828 516 esset
836 487 989 525 inventus,

101 530 155 570 qui
172 530 203 559 in
218 541 249 560 se
264 530 412 570 suscipere
426 529 512 559 istius
527 529 649 569 culpam
665 529 841 569 crimenque
855 535 989 570 cuperet,

102 578 204 603 tamen
219 573 245 603 is
264 572 406 613 proficere
426 572 503 602 nihil
522 578 629 612 posset.
653 572 716 602 Eos
731 571 812 602 enim
829 578 917 602 testes
938 572 989 602 de-

101 615 189 653 duxi,
206 621 235 645 et
255 626 303 645 eas
323 615 423 646 literas
438 615 605 655 deportavi,
622 620 657 644 ut
680 615 717 645 de
732 615 817 645 istius
837 615 916 645 facto
931 615 989 644 du-

96 658 189 693 vbium
210 658 324 688 nemini
340 669 401 688 esse
421 664 529 699 posset.
555 658 691 688 Publicae
711 658 805 688 literae
829 664 911 695 sunt,
936 657 989 688 de-

102 708 259 741 portatum
282 711 344 733 esse
374 701 565 734 Mercurium
587 701 765 731 Messanam
794 706 898 730 sumtu
932 711 990 741 pu-

104 744 192 775 blico.
210 744 337 780 Dicunt,
348 745 474 784 quanti:
491 743 645 784 praefuisse
654 744 725 774 huic
737 744 856 784 negotio
868 743 991 784 publice

102 787 239 826 legatum
266 787 401 817 Poleam.
433 787 542 824 Quid?
565 787 590 817 is
614 787 667 817 ubi
693 788 763 817 est?
787 793 895 827 praesto
922 792 987 816 est:

104 830 186 860 testis
202 836 253 860 est.
279 832 301 847 ‘⁶
315 830 459 870 Proagori
475 830 595 870 Sopatri
615 830 736 869 jussu-'⁹
759 829 839 867 Quis
857 835 901 859 est
914 829 964 859 hic
976 832 990 860 ?

103 873 157 913 qui
183 873 222 903 ad
245 878 376 903 statuam
398 873 556 903 adstrictus
582 878 635 902 est.
660 872 770 910 Quid?
793 872 818 903 is
842 872 895 902 ubi
919 874 990 903 est?

103 915 204 946 Testis
220 922 282 946 est:
308 915 422 946 vidistis
436 916 604 953 hominem,
621 921 651 945 et
665 917 756 946 verba
771 916 836 955 ejus
851 915 988 945 audistis.

93 958 341 993 *Demoliendum
375 959 490 989 curavit
523 958 699 989 Demetrius
728 958 988 999 gymnasiarchus‚

101 1001 184 1042 quod
204 1002 229 1032 is
250 1012 284 1032 eo
303 1002 369 1032 1000
389 1007 524 1042 praeerat.
548 1001 658 1039 Quid?
681 1001 738 1031 hoc
757 1011 811 1032 nos
833 1001 988 1032 dicimus?

102 1044 199 1075 immo
221 1055 290 1075 vero
313 1044 377 1085 ipse
392 1055 542 1085 praesens:
569 1045 677 1075 Romae
697 1054 793 1085 nuper
813 1044 906 1074 istum
928 1054 991 1075 esse

101 1088 284 1128 pollicitum,
301 1098 362 1118 sese
377 1087 408 1117 id
423 1088 545 1128 signum
553 1087 659 1128 legatis
675 1097 736 1118 esse
751 1086 952 1124 redditurum,
966 1087 992 1117 si

90 1131 169 1170 *ejus
192 1131 234 1161 rei
255 1131 422 1161 testificatio
445 1131 610 1169 tolleretur,
631 1136 817 1171 cautumque
835 1135 921 1167 esset,
941 1140 991 1160 eos

103 1174 311 1204 testimonium
335 1184 397 1204 non
417 1184 479 1204 esse
494 1174 634 1204 dicturos.
658 1173 748 1203 Dixit
762 1173 818 1203 hoc
834 1172 916 1213 apud
939 1183 991 1203 vos

103 1217 265 1258 Zosippus,
279 1223 308 1247 et
318 1217 504 1255 Hismenias‚
516 1216 653 1247 homines
664 1216 855 1255 nobilissimi,
866 1223 896 1246 et
907 1216 992 1257 prin-

104 1259 184 1301 cipes
199 1260 418 1300 Tyndaritanae
434 1260 570 1291 civitatis.

146 1303 278 1334 XLIII.
302 1302 412 1341 Quid?
435 1303 601 1344 Agrigenti
615 1313 715 1333 nonne
725 1302 860 1342 ejusdem
877 1303 913 1332 P.
926 1302 990 1333 Sci-

104 1346 202 1387 pionis
227 1346 464 1384 monimentum,
495 1346 618 1387 signum
641 1346 797 1387 Apollinis
825 1345 992 1387 pulcherri-

105 1399 204 1427 mum,
230 1390 317 1428 cujus
341 1389 373 1418 in
399 1389 511 1419 femine
534 1389 661 1420 literulis
690 1389 817 1420 minutis
841 1389 991 1429 argenteis

105 1442 218 1463 nomen
234 1432 375 1473 Myronis
397 1438 460 1462 erat
474 1432 664 1473 inscriptum,
681 1442 719 1462 ex
735 1431 905 1472 AEsculapii
923 1432 993 1461 reli-

103 1475 272 1516 giosissimo
292 1475 364 1505 fano
388 1475 557 1505 sustulisti?
580 1475 663 1516 quod
685 1475 751 1513 iste,
775 1475 903 1514 judices,
925 1484 996 1505 cum

104 1519 184 1549 clam
207 1518 334 1555 fecisset,
360 1528 442 1556 cuni,
467 1518 506 1548 ad
530 1528 620 1549 suum
644 1518 739 1550 scelus
764 1518 841 1550 illud.
860 1517 994 1548 furtum-

104 1572 166 1602 que
194 1561 357 1600 nefarium,
385 1561 534 1602 quosdam
559 1561 696 1593 homines
722 1561 877 1601 improbos
903 1560 994 1591 duces

105 1611 199 1645 atque
222 1604 374 1644 adjutores
398 1604 594 1642 adhibuisset,
625 1604 818 1637 vehementer
843 1610 995 1634 commota

105 1648 209 1678 civitas
225 1654 278 1677 est.
303 1648 374 1677 Uno
394 1647 561 1688 eodemque
576 1654 710 1688 tempore
730 1646 928 1687 Agrigentini
942 1648 996 1677 be-

104 1690 247 1721 neficium
276 1690 428 1728 Africani,
460 1691 637 1732 religionem
667 1690 875 1727 domesticam,
906 1699 995 1720 orna-

102 1739 242 1765 mentum
252 1733 347 1775 urbis,
363 1733 511 1766 indicium
522 1734 664 1774 victoriae,
681 1733 890 1766 testimonium
905 1732 996 1765 socie-
