1181 1902
204 129 296 162 PRO
319 129 486 163 ROSCIO
507 130 742 164 AMERINO.
762 131 847 164 CAP.
871 132 922 164 48.
967 133 1006 164 81

117 220 185 246 tum
200 226 270 247 vero
284 216 316 247 in
328 216 385 248 isto
399 217 480 248 bello
495 227 557 249 non
571 225 721 249 recreatus
731 229 831 260 neque
841 219 1010 259 restitutus,

113 258 166 288 sed
191 260 333 290 subactus
357 270 588 302 oppressusque,
615 262 746 302 populus
763 263 922 293 Romanus
948 269 1003 294 est.

116 301 235 332 Verum
254 303 344 344 longe
365 303 452 333 aliter
472 310 535 334 est:
563 304 640 334 nihil
662 305 772 335 horum
796 311 849 343 est,
871 305 1007 344 judices:

116 353 176 374 non
193 345 284 375 modo
304 356 364 376 non
385 346 511 377 laedetur
531 357 621 377 causa
641 348 818 385 nobilitatis,
835 349 860 378 si
874 349 938 379 istis
953 348 1010 379 ho-

116 387 251 418 minibus
266 388 417 426 resistetis,
435 400 540 419 verum
557 390 648 420 etiam
664 392 831 421 ornabitur.

159 430 321 461 XLVIII.
354 432 491 470 Etenim,
520 433 574 474 qui
600 433 664 463 haec
690 434 859 474 vituperare
888 434 1006 473 volunt,

116 472 350 514 Chrysogonum
366 481 486 505 tantum
502 486 588 515 posse
604 483 792 516 queruntur:
818 477 871 517 qui
885 477 1011 508 laudare

115 516 233 553 volunt,
259 527 432 547 concessum
457 518 484 547 ei
508 527 569 548 non
592 529 655 549 esse
677 526 924 550 commemorant.
958 521 1009 551 Ac

112 559 178 598 jam
199 559 276 589 nihil
301 566 355 598 est,
376 560 459 600 quod
477 560 640 601 quisquam
663 568 717 592 aut
739 568 802 592 tam
825 563 935 592 stultus
956 569 1010 593 aut

115 607 178 631 tam
188 601 345 642 improbus
356 603 405 640 sit,
417 603 471 644 qui
482 603 572 641 dicat,
585 607 607 622 “
620 604 741 635 Vellem
752 605 876 645 quidem
886 606 1005 636 liceret:

115 644 172 675 hoc
183 645 361 676 dixissem.”
384 646 477 676 Dicas
489 646 567 677 licet.
592 649 615 664 ‘⁶
627 647 697 678 Hoc
708 647 877 678 fecissem.’'
901 649 1008 679 Facias

114 687 206 718 licet:
238 698 329 719 nemo
354 689 504 729 prohibet.
544 692 566 707 “
583 689 653 720 Hoc
676 690 905 722 decrevissem.’'
943 691 1009 721 De-

114 740 213 767 cerne,
229 731 321 762 modo
336 738 434 762 recte:
458 742 563 763 omnes
578 735 800 773 approbabunt.
834 736 857 752 “
871 734 941 765 Hoc
956 735 1009 773 ju-

115 773 296 804 dicassemss’
333 774 524 806 Laudabunt
547 786 665 815 omneS‚
693 777 719 808 si
743 782 823 808 recte
849 783 879 808 et
903 777 1015 808 ordine·

111 816 267 856 judicaris.

158 860 247 891 Dum
262 871 380 893 necesse
395 867 469 901 erat,
484 872 591 903 resque
608 862 675 904 ipsa
694 865 831 904 cogebat,
847 873 928 894 unus
942 873 1011 894 om-

114 902 166 933 nia
191 910 329 944 poterat:
363 905 417 946 qui
443 912 642 947 posteaquam
665 907 863 947 magistratus
886 907 1009 946 creavit,

114 946 258 988 legesque
272 948 438 986 constituit,
455 959 510 978 sua
525 949 634 990 cuique
648 950 819 990 procuratio
834 950 1011 980 auctoritas-

115 1000 176 1030 que
200 996 244 1020 est
264 991 410 1021 restituta.
445 992 552 1029 Quam
574 992 599 1022 si
621 993 749 1023 retinere
770 993 877 1023 volunt
898 993 931 1031 ii,
955 993 1010 1033 qui

115 1033 343 1074 recuperarunt,
364 1034 396 1064 in
414 1040 598 1075 perpetuum
617 1041 760 1076 poterunt
779 1036 923 1066 obtinere.
954 1036 1010 1066 Sin

114 1075 170 1106 has
185 1076 279 1107 caedes
294 1083 323 1107 et
337 1077 470 1118 rapinas,
486 1083 515 1108 et
532 1078 588 1108 hos
607 1084 706 1109 tantos
726 1084 851 1120 tamque
870 1078 1010 1119 profusos

116 1125 246 1155 sumtus,
270 1126 324 1150 aut
343 1120 454 1150 facient
476 1126 529 1151 aut
551 1123 784 1162 approbabunt3
812 1122 882 1152 nolo
904 1122 936 1151 in
959 1132 1009 1152 eos

114 1162 236 1202 gravius
252 1163 433 1204 quidquam,
451 1174 489 1193 ne
506 1164 616 1194 ominis
632 1165 756 1205 quidem
772 1165 873 1202 causa,
890 1164 1007 1195 dicere:

114 1214 213 1235 unum
229 1205 285 1236 hoc
300 1206 386 1236 dico:
408 1207 501 1236 nostri
516 1207 565 1237 isti
581 1208 708 1245 nobiles,
725 1208 781 1238 nisi
794 1208 964 1248 vigilanteS,
981 1213 1012 1238 et

113 1248 198 1286 boni,
215 1255 244 1278 et
258 1249 360 1287 fortes,
378 1256 407 1280 et
421 1250 626 1280 misericordes
642 1258 750 1287 erunt,
770 1251 806 1281 iis
821 1251 1009 1288 hominibus,

113 1290 146 1320 in
162 1291 274 1332 quibus
288 1292 354 1324 haec
373 1298 473 1332 erunt,
492 1299 670 1324 ornamenta
690 1304 745 1324 sua
765 1293 939 1332 concedant,
955 1303 1010 1324 ne-

113 1344 194 1365 cesse
209 1341 262 1365 est.

158 1377 354 1419 Quapropter
373 1378 513 1409 desinant
532 1379 697 1420 aliquando
721 1379 831 1417 dicere,
852 1380 933 1410 male
953 1379 1010 1410 ali-

114 1430 207 1461 quem
231 1421 369 1452 locutum
390 1433 464 1460 esse,
489 1422 515 1452 si
537 1423 606 1463 quis
628 1433 696 1453 vere
717 1433 752 1453 ac
774 1423 867 1453 libere
889 1423 1009 1453 locutus

114 1463 171 1493 sit:
200 1463 339 1495 desinant
362 1475 449 1495 suam
470 1476 593 1495 causam
614 1476 685 1496 cum
706 1466 904 1507 Chrysogono
924 1476 1008 1496 com-

113 1506 288 1537 municare:
313 1507 462 1545 desinant,
486 1508 510 1538 si
530 1508 581 1538 ille
600 1509 690 1539 laesus
712 1509 760 1547 sit,
783 1509 819 1539 de
840 1519 870 1539 se
891 1508 1009 1549 aliquid

114 1548 283 1580 detractum
299 1550 456 1581 arbitrari:
481 1551 613 1588 videant,
634 1561 672 1582 ne
693 1558 781 1593 turpe
800 1552 1009 1592 miserumque

114 1592 164 1629 sit,
181 1603 242 1630 eos,
259 1594 313 1634 qui
333 1601 502 1634 equestrem
525 1594 716 1635 splendorem
736 1595 800 1636 pati
820 1605 881 1625 non
901 1602 1009 1635 potue-

113 1641 198 1673 runt,
229 1636 306 1667 servi
335 1637 513 1677 nequissimi
541 1637 778 1668 dominationem
808 1637 885 1668 ferre
910 1647 1007 1678 posse.

114 1677 196 1715 Quae
211 1679 335 1719 quidem
348 1679 527 1718 dominatio,
540 1680 668 1719 judices,
684 1680 716 1710 in
732 1681 798 1711 aliis
813 1682 904 1711 rebus
918 1687 1008 1710 antea

114 1722 310 1753 versabatur:
338 1732 420 1753 nunc
442 1733 512 1753 vero
534 1733 628 1764 quam
652 1723 733 1754 viam
755 1723 898 1761 munitet,
921 1723 1006 1763 quod

113 1762 171 1794 iter
185 1764 314 1803 affectet,
330 1765 456 1796 videtis:
481 1766 520 1796 ad
535 1766 638 1805 fidem,
660 1766 698 1796 ad
717 1766 946 1806 jusjurandum,
967 1765 1008 1796 ad

108 1806 227 1846 judicia
246 1815 355 1849 vestra,
377 1808 416 1840 ad
435 1808 479 1850 id,
500 1809 584 1852 quod
603 1810 702 1841 solum
721 1819 815 1852 prope
835 1809 868 1840 in
887 1809 1008 1842 civitate
