1181 1902
297 68 348 99 ΙΝ
371 66 566 99 VERREM
591 66 632 98 V.
656 66 740 98 CAP.
763 67 793 97 6.
924 69 983 99 391

96 165 159 196 que
174 155 200 185 ei
215 154 337 190 liceret;
361 154 435 192 fore,
461 153 518 189 uti,
539 153 621 194 quod
646 153 775 195 quisque
799 152 900 189 vellet,
926 154 988 185 sive

96 204 171 229 esset
192 198 306 235 venale,
334 198 395 227 sive
419 206 480 227 non
504 202 590 234 esset,
606 197 713 237 quanti
728 197 829 233 vellet,
845 197 985 228 auferret.

99 241 190 271 Dicet
212 241 332 281 aliquis,
360 240 434 270 Noli
459 240 515 270 isto
539 239 630 270 modo
656 250 743 280 agere
770 250 840 270 cum
868 239 985 271 Verre:

99 284 161 314 noli
173 285 238 323 ejus
253 285 332 313 facta
346 283 385 313 ad
400 283 533 323 antiquae
549 283 700 322 religionis
716 283 862 313 rationem
878 283 986 324 exqui-

98 337 181 357 rere:
206 326 344 364 concede,
362 332 396 355 ut
410 326 536 366 impune
551 326 668 362 emerit,
685 326 776 356 modo
791 331 826 356 ut
842 326 922 356 bona
941 336 987 356 ra-

98 370 179 399 tione
195 370 310 404 emerit,
327 369 404 398 nihil
425 379 479 408 pro
495 374 651 408 potestate,
668 368 745 398 nihil
760 370 797 399 ab
812 368 919 405 invito,
941 369 988 399 ni-

99 412 142 442 hil
163 423 216 453 per
238 412 391 451 injuriam.
416 411 465 441 Sic
486 421 584 451 agam.
609 411 641 440 Si
667 411 741 451 quid
762 412 865 442 venale
881 412 988 443 habuit

101 455 211 492 Heius,
236 455 261 485 si
282 455 324 491 id,
341 454 448 495 quanti
463 454 641 492 aestimabat,
659 454 734 484 tanti
749 454 894 494 vendidit,
910 455 989 486 desi-

99 507 140 528 no
155 508 299 538 quaerere,
313 507 365 527 cur
380 507 495 527 emens.

142 541 201 571 VI.
227 540 312 578 Quid
327 540 420 579 igitur
435 539 522 569 nobis
545 539 717 569 faciendum
739 542 808 570 est?
840 550 916 570 num
937 552 985 571 ar-

98 583 251 624 gumentis
266 583 416 613 utendum
431 582 462 612 in
478 592 509 612 re
525 582 695 621 ejusmodi?
712 582 920 619 Quaerendum
934 590 988 623 est,

99 626 198 663 credo,
225 626 323 656 Heius
346 625 401 655 iste
424 635 499 655 num
527 636 566 655 aes
583 625 717 655 alienum
737 625 888 661 habuerit..
910 637 987 658 num

98 668 269 700 auctionem
285 668 387 699 fecerit
400 680 408 697 ε
433 668 458 698 si
473 668 553 704 fecit,
567 678 642 697 num
655 674 738 698 tanta
747 667 907 699 difficultas
918 680 989 700 eum

97 712 139 742 rei
155 712 335 742 nummariae
350 711 490 748 tenuerit,
508 716 591 741 tanta
611 717 735 751 egestas,
761 717 845 742 tanta
868 713 912 743 vis
936 723 990 754 op-

97 755 246 796 presserit,
264 761 298 785 ut
314 754 476 785 sacrarium
502 764 591 784 suum
609 754 758 794 spoliaret,
781 760 815 784 ut
838 755 921 785 Deos
934 767 990 796 pa-

100 799 171 829 trios
187 798 335 829 venderet.
363 799 410 827 At
424 796 580 827 hominem
601 797 687 827 video
702 796 872 827 auctionem
888 799 990 830 fecisse

100 842 236 878 nullamg
261 840 439 878 vendidisse,
461 846 568 880 praeter
590 840 705 870 fructus
729 850 809 879 suos,
835 841 912 871 nihil
931 852 989 872 un..

99 895 214 925 quamg
248 894 308 914 non
333 883 424 913 modo
444 883 476 913 in
500 893 557 913 aere
581 883 678 913 alieno
699 883 795 919 nullo,
813 884 910 914 sedin
926 885 988 916 suis

100 927 236 957 nummis
251 927 356 957 multis
372 936 434 957 esse
449 937 483 956 ac
499 936 616 966 semper
627 926 727 956 fuisse.
751 926 784 956 Si
800 926 864 957 haec
873 933 987 965 contra,

100 980 135 1001 ac
161 970 238 1008 dico,
262 976 358 1000 essent
382 969 503 1004 omnia:
529 975 630 999 tamen
656 969 745 999 illum
766 969 840 1007 haec,
858 981 927 1010 quae
947 976 991 1001 tot

99 1023 194 1043 annos
210 1014 241 1043 in
257 1012 374 1043 familia
389 1012 576 1053 sacrarioque
597 1013 749 1051 majorum
764 1012 901 1051 fuissent,
919 1024 990 1044 ven-

99 1056 237 1086 diturum
258 1066 318 1086 non
334 1055 435 1086 fuisse.
460 1055 557 1093 Quid,
581 1055 605 1085 si
620 1055 831 1096 magnitudine
853 1057 990 1096 pecuniae

99 1109 277 1140 persuasum
299 1104 342 1129 est
357 1099 383 1128 ei
394 1099 408 1127 P
441 1098 614 1129 Verisimile
629 1109 690 1128 non
711 1104 765 1136 est,
782 1104 817 1128 ut
831 1099 883 1129 ine
898 1100 991 1130 homo

98 1149 162 1172 tam
179 1143 324 1183 locuples,
342 1148 404 1172 tam
419 1142 573 1178 honestus,
590 1141 727 1182 religioni
743 1152 805 1172 suae
819 1142 991 1173 monimen-

100 1186 198 1226 tisque
213 1186 367 1224 majorum
382 1185 543 1226 pecuniam
558 1190 760 1225 anteponeret.

144 1231 223 1259 Sunt
258 1229 314 1259 ista
330 1240 338 1258 ε
383 1234 592 1259 verumtamen
630 1228 823 1258 abducuntur
851 1227 990 1260 homines

100 1282 323 1312 nonnunquam
344 1271 435 1301 etiam
459 1273 497 1301 ab
523 1271 668 1301 institutis
692 1272 753 1301 suis
780 1271 992 1311 magnitudine

101 1315 245 1356 pecuniae.
271 1314 451 1351 Videamus,
468 1320 582 1354 quanta
595 1314 653 1344 ista
667 1314 795 1355 pecunia
805 1314 908 1351 fuerit,
919 1325 990 1356 quae

101 1358 234 1406 potuerit
251 1358 379 1394 Heium,
395 1357 552 1387 hominem
566 1357 702 1388 maxime
716 1358 910 1397 locupletem,
931 1358 992 1388 mi-

101 1401 184 1431 nime
199 1411 337 1438 avarum,
355 1402 393 1430 ab
408 1400 609 1439 humanitate,
626 1411 644 1430 a
657 1400 778 1441 pietate,
791 1401 829 1430 ab
844 1400 990 1441 religione

99 1444 255 1474 deducere.
290 1444 339 1474 Ita
356 1443 481 1483 jussisti,
507 1444 625 1484 opinor,
644 1444 745 1484 ipsum
765 1443 797 1472 in
812 1444 931 1474 tabulas
945 1455 992 1475 re-

101 1487 197 1517 ferre:
223 1489 245 1505 “
260 1487 337 1517 Haec
351 1486 454 1516 omnia
468 1487 553 1527 signa
571 1486 741 1524 Praxitelis,
758 1485 910 1526 Myronis,
928 1487 990 1517 Po-

101 1529 215 1570 lycleti,
234 1530 290 1560 HS
313 1530 363 1561 VI
379 1530 516 1560 millibus
538 1530 610 1560 etD
631 1530 721 1560 Verri
741 1529 863 1560 vendita
885 1530 989 1560 sunt.''

106 1573 214 1604 Recita
225 1584 263 1603 ex
279 1573 400 1603 tabulis.

422 1617 562 1650 (Tabulae
577 1617 664 1646 Ηιὶἕ.
668 1622 680 1653 )

147 1659 245 1695 Juvat
271 1669 331 1696 me,
354 1659 419 1695 haec
440 1659 582 1700 praeclara
597 1659 721 1690 nomina
742 1659 906 1697 artificum,
923 1669 993 1699 quae

105 1703 155 1734 isti
178 1703 217 1734 ad
241 1703 350 1734 coelum
369 1702 483 1740 ferunt,
504 1702 608 1734 Verris
627 1702 823 1734 aestimatione
838 1702 881 1734 sic
894 1701 992 1734 conci-
