1181 1902
191 87 254 118 366
369 85 421 115 IN
444 84 639 117 VERREM
662 85 724 117 1v.
747 86 831 116 CAP.
852 87 904 116 80.

194 177 280 214 potes
303 170 418 202 dicere:
443 181 500 212 ego
521 172 559 202 de
576 172 652 202 meis
670 172 728 202 hoc
741 171 819 210 dico,
840 181 911 202 cum
925 171 957 200 in
977 170 1082 201 eadem

197 214 256 246 ista
274 214 377 244 Sicilia
394 224 449 254 pro
463 214 617 245 frumento
629 214 798 245 civitatibus
813 214 973 254 pecuniam
989 214 1085 244 solve-

198 268 275 294 rem,
302 263 331 287 et
347 267 467 287 mecum
488 257 563 287 duos
578 257 795 298 frugalissimos
817 257 954 286 homines
975 256 1086 287 scribas

199 300 355 337 haberem,
381 300 417 329 L.
436 299 615 329 Mamilium
632 307 661 330 et
676 300 714 329 L.
732 299 870 339 Sergium
885 310 893 335 3
918 309 979 329 non
996 299 1088 329 modo

201 343 273 372 istas
288 342 363 372 duas
374 342 650 383 quinquagesimas,
664 343 714 373 sed
726 343 827 372 omnio
843 352 1005 372 nummum
1018 342 1090 371 nul-

202 386 269 416 lum
285 385 428 426 cuiquam
444 396 505 415 esse
521 385 695 415 deductum.

248 428 407 458 LXXIX.
431 428 583 465 Dicerem,
609 429 667 459 hoc
692 428 769 457 mihi
796 433 894 457 totum
921 437 982 457 esse
1006 427 1092 456 attri-

205 470 375 508 buendum,
397 471 524 510 judices,
547 471 571 501 si
591 471 636 500 illi
654 481 790 511 unquam
811 481 829 500 a
850 481 900 500 me
918 470 975 499 hoc
989 475 1094 510 postu-

209 514 332 551 lassent,
350 514 373 543 si
389 524 526 553 unquam
539 514 662 544 omnino
672 514 861 554 cogitassent.
885 514 1096 550 Quamobrem

211 557 293 587 enim
315 556 410 586 scriba
433 556 572 594 deducat,
595 567 629 586 ac
649 567 709 586 non
730 556 830 596 potius
845 556 952 593 mulio,
974 555 1027 596 qui
1042 555 1096 584 ad-

211 599 294 630 vexit
308 599 322 628 ?
354 600 538 636 tabellarius,
575 600 661 638 cujus
692 599 822 629 adventu
860 598 997 628 certiores
1026 597 1097 627 facti

215 641 443 682 [petiverunttr]
473 652 580 682 praeco,
606 642 659 682 qui
683 642 764 672 adire
785 641 899 680 jussit?
934 640 1039 677 viator,
1064 650 1099 670 ac

213 684 375 721 Venerius,
398 695 451 725 qu1
466 686 571 715 fiscum
588 685 733 714 sustulit?
758 684 837 722 Qum
851 694 920 724 pars
934 693 1031 724 operae
1046 688 1100 712 aut

215 727 448 768 opportunitatis
464 728 495 756 in
512 726 606 757 scribit
619 733 672 763 est,
697 737 749 757 cur
765 727 791 756 ei
806 737 865 757 non
882 726 972 756 modo
988 736 1102 756 merces

216 776 300 800 tanta
315 770 414 807 detur,
436 770 487 800 sed
502 780 554 799 cur
575 780 644 799 cum
666 780 700 799 eo
723 775 814 799 tantae
828 769 963 809 pecuniae
980 769 1102 809 partitio

217 813 297 842 fiat?
322 812 407 842 Ordo
428 818 472 842 est
491 812 642 842 honestus.
667 812 746 849 Quis
767 813 883 852 negat?
907 817 959 841 aut
974 811 1047 852 quid
1069 821 1104 841 ea

218 866 264 886 res
280 855 318 885 ad
333 855 411 885 hane
431 865 494 885 rem
510 855 638 895 pertinet
651 856 664 885 ’ἓ
689 854 746 884 Est
761 865 830 884 vero
850 855 1003 891 honestus,
1020 853 1102 894 quod

220 908 325 928 eorum
349 898 510 927 hominum
534 897 604 927 fidei
624 898 735 927 tabulae
759 897 888 938 publicae
911 897 1104 937 periculaque

220 941 455 981 magistratuum
478 941 717 971 committuntur.
742 941 851 980 Itaque
874 950 911 969 ex
931 939 978 969 his
1001 939 1104 969 scribis

222 984 275 1024 qui
305 983 390 1024 digni
422 989 492 1014 sunt
515 983 568 1013 illo
593 983 708 1020 ordine,
734 982 1013 1023 patribusfamilias,
1039 981 1109 1012 viris

220 1026 307 1057 bonis
333 1032 424 1066 atque
447 1026 590 1063 honestis,
614 1025 842 1066 percontamini,
869 1025 943 1065 quid
964 1025 1019 1054 sibi
1042 1024 1107 1054 istae

221 1069 481 1110 quinquagesimae
508 1069 609 1099 velint.
633 1069 708 1098 ‚Iam
724 1078 828 1098 omnes
843 1067 1028 1108 intelligetis,
1052 1077 1108 1097 no-

223 1122 294 1143 vam
309 1122 373 1142 rem
388 1117 482 1142 totam
498 1117 589 1152 atque
603 1111 760 1151 indignam
776 1111 879 1141 videri.

266 1155 321 1184 Ad
347 1165 396 1185 eos
421 1165 470 1184 me
496 1154 604 1184 scribas
628 1164 742 1191 revoca,
770 1154 794 1184 si
818 1154 934 1194 placet:
968 1152 1031 1183 noli
1053 1152 1109 1183 hos

225 1198 376 1237 colligere,
393 1197 447 1237 qui
456 1197 624 1227 nummulis
636 1197 796 1237 corrogatis
807 1196 843 1226 de
852 1202 997 1237 nepotum
1010 1195 1108 1233 donis,

225 1251 260 1271 ac
275 1241 312 1270 de
327 1240 512 1270 scenicorum
527 1239 699 1277 corollariis,
712 1250 781 1270 cum
795 1239 946 1269 decuriam
959 1244 1109 1276 emerunt,

226 1294 264 1314 ex
285 1284 384 1324 primo
399 1282 503 1313 ordine
523 1283 715 1323 explosorum
735 1282 767 1312 in
783 1282 949 1312 secundum
973 1281 1109 1312 ordinem

225 1326 354 1356 civitatis
369 1336 399 1356 se
415 1325 529 1356 venisse
544 1326 658 1356 dicunt.
682 1325 744 1355 Eos
759 1325 869 1355 scribas
880 1330 980 1354 tecum
995 1324 1110 1364 discep-

227 1375 336 1399 tatores
357 1369 450 1408 hujus
473 1368 605 1399 criminis
620 1368 747 1405 habebo,
769 1368 822 1408 qui
837 1367 908 1397 istos
923 1368 1033 1397 scribas
1049 1377 1112 1397 esse

227 1412 352 1442 moleste
369 1412 478 1441 ferunt.
501 1411 650 1449 Tametsi,
667 1421 737 1441 cum
749 1411 779 1440 in
793 1420 827 1440 eo
837 1410 940 1440 ordine
956 1410 1113 1440 videamus

228 1465 292 1484 esse
306 1455 420 1484 multos
436 1464 496 1484 non
514 1454 647 1489 idoneos,
672 1453 725 1495 qui
740 1453 812 1483 ordo
827 1452 982 1483 industriae
1003 1462 1114 1493 propo-

229 1498 303 1527 situs
318 1503 362 1527 est
383 1503 412 1527 et
426 1497 587 1537 dignitatig
612 1496 801 1533 mirabimur,
823 1501 924 1536 turpes
939 1495 1057 1536 aliquos
1071 1495 1115 1525 ibi

230 1550 303 1577 esse,
320 1550 381 1580 quo
397 1540 491 1570 cuivis
505 1540 574 1570 licet
588 1540 683 1580 pretio
698 1539 851 1580 pervenire
865 1540 878 1568 ?

273 1583 413 1612 LXXX.
437 1583 501 1619 Tu,
522 1593 559 1613 ex
579 1582 707 1622 pecunia
731 1581 864 1622 publica,
892 1581 949 1612 Hs
973 1580 1116 1611 tredecies

231 1626 359 1656 scribam
385 1631 473 1655 tuum
492 1625 640 1665 permissu
661 1631 713 1655 tuo
729 1635 798 1655 cum
814 1624 971 1654 abstulisse
991 1623 1114 1661 fateare,

231 1668 380 1709 reliquam
407 1668 461 1698 tibi
486 1669 581 1698 ullam
608 1668 811 1698 defensionem
838 1673 925 1707 putas
953 1666 1036 1696 esse?
1059 1667 1116 1696 hoc

229 1711 306 1742 ferre
317 1721 502 1752 quemquam
515 1721 600 1752 posse
610 1713 623 1741 Ρ
632 1711 689 1741 hoc
701 1720 887 1751 quemquam
897 1709 1027 1750 denique
1036 1719 1118 1739 nunc

232 1760 355 1786 tuorum
377 1754 591 1785 advocatorum
612 1753 714 1784 animo
729 1763 816 1794 aequo
832 1752 936 1784 audire
947 1751 1091 1782 arbitrare
1101 1753 1116 1782 ἓ
