1181 1902
247 79 309 108 422
431 79 481 109 IN
505 79 701 111 VERREM
726 80 767 111 V.
791 80 874 112 CAP.
896 81 948 116 37.

244 163 383 194 liendum
398 170 427 196 et
442 165 671 206 asportandum,
687 175 860 208 nomenque
875 167 1000 197 omnino
1016 165 1052 196 P.
1069 165 1135 197 Sci-

245 207 344 248 pionis
366 207 532 238 delendum
555 208 799 250 tollendumque,
821 220 948 240 curasse.
971 208 1072 240 Orant
1092 214 1133 247 te,

244 255 337 290 atque
357 252 524 289 obsecrant,
539 256 575 282 ut
592 252 649 282 sibi
665 252 853 293 religionem,
872 252 975 292 generi
994 258 1048 282 tuo
1067 251 1135 282 lau-

244 293 315 322 dem
331 294 531 334 gloriamque,
556 295 717 331 restituas;
742 304 787 333 ut,
804 295 887 336 quod
909 306 945 325 ex
966 296 1041 325 urbe
1064 294 1135 324 hos-

245 336 324 366 tium
346 347 399 376 per
419 337 455 366 P.
475 337 660 368 Africanum
680 339 897 379 recuperarint,
922 338 954 368 id
975 348 1028 379 per
1052 344 1081 368 te
1096 347 1134 367 ex

243 380 393 420 praedonis
406 380 496 410 domo
508 391 680 412 conservare
694 382 818 421 possint.

287 422 469 453 XXXVII.
494 423 580 461 Quid
605 430 658 453 aut
679 430 712 453 tu
736 424 783 454 his
807 422 986 464 respondere
1009 423 1134 453 honeste

244 470 340 506 potes,
358 471 411 495 aut
425 466 471 496 illi
494 466 602 505 facere,
620 466 677 496 nisi
692 473 727 497 ut
742 474 771 497 te
792 478 825 497 ac
848 467 940 497 fidem
966 472 1051 496 tuam
1075 466 1134 496 im-

243 509 389 548 plorent?
421 509 559 547 Adsunt,
587 515 616 540 et
644 510 818 550 implorant.
844 510 934 540 Potes
963 509 1134 539 domesticae

242 551 341 581 laudis
356 552 602 593 amplitudinem,
619 553 730 593 Scipio,
747 553 824 583 tueri
835 563 845 589 ;
858 558 943 593 potes
957 563 964 582 =
983 551 1086 582 omnia
1100 551 1134 582 in

242 600 273 624 te
288 600 370 631 sunt,
382 606 451 635 quae
466 601 519 625 aut
533 595 656 626 fortuna
666 596 841 626 horninibus
852 602 905 626 aut
919 601 1028 626 natura
1042 595 1134 635 largi-

242 643 302 668 tur.
327 638 400 668 Non
415 649 567 679 praecerpo
581 639 715 669 fructum
727 639 817 669 officii
832 639 877 669 tui
894 650 902 668 t
927 648 988 668 non
1003 638 1135 668 alienam

242 680 319 710 mihi
342 681 465 711 laudem
485 687 616 721 appeto:
641 691 701 711 non
717 688 761 711 est
780 682 904 722 pudoris
919 681 991 718 mei,
1017 681 1053 710 P.
1071 680 1136 711 Sci-

242 724 343 764 pione,
371 724 581 754 florentissimo
604 724 801 761 adolescente,
829 724 897 754 vivo
921 730 951 754 et
975 723 1133 761 incolumi,

243 776 294 797 me
323 773 581 807 propugnatorem
614 767 874 797 monimentorum
904 767 941 796 P.
973 766 1134 808 Scipionis,

242 809 503 850 defensoremque,
524 809 665 850 profiteri.
690 809 795 847 Quam
811 811 849 840 ob
864 820 940 847 rem,
965 809 989 839 si
1011 809 1136 849 suscipis

242 852 413 883 domesticae
438 852 537 882 laudis
551 852 765 893 patrocinium,
789 863 840 883 me
851 862 912 883 non
935 852 1034 882 solum
1050 852 1136 882 silere

243 895 280 925 de
305 895 409 925 vestris
433 895 629 926 monimentis
653 896 814 936 oportebit,
837 895 888 926 sed
911 895 1002 925 etiam
1026 894 1134 932 laetari,

244 938 280 968 P.
297 938 438 969 Africani
459 939 608 977 ejusmodi
626 949 688 969 esse
709 938 846 968 fortunas
862 938 986 975 mortui,
1012 944 1045 967 ut
1070 938 1135 977 ejus

242 981 350 1017 honos,
367 983 405 1011 ab
422 981 457 1011 iis
473 981 526 1022 qui
542 992 579 1012 ex
596 980 701 1012 eadem
717 982 835 1012 familia
850 981 921 1018 sint,
941 980 1133 1018 defendatur,

242 1035 342 1065 neque
356 1025 457 1054 ullum
476 1025 680 1055 adventicium
701 1025 872 1065 requiratur
894 1024 1055 1054 auxilium.
1080 1023 1135 1054 Sin

243 1068 329 1097 istius
344 1067 477 1098 amicitia
492 1073 522 1097 te
536 1068 683 1108 impediet
696 1079 704 1104 3
730 1068 754 1097 si
769 1067 837 1104 hoc,
854 1067 937 1108 quod
953 1068 1006 1097 abs
1021 1072 1051 1096 te
1065 1076 1136 1107 pos-

243 1111 320 1147 tulo,
336 1111 439 1141 minus
455 1110 493 1140 ad
508 1111 642 1140 officium
658 1117 746 1141 tuum
762 1111 912 1151 pertinere
927 1110 1132 1145 arbitrabere;

242 1154 400 1184 succedam
417 1164 472 1194 ego
482 1154 610 1184 vicarius
621 1160 674 1184 tuo
689 1154 826 1184 muneri:
844 1153 1005 1193 suscipiam
1022 1158 1133 1193 partes,

242 1207 318 1237 quas
334 1197 446 1227 alienas
461 1207 523 1227 esse
538 1197 714 1227 arbitrabar.
740 1198 799 1227 Nae
813 1196 870 1226 ista
888 1196 1032 1236 praeclara
1047 1195 1136 1225 nobi-

242 1240 311 1270 litas
332 1240 449 1270 desinat
467 1240 565 1280 queri,
588 1241 740 1281 populum
761 1241 940 1270 Romanum
958 1238 1135 1268 hominibus

242 1284 328 1313 novis
358 1288 450 1323 atque
478 1283 634 1313 industriis
662 1284 791 1313 libenter
819 1282 947 1312 honores
976 1281 1133 1318 mandare,

243 1336 422 1375 semperque
445 1325 615 1356 mandasse.
641 1327 712 1356 Non
739 1332 784 1356 est
813 1324 1015 1366 querendum,
1040 1324 1072 1353 in
1097 1334 1134 1354 ea

242 1369 373 1407 civitate,
399 1380 468 1410 quae
488 1375 610 1410 propter
633 1369 776 1399 virtutem
796 1369 938 1398 omnibus
960 1367 1135 1397 nationibus

242 1413 383 1452 imperat,
403 1413 547 1442 virtutem
568 1412 738 1453 plurimum
763 1422 858 1453 posse.
883 1411 929 1441 Sit
951 1410 1034 1451 apud
1059 1409 1134 1439 alios

240 1455 344 1495 imago
362 1456 397 1485 P.
419 1455 581 1485 Africani.
606 1461 750 1486 ornentur
772 1455 825 1485 alii
839 1453 952 1484 mortui
968 1453 1078 1483 virtute
1098 1462 1135 1483 ac

241 1498 486 1528 nomine.'1alis
501 1498 553 1528 ille
573 1498 618 1529 vir
642 1499 711 1534 fuit,
734 1498 777 1528 ita
800 1498 838 1528 de
855 1496 969 1538 populo
990 1497 1134 1526 Romano

241 1542 368 1572 meritus
392 1547 446 1577 est,
464 1547 499 1571 ut
518 1551 579 1571 non
595 1542 649 1571 uni
669 1541 805 1577 familiae,
823 1540 874 1571 sed
893 1540 1041 1569 universae
1061 1538 1134 1568 civi-

241 1584 308 1621 tati,
324 1584 555 1614 commendatus
571 1596 633 1615 esse
648 1585 766 1614 debeat.
790 1584 847 1613 Est
863 1583 966 1623 aliqua
980 1592 1049 1612 mea
1064 1591 1134 1622 pars

241 1627 347 1663 virilis,
363 1627 445 1668 quod
465 1629 529 1667 ejus
546 1628 673 1658 civitatis
695 1638 775 1665 snm,
800 1637 892 1667 quam
909 1626 960 1655 isse
980 1625 1131 1673 amplam,

239 1670 401 1707 illustrem,
419 1671 593 1711 claramque
607 1671 759 1702 reddidit·
784 1670 935 1710 praecipue
947 1668 1046 1709 quod'
1039 1678 1070 1697 m
1086 1667 1134 1697 his

241 1714 357 1744 artibus
372 1724 427 1754 pro
448 1724 517 1744 mea
536 1720 622 1754 parte
637 1724 748 1751 versor,
771 1723 911 1765 quarum
921 1712 973 1742 ille
992 1711 1133 1751 princeps

239 1756 309 1789 fuit
342 1756 494 1797 aequitate,
525 1756 686 1795 industria,
716 1755 928 1796 temperantia,
956 1753 1132 1785 defensione
