1181 1902
321 55 373 87 IN
398 55 594 88 VERREM
621 56 679 86 IV.
697 55 781 86 (tim.
798 56 851 85 35.
970 52 1031 82 321

140 150 210 171 rum
239 141 462 172 teterrimarum
493 141 710 182 improbissimi
740 140 916 181 cognitores.
952 138 1033 169 Inci-

138 184 228 224 piunt
252 184 416 225 postulare,
436 195 570 225 poscere,
590 185 720 214 minari:
746 193 805 214 non
827 188 965 224 poterant
986 187 1032 211 ta-

140 236 222 264 men,
240 237 311 257 cum
326 233 481 268 cuperent,
495 228 671 267 Apronium
687 226 810 256 imitari.
834 226 929 257 Siculi
945 225 1032 255 Sicu-

138 269 183 299 los
194 279 254 299 non
265 276 328 300 tam
338 270 601 310 pertimescebant.
619 272 698 300 Cum
711 269 796 299 omni
806 269 921 299 ratione
929 275 1031 298 tamen

138 312 184 342 1111
199 312 467 347 calumniarentur,
484 313 668 353 promittunt
684 313 881 342 Herbitenses
896 311 1033 341 vadimo-

139 355 226 385 nium
244 357 416 396 Syracusas.
441 355 490 386 Eo
505 362 703 396 posteaquam
715 362 840 385 ventum
851 360 906 391 est,
919 363 1034 394 cogun-

139 404 189 428 tur
206 398 391 437 ΣΕ5011110111,
407 399 439 428 id
454 405 508 435 est,
523 399 641 439 Pippae,
655 398 726 428 dare
737 403 869 434 tantum,
881 404 1032 438 quantum

142 447 206 471 erat
225 441 262 471 de
281 443 378 482 capite
397 442 548 479 demtum,
568 441 658 471 tritici
680 441 871 471 medimnum
895 449 953 470 cm
973 448 1032 470 cm

142 492 201 514 cm
224 493 283 514 Dc.
309 484 504 515 Mulierculae
524 485 695 525 publicanae
719 483 817 513 noluit
836 494 873 513 ex
898 482 1034 513 decumis

141 527 274 556 n-imium
290 527 366 558 lucri
381 528 463 565 dare,
480 537 518 557 ne
532 527 609 558 forte
624 528 662 557 ab
682 532 829 557 nocturno
845 535 899 556 suo
915 531 1034 566 quaestu

140 569 280 599 animum
295 570 334 600 ad
349 571 433 601 vecti
426 571 506 611 ralia
521 569 698 601 redimenda
713 569 895 600 transferret.

184 612 388 643 Transactum
424 615 575 654 putabant
609 613 828 643 Herbitenses·
820 635 829 648 ,
865 621 936 642 011111
965 610 1032 649 iste,

141 657 164 673 ‘⁶
181 656 268 693 Quid
285 656 323 689 (10
343 656 490 694 hordeo,¹'
515 656 627 697 inquit,
653 658 675 674 “
689 662 718 686 et
738 655 880 691 Βο(τ11ο.,
901 654 1034 684 amiculo

140 700 235 729 meo?
260 699 335 740 quid
350 700 511 739 cogitatis?
515 700 534 712 ''
558 700 605 729 At
620 700 677 730 hoc
696 700 806 739 agebat
828 698 859 727 in
880 697 1032 732 cubiculo,

137 741 267 781 judices,
279 748 370 783 atque
381 743 413 772 in
428 743 539 773 lectulo
551 753 614 773 suo.
641 743 804 782 Negabant
819 741 864 771 1111
879 740 936 771 sibi
946 739 1036 781 quid-

141 795 236 825 quam
261 796 324 816 esse
341 785 495 816 mandatu·
491 796 530 816 11.
566 786 640 815 Non
659 785 769 815 audio·
795 789 953 814 numerate
977 783 1034 813 Hs

142 827 218 858 XV.
242 828 329 866 Quid
351 828 482 859 facerent
506 829 636 859 miseri?
659 834 712 858 aut
735 827 809 869 quid
836 827 1034 857 recusarent?

141 871 309 911 praesertim
321 882 391 901 cum
402 872 433 901 in
446 872 557 902 lectulo
572 871 748 901 decumanae
759 870 896 900 mulier-is
911 880 928 899 v
931 868 1037 909 estigia

143 913 279 944 viderent
294 914 434 951 recentia,
451 915 563 955 quibus
578 915 668 944 illum
684 913 868 943 inflammari
883 912 922 942 ad
937 922 1038 960 perse-

143 956 311 986 verandum
333 957 571 997 intelligebant?
604 957 653 987 Ita
677 957 781 987 civitas
805 966 867 985 una
887 955 1037 985 sociorum

142 1005 234 1039 atque
246 999 424 1036 amicorum,
436 1000 555 1030 duabus
562 999 721 1029 teterrimis
731 998 929 1035 mulierculis,
942 998 1038 1028 Verre

143 1048 281 1082 praetore,
297 1042 450 1082 vectigalis
470 1042 537 1072 fuit.
568 1043 676 1082 Atque
696 1052 752 1083 ego
770 1052 863 1077 nunc,
883 1051 954 1071 eum
973 1040 1038 1070 fru-

145 1084 241 1114 menti
256 1094 432 1123 numerum,
454 1091 483 1115 et
498 1096 546 1115 eas
564 1085 686 1126 publice
703 1085 846 1126 pecunias
861 1084 1038 1114 decumanis

144 1129 184 1158 ab
201 1127 433 1158 Herbitentibus
445 1128 530 1159 datas
546 1139 619 1165 esse,
632 1128 718 1159 dico.
743 1138 805 1169 quo
817 1127 862 1157 1111
871 1127 1038 1176 frumenta,

145 1176 175 1200 et
197 1171 310 1211 quibus
325 1171 471 1212 pecuniis,
494 1178 596 1201 tamen
617 1182 636 1201 a
654 1171 895 1202 decumanorum
920 1169 1040 1209 injuriis

146 1213 225 1243 cives
240 1224 309 1244 suos
324 1224 385 1244 non
401 1215 603 1244 redemerunt.
628 1214 759 1244 Perditis
774 1213 855 1244 enim
872 1219 901 1243 et
916 1213 1040 1253 direptis

146 1263 302 1287 aratorum
318 1257 416 1295 bonis,
438 1258 503 1288 haec
523 1257 698 1288 decumanis
716 1267 830 1287 merces
847 1255 987 1294 dabatur,
1004 1262 1040 1286 ut

147 1299 313 1340 aliquando
328 1310 366 1330 ex
382 1311 487 1330 eorum
510 1301 589 1341 agris
604 1306 696 1341 atque
711 1311 749 1330 ex
769 1299 897 1330 urbibus
912 1299 1039 1329 abirent.

148 1343 260 1383 Itaque
275 1353 346 1373 cum
366 1343 508 1374 Philinus
528 1343 730 1381 Herbitensis,
752 1343 844 1373 homo
859 1342 988 1372 disertus
1011 1348 1041 1372 et

149 1386 293 1426 prudens,
311 1392 341 1416 et
355 1386 439 1416 domi
454 1386 575 1425 nobilis,
591 1387 630 1416 de
644 1386 816 1416 calamitate
829 1391 995 1423 aratorum,
1012 1391 1042 1415 et

149 1428 188 1458 de
208 1429 294 1470 fuga,
311 1436 340 1459 et
355 1429 393 1459 de
407 1430 593 1470 reliquorum
609 1429 759 1470 paucitate
769 1428 894 1470 publice
909 1428 1040 1464 diceret;

150 1472 415 1510 animadvertistis,
439 1473 567 1512 judices,
591 1472 741 1513 gemitum
764 1471 871 1513 populi
894 1471 1042 1508 Romani,

151 1516 237 1554 cujus
258 1515 428 1556 frequentia
445 1516 517 1546 huic
542 1526 640 1546 causae
659 1525 820 1556 nunquam
838 1514 944 1545 defuit.
969 1514 1043 1552 Qu&

151 1557 189 1587 de
203 1558 355 1598 paucitate
369 1564 523 1589 aratorum
540 1559 599 1589 alio
613 1559 679 1588 loco
694 1558 804 1588 dicam.

196 1600 342 1632 XXXV.
365 1602 459 1632 Nunc
486 1601 575 1639 illud,
601 1601 683 1642 quod
706 1611 792 1642 paene
815 1600 957 1641 praeterii,
982 1610 1044 1630 non

152 1644 278 1674 omnino
311 1644 547 1686 relinquendum
582 1645 710 1675 videtur.
754 1644 852 1679 Nam,
883 1654 936 1684 per
961 1643 1044 1673 Deos

152 1686 358 1718 immortales!
384 1688 467 1728 quod
489 1688 526 1717 de
550 1688 647 1728 capite
669 1688 734 1728 ipso
751 1687 871 1723 demsit,
897 1697 958 1727 quo
980 1692 1047 1716 tan-

149 1728 221 1760 dem
237 1730 329 1761 modo
344 1731 429 1763 vobis
450 1741 512 1762 non
527 1731 619 1762 modo
641 1730 812 1770 ferendum,
831 1740 937 1760 verum
955 1729 1047 1761 etiam
