1181 1902
237 212 275 242 de
290 212 413 253 quibus,
426 218 461 242 ut
476 224 525 243 eos
537 213 654 252 judices
665 214 843 250 habeamus,
859 214 960 253 legem
975 214 1013 243 ab
1027 212 1128 243 homi-

239 265 277 285 ne
293 265 353 285 non
368 256 461 286 nostri
476 257 604 297 generis,
620 267 680 287 non
697 268 734 288 ex
750 257 881 297 equestri
897 257 962 286 loco
982 256 1126 296 profecto,

241 298 293 328 sed
308 299 506 336 nobilissimo,
523 301 749 340 promulgatam
765 300 912 330 videmus.

285 341 468 379 Decumani,
489 342 546 372 hoc
570 349 624 379 est,
649 343 798 383 principes
823 348 852 372 et
873 341 960 382 quasi
981 346 1132 371 senatores

244 384 489 424 publicanorum,
506 386 701 416 removendas
715 386 753 415 de
773 385 873 415 medio
888 385 989 414 literas
1013 394 1137 414 censue·-

243 433 324 456 runt.
350 428 459 457 Habeo
480 439 517 458 ex
538 429 585 466 iis,
607 429 661 469 qui
682 429 846 464 affuerunt,
863 438 939 468 quos
954 427 1133 467 producam,

245 468 374 510 [quibus
389 470 445 501 hoc
461 472 678 512 committam,]
696 471 834 501 homines
854 470 1078 500 honestissimos
1100 480 1135 499 ac

244 512 507 554 locupletissimos,
520 515 591 544 istos
601 515 680 555 ipsos
692 514 841 555 principes
851 513 995 554 equestris
1006 512 1135 548 ordinis:

243 566 378 596 ‚quorum
395 557 552 596 splendore
564 558 610 587 vel
626 557 761 587 maxime
775 557 872 593 istius,
889 556 942 596 qui
956 556 1055 595 legem
1068 566 1137 596 pro-

245 599 406 639 mulgavit,
418 601 512 630 oratio
524 607 553 631 et
565 611 654 631 causa
664 601 779 630 nititur.
798 599 930 630 Venient
941 599 972 628 in
984 598 1138 634 medium3

245 641 357 679 dicent,
382 643 457 683 quid
482 644 649 673 statuerint.
683 643 833 679 Profecto,
861 642 885 672 si
909 647 986 672 recte
1006 641 1145 672 homines

247 685 330 721 novi,
357 695 418 715 non
443 687 638 717 mentientur.
672 686 791 716 Literas
812 686 893 715 enim
918 694 1094 715 comumnes
1109 684 1146 714 de
1168 691 1172 722 ξ

247 728 348 758 medio
368 739 522 759 removere
543 735 726 770 potuerunt;
751 729 842 759 fidem
864 738 951 758 suam
977 734 1007 757 et
1027 728 1147 768 religio-

250 781 322 801 nem
339 782 491 801 removere
506 782 567 802 non
588 778 724 812 possunt.
752 773 838 812 Ergo
859 771 974 812 equites
999 771 1145 808 Romani,

250 814 304 854 qui
316 820 344 844 te
360 825 414 844 suo
423 814 539 853 judicio
552 814 803 852 condemnarunt,
820 815 931 844 horum
945 814 1061 852 judicio
1076 824 1146 844 con-

249 857 388 886 demnari
400 858 573 888 noluerunt.
612 858 676 888 Vos
692 868 786 894 nunc,
797 863 903 888 utrum
918 857 1043 886 illorum
1063 857 1146 896 judi-

247 900 330 929 cium
346 910 384 929 an
401 901 588 930 voluntatem
601 901 686 941 sequi
701 900 825 936 malitis,
843 900 1038 930 considerate.

296 943 441 974 LXXII.
465 944 511 973 At
527 944 606 981 vide,
624 944 700 984 quid
715 949 745 973 te
761 943 929 973 amicorum
946 949 1069 973 tuorum
1085 949 1149 974 stu-

253 986 352 1023 dium,
366 986 441 1026 quid
457 992 546 1016 tuum
562 987 735 1024 consilium,
748 986 822 1027 quid
833 986 983 1016 sociorum
996 986 1147 1023 voluntas,

255 1029 389 1068 adjuvet.
416 1029 526 1060 Dicam
548 1030 640 1070 paulo
656 1030 821 1070 promtius:
848 1032 960 1069 (neque
980 1029 1059 1059 enim
1078 1030 1143 1068 jam

253 1082 368 1109 vereor,
395 1082 432 1102 ne
454 1073 522 1113 quis
538 1074 594 1103 hoc
614 1083 664 1103 me
679 1073 777 1113 magis
788 1072 981 1109 accusatorie,
998 1083 1091 1112 quam
1106 1073 1143 1102 li-

252 1117 333 1151 bere,
350 1115 461 1146 dixisse
476 1116 661 1153 arbitretur.)
695 1116 728 1147 Si
749 1116 820 1145 istas
835 1115 935 1145 literas
951 1125 1011 1145 non
1027 1115 1143 1146 decreto

252 1158 491 1188 decumanorum
507 1159 643 1199 magistri
658 1159 864 1193 removissent,
881 1164 1002 1188 tantum
1023 1169 1142 1199 possem

252 1202 285 1231 in
301 1207 330 1231 te
345 1201 452 1239 dicere,
475 1208 627 1242 quantum
648 1201 679 1231 in
697 1202 791 1231 literis
812 1201 1012 1231 invenissem:
1048 1212 1140 1239 nunc,

252 1244 372 1274 decreto
387 1244 445 1274 isto
460 1245 549 1282 facto,
565 1244 719 1285 literisque
734 1245 867 1281 remotis,
885 1250 1004 1274 tantum
1017 1245 1092 1274 mihi
1108 1245 1145 1275 li-

256 1293 302 1317 cet
326 1287 434 1324 dicere,
459 1294 611 1329 quantum
632 1298 773 1327 possum;
798 1293 917 1317 tantum
931 1287 1026 1326 judici
1049 1288 1146 1328 suspi-

254 1330 328 1367 cari,
345 1337 497 1371 quantum
514 1331 593 1361 velit.
619 1331 707 1368 Dico,
725 1336 754 1360 te
768 1330 940 1360 maximum
956 1330 1075 1370 pondus
1090 1341 1145 1361 au-

255 1374 292 1409 ri,
310 1373 437 1413 argenti,
454 1374 561 1411 eboris,
578 1384 732 1414 purpurae,
745 1373 911 1414 plurimam
924 1379 1036 1403 vestem
1054 1373 1146 1403 Meli-

254 1422 381 1451 tensem,
413 1417 578 1456 plurimam
615 1417 793 1457 stragulam,
824 1417 956 1446 multam
987 1416 1144 1447 Deliacam

257 1459 489 1499 supellectilem,
531 1460 664 1500 plurima
694 1470 764 1489 vasa
798 1459 967 1495 Corinthia,
998 1469 1145 1499 magnum
1162 1471 1165 1475 ·

256 1512 422 1532 numerum
445 1503 602 1539 frumenti,
619 1503 682 1532 vim
701 1502 799 1532 mellis
814 1502 994 1538 maximam,
1017 1503 1147 1542 Syracu-

257 1545 296 1576 sis
323 1546 509 1585 exportasse:
545 1546 592 1576 his
616 1555 670 1585 pro
692 1547 780 1575 rebus
800 1545 882 1584 quod
897 1545 1064 1585 portorium
1085 1555 1146 1575 non

257 1594 331 1619 esset
351 1588 469 1625 datum,
486 1589 586 1618 literas
601 1588 639 1618 ad
655 1589 748 1618 socios
763 1587 878 1618 misisse
894 1589 932 1618 L.
950 1588 1144 1625 Canuleium,

253 1631 313 1672 ‚qui
328 1631 359 1660 in
375 1638 463 1671 portu
480 1642 585 1672 operas
599 1632 692 1661 daret.
1162 1644 1163 1655 ¹

303 1673 420 1703 Satisne
448 1684 597 1714 magnum
626 1675 683 1704 hoc
712 1674 825 1704 crimen
850 1674 990 1704 videtur?
1023 1674 1144 1705 nullum

258 1717 375 1757 opinor,
389 1718 498 1756 majus.
534 1717 619 1754 Quid
629 1717 770 1747 defendet
787 1717 988 1747 Hortensius?
1012 1718 1146 1757 postula-
1160 1735 1163 1748 ι

260 1760 317 1795 bit,
331 1765 365 1790 ut
377 1760 479 1790 literas
492 1760 632 1790 Ganuleii
643 1760 812 1801 proferam?
831 1759 943 1790 crimen
960 1760 1147 1798 hujusmodi,
1160 1775 1162 1796 l

260 1803 318 1834 nisi
340 1802 434 1833 literis
454 1804 660 1840 confirmetur,
685 1804 774 1834 inane
790 1813 852 1834 esse
867 1803 966 1834 dicet?
991 1801 1161 1848 ClamabQ}

237 128 299 157 280
414 127 465 157 IN
488 127 683 158 VERREM
710 127 775 158 III.
799 128 882 158 CAP.
904 127 955 163 72.
1169 0 1181 308 l
