1181 1902
280 39 331 70 IN
357 39 554 71 VERREM
581 40 640 72 IV.
664 40 748 71 CAP.
772 40 823 71 95.
933 39 992 71 381

106 123 249 164 pecunias
263 125 320 156 isto
335 127 458 157 nomine
470 127 548 168 capi,
561 126 703 166 judicatis
715 138 724 163 ς
745 132 823 157 certe
831 125 899 163 hoc,
911 125 996 166 quod

108 166 208 197 adhuc
219 177 319 205 nemo,
332 169 390 200 nisi
404 170 656 210 improbissimus,
669 170 749 207 fecit,
762 168 886 210 posthac
895 178 997 206 nemo,

107 209 165 239 nisi
180 210 385 249 stultissimus,
396 223 456 242 non
468 213 565 243 faciet.
591 213 728 253 Improbi
739 218 821 249 sunt,
834 211 888 252 qui
902 221 996 252 pecu-

108 251 172 282 nias
184 260 287 283 contra
301 255 381 295 leges
397 263 528 295 cogunt;
553 256 649 293 stulti,
666 256 731 296 qui,
748 254 830 296 quod
844 254 933 284 licere
944 255 996 294 ju-

107 294 240 325 dicatum
253 304 306 334 est,
323 298 566 338 praetermittunt.

151 337 282 375 Deinde,
296 340 424 379 judices,
441 341 549 378 videte,
567 351 660 382 quam
684 340 836 370 infinitam
860 340 923 370 sitis
938 339 994 369 ho-

109 380 244 412 minibus
263 382 414 414 licentiam
431 384 627 425 pecuniarum
643 384 864 424 eripiendarum
882 382 993 412 daturi.

109 423 154 460 Si,
171 430 270 455 ternos
281 426 417 457 denarios
429 427 483 467 qui
495 427 602 467 coegit,
614 426 669 456 erit
681 426 836 456 absolutus
847 437 856 461 ;
874 432 997 466 quater-

109 475 175 503 nos,
192 467 310 508 quinos,
327 469 419 499 denos
433 470 575 510 denique,
591 475 644 499 aut
660 470 789 506 vicenos,
806 475 893 508 coget
907 468 995 498 alius.

109 508 189 546 Quae
204 511 259 540 erit
268 512 457 552 reprehensio
468 513 482 541 ’ἓ
505 512 536 542 in
549 522 610 553 quo
620 512 754 552 primum
766 511 886 550 injuriae
896 511 993 551 gradu

107 552 241 583 resistere
263 553 386 594 incipiet
406 555 545 585 severitas
566 555 701 594 judicis?
731 554 853 592 Quotus
869 554 925 583 erit
939 554 995 584 iste

107 593 258 633 denarius,
282 597 336 637 qui
356 607 417 628 non
438 598 475 628 sit
495 598 646 635 ferendus,
674 604 703 628 et
723 597 755 627 in
777 607 838 638 quo
857 596 993 637 primum

106 637 311 669 aestimationis
325 640 469 681 iniquitas
484 647 574 682 atque
596 641 773 681 improbitas
793 639 995 680 reprehenda-

106 685 157 710 tur
170 683 183 711 ἓ
207 681 280 712 Non
295 683 376 713 enim
397 695 415 714 a
430 684 513 714 vobis
534 694 665 721 summa,
683 684 734 714 sed
749 693 844 724 genus
860 682 992 712 aestima-

106 722 195 754 tionis
218 725 274 755 erit
293 728 544 767 comprobatum:
570 737 667 768 neque
686 727 743 756 hoc
763 726 886 767 potestis
907 725 992 764 judi-

105 775 182 804 care,
199 769 291 798 ternis
302 769 431 800 denariis
441 770 587 800 aestimare
598 771 686 800 licere
697 781 706 805 ;
723 769 808 799 denis
817 779 879 799 non
891 768 990 798 licere.

103 807 168 839 Ubi
183 810 264 841 enim
279 812 371 842 semel
387 814 424 843 ab
439 823 567 843 annonae
582 813 707 849 ratione,
727 818 757 842 et
778 813 817 842 ab
837 816 992 842 aratorum

102 852 269 891 voluntate,
288 865 333 885 res
355 855 394 885 ad
417 857 552 896 praetoris
575 856 734 886 libidinem
758 854 902 885 translata
924 860 990 890 est;

102 903 162 924 non
179 903 222 926 est
234 898 299 936 jam
315 898 347 928 in
361 898 428 938 lege
443 905 534 940 atque
548 899 579 929 in
596 899 704 936 officio,
726 898 777 928 sed
792 898 823 928 in
837 898 992 928 voluntate

101 936 262 970 hominum
278 947 368 982 atque
383 942 520 979 avaritia,
535 942 649 983 positus
665 941 774 971 modus
789 940 969 971 aestimandi.

145 981 247 1012 XCV.
265 984 469 1025 Quapropter,
483 985 507 1015 si
517 996 568 1015 vos
578 985 670 1015 semel
682 985 713 1014 in
721 984 886 1023 judicando
896 983 989 1013 finem

101 1024 251 1064 aequitatis
266 1033 295 1056 et
309 1027 383 1067 legis
404 1028 589 1065 transieritis,
603 1029 716 1064 scitote„
728 1038 780 1058 vos
795 1027 918 1056 nullum
934 1037 991 1057 cae-

102 1067 172 1097 teris
187 1068 218 1098 in
235 1069 412 1100 aestimando
427 1071 520 1101 finem
535 1071 736 1112 improbitatis
752 1076 781 1100 et
796 1070 928 1100 avaritiae
944 1080 990 1100 re-

98 1109 231 1150 liquisse.
266 1112 376 1143 Videte
398 1114 502 1154 igitur,
527 1124 621 1155 quam
636 1114 735 1144 multa
750 1113 840 1143 simul
865 1123 883 1142 a
904 1112 989 1143 vobis

98 1154 298 1192 postulentur.
321 1156 482 1187 Absolvite
494 1167 576 1194 eum,
590 1157 644 1198 qui
654 1167 684 1187 se
696 1157 824 1186 fateatur
836 1156 989 1185 maximas

98 1197 241 1235 pecunias
256 1208 327 1228 cum
343 1200 464 1229 summa
477 1200 624 1230 sociorum
641 1199 753 1239 injuria}
769 1199 889 1239 cepisse.
914 1199 944 1228 N
948 1208 988 1229 on

99 1245 143 1268 est
159 1240 238 1270 satis.
262 1241 342 1272 Sunt
356 1242 408 1272 alii
423 1253 546 1283 quoque
560 1244 674 1284 plures,
685 1243 739 1283 qui
753 1242 834 1272 idem
844 1241 985 1272 fecerint:

96 1282 240 1313 absolvite
250 1284 342 1314 etiam
354 1285 432 1321 illos,
447 1285 471 1316 si
481 1286 535 1326 qui
544 1293 631 1321 sunt;
648 1292 683 1315 ut
695 1295 756 1315 uno
765 1285 880 1324 judicio
891 1294 987 1325 quam

95 1324 243 1364 plurimos
258 1327 412 1368 improbos
427 1328 567 1359 liberetis.
601 1330 632 1359 N
635 1339 650 1359 e
665 1328 696 1358 id
709 1328 833 1369 quidem
846 1327 916 1357 satis
931 1333 985 1358 est.

95 1367 209 1406 Facite,
227 1376 261 1399 ut
277 1371 389 1401 caeteris
412 1371 536 1412 posthac
552 1372 632 1402 idem
648 1371 745 1401 liceat.
779 1370 906 1401 Licebit.
939 1370 987 1400 At

92 1409 149 1440 hoc
164 1422 273 1452 parum
289 1420 342 1443 est.
379 1414 548 1445 Permittite
563 1422 598 1445 ut
612 1415 711 1451 liceat,
734 1413 840 1455 quanti
856 1413 986 1454 quisque

92 1454 175 1490 velit,
190 1456 266 1485 tanti
278 1457 414 1487 aestimet.
433 1457 618 1488 AEstiniabit.
638 1457 829 1496 videtisjam
839 1456 983 1497 profecto,

89 1496 217 1535 judices,
233 1498 290 1529 hac
305 1500 502 1531 aestimatione
517 1512 535 1531 a
551 1501 634 1531 vobis
657 1500 862 1541 comprobata,
886 1509 985 1540 neque

92 1540 219 1571 modum
239 1543 364 1582 posthac
379 1544 512 1574 avaritiae
528 1545 720 1585 cujusquam,
742 1553 841 1584 neque
862 1552 984 1583 poenam

92 1581 293 1623 improbitatis
308 1585 453 1616 futuram.

137 1625 224 1664 Quas
239 1629 277 1659 ob
292 1639 350 1667 res,
372 1630 446 1670 quid
461 1630 536 1670 agis,
559 1629 731 1660 Hortensi?
756 1628 872 1659 Consul
888 1639 917 1658 ω
933 1627 985 1658 de-

93 1668 248 1709 signatus:
264 1672 449 1713 provinciam
461 1673 583 1705 sortitus
595 1683 641 1704 es:
658 1673 697 1704 de
706 1672 903 1704 aestimatione
914 1681 985 1702 cum
