1181 1902
225 77 289 107 336
399 77 450 108 IN
475 75 671 108 VERREM
697 76 756 107 IV.
781 75 864 107 CAP.
882 78 933 107 50.

268 162 331 193 Hic
346 162 423 192 mihi
435 163 525 193 etiarn
541 162 637 193 dicere
652 162 785 201 audebit,
799 173 911 203 magno
927 173 957 192 se
971 161 1113 192 decumas

225 205 403 242 vendidisse,
421 217 502 243 cum⁷
527 216 563 236 ex
580 206 685 236 eodem
707 216 790 246 agro,
814 205 940 235 dimidio
962 206 1031 246 plus
1051 205 1115 245 ipse

225 249 392 285 abstulerit,
410 260 503 289 quam
526 250 639 289 populo
657 249 797 279 Romano
812 249 950 278 miserit?
974 248 1113 278 CCXVI

224 290 362 321 modissm
377 292 514 322 millibus
529 291 670 322 decumas
689 292 752 332 agri
775 291 916 321 Leontini
933 290 1112 321 vendidisti:

226 333 250 364 si
266 344 303 364 ex
319 334 395 375 lege,
412 345 524 375 magno
536 345 544 369 ;
570 335 605 371 si,
619 341 653 364 ut
668 335 717 364 lex
731 342 805 364 esset
816 334 910 364 libido
923 340 985 369 tua,
999 344 1091 374 parvo
1103 344 1112 369 ς

225 376 261 412 si,
275 383 320 412 ut,
334 388 403 417 quae
415 377 549 407 dimidiae
559 383 666 412 essent,
677 378 812 407 deeumae
822 383 1009 411 vocarentur,
1023 386 1115 416 parvo

224 420 393 450 vendidisti.
433 421 537 450 Multo
552 421 633 450 enim
648 420 744 460 pluris
760 420 874 450 fructus
890 420 984 449 annui
1007 419 1116 450 Siciliae

226 462 330 492 venire
351 469 526 503 potuerunt,
553 464 577 493 si
597 463 628 492 id
652 469 681 492 te
702 470 821 493 senatus
836 469 889 492 aut
905 462 1035 503 populus
1052 463 1116 492 Ro-

225 514 335 535 manus
351 506 447 536 facere
463 506 612 536 voluisset.
649 506 773 536 Etenim
795 517 873 546 saepe
888 506 1023 536 decumae
1038 505 1115 535 tanti

224 548 392 585 venierunt,
406 559 475 579 cum
492 550 558 589 lege
572 549 735 579 Hieronica
751 549 897 584 venirent7
911 549 1017 589 quanti
1034 558 1115 577 nuuc

224 591 291 631 lege
307 591 421 621 Verre&
437 592 603 622 venierunt.
629 592 710 622 Cedo
722 592 799 621 mihi
815 592 850 622 C.
869 591 1008 621 Norbani
1024 591 1115 621 decu-

225 644 291 664 mas
308 634 452 665 venditas.

278 704 331 736 (C.
350 704 496 733 Norbani
512 705 642 734 decumae
658 705 785 734 venditae
800 706 872 743 agri
891 705 1060 739 Leontini.)

266 763 367 803 Atqui
382 769 448 792 tum
465 773 563 803 neque
575 763 725 802 judicium
747 763 784 792 de
799 763 890 792 modo
903 763 1044 802 jugerum
1063 763 1115 792 da-

224 807 332 841 batur;
357 816 455 846 neque
471 806 551 835 enim
568 812 631 835 erat
651 806 865 835 Artemidorus
888 806 1045 835 Cornelius
1071 817 1110 835 re-

222 854 400 888 cuperat0r;
426 859 524 889 neque
536 850 574 878 ab
587 854 702 878 aratore
714 849 907 888 magistratus
918 848 1037 878 Siculus
1050 855 1116 878 tan-

223 897 291 921 tum
318 892 469 932 exigebat,
498 898 648 932 quantum
675 891 861 921 decumanus
887 891 1018 921 ediderat
1031 902 1039 926 ς
1064 901 1118 922 nec

223 933 404 964 beneficium
429 935 587 975 petebatur
607 945 625 964 a
646 934 825 969 decumanm
842 942 876 964 ut
891 934 920 963 in
935 935 1042 973 jugera
1058 934 1119 964 sin-

224 977 298 1017 gula
313 977 404 1007 ternis
420 977 582 1007 medimnis
604 977 739 1007 decidere
761 977 881 1011 liceret3
907 987 961 1006 nec
977 987 1119 1007 nummo-

224 1030 293 1049 rum
310 1020 507 1050 accessionem
525 1021 687 1060 cogebatur
711 1026 809 1049 arator
833 1020 915 1057 dare,
942 1030 997 1050 nec
1019 1026 1118 1050 ternas

223 1063 491 1103 quinquagesimas
516 1063 661 1092 frumenti
682 1063 810 1092 addere:
836 1069 865 1092 et
881 1069 981 1093 tamen
1003 1064 1117 1103 populo

228 1106 371 1135 Romano
386 1116 515 1146 magnus
531 1106 676 1136 frumenti
688 1116 832 1135 numerus
844 1106 1029 1135 mittebatur.

267 1148 305 1178 L.
330 1148 415 1186 Quid
429 1159 497 1179 vero
507 1149 572 1179 istae
583 1149 639 1178 sibi
650 1149 921 1189 quinquagesimae,
939 1149 1013 1189 quid
1029 1159 1117 1189 porro

225 1201 423 1221 nummorum
440 1192 630 1228 accessiones,
648 1192 753 1222 volunt
767 1194 780 1222 Ρ
805 1191 877 1229 Quo
889 1192 919 1221 id
933 1192 1011 1230 jure,
1026 1198 1118 1232 atque

226 1234 312 1271 adeo,
327 1245 387 1275 qno
403 1234 434 1264 id
453 1234 569 1275 [potius
584 1235 695 1275 more‚]
710 1234 827 1265 fecisti?
860 1235 1015 1264 Nummos
1026 1235 1117 1265 dabat

226 1283 333 1307 arator.
359 1277 547 1315 Quomodo?
564 1284 617 1308 aut
629 1277 729 1307 unde?
746 1278 810 1318 qui,
824 1278 847 1307 si
857 1277 1045 1317 largissimus
1056 1288 1118 1308 esse

225 1320 326 1357 vellet,
344 1320 544 1351 cumulatiore
558 1321 701 1351 mensura
721 1327 866 1356 uteretur,
890 1326 924 1350 ut
940 1327 1028 1350 antea
1043 1321 1119 1350 sole-

226 1364 301 1393 bant
316 1363 412 1393 facere
427 1363 457 1392 in
471 1363 617 1400 decumis,
635 1374 704 1393 cum
721 1363 809 1404 aequa
824 1364 890 1402 lege
906 1369 934 1393 et
950 1364 1120 1394 conditione

225 1405 378 1436 venibant.
405 1406 435 1436 Is
446 1416 609 1436 nummum
620 1406 720 1436 dabat.
746 1406 835 1436 Unde
843 1406 858 1435 ‘t'
885 1406 931 1435 De
941 1406 1094 1436 frumento
1103 1409 1118 1437 ?

226 1449 313 1489 quasi
328 1449 493 1484 habuisset,
511 1455 539 1479 te
554 1455 691 1490 praetore,
709 1449 790 1490 quod
807 1449 955 1479 venderet.
987 1449 1035 1479 De
1051 1450 1118 1479 vivo

226 1491 319 1531 igitur
335 1498 398 1521 erat
409 1492 526 1532 aliquid
544 1492 750 1529 resecandum,
768 1499 802 1522 ut
818 1498 901 1526 esset,
920 1492 1001 1522 unde
1017 1493 1120 1533 Apro-

226 1534 287 1571 nio,
305 1534 343 1564 ad
359 1534 426 1564 illos
439 1535 554 1565 fructus
564 1536 746 1572 arationum,
759 1536 816 1565 hoc
826 1535 1017 1565 corollarium
1029 1546 1120 1565 num-

226 1586 348 1607 morum
365 1577 533 1607 adderetur.
568 1579 589 1608 J
593 1589 642 1608 am
659 1579 690 1608 id
705 1588 793 1619 porro
809 1584 912 1608 utrum
930 1577 1066 1615 libentes„
1081 1589 1119 1608 an

226 1619 325 1657 inviti,
348 1620 484 1650 dabant?
523 1621 693 1651 hibentes?
717 1622 871 1656 amabant„
897 1621 995 1657 credo,
1018 1622 1120 1662 Apro-

228 1662 325 1692 nium.
363 1663 478 1692 Inviti?
502 1665 563 1704 quii
580 1675 622 1699 τε,
639 1664 696 1693 nisi
712 1664 741 1693 vi
757 1670 786 1693 et
801 1664 893 1693 malo.
911 1665 1119 1702 cogebantur?

228 1705 251 1735 J
254 1715 303 1735 am
317 1705 383 1742 iste,
395 1706 486 1735 homo
498 1707 734 1743 amentissimus,
755 1707 785 1736 in
798 1706 960 1736 vendendis
973 1707 1119 1745 decumis,

228 1757 427 1778 nummorum
438 1749 566 1779 faciebat
575 1750 755 1780 accessiones
765 1750 802 1779 ad
813 1750 946 1789 singulas
958 1750 1117 1780 decumas:

229 1800 328 1833 neque
338 1792 471 1822 multum
483 1803 492 1828 ;
509 1792 581 1824 bina
592 1799 645 1823 aut
656 1799 739 1824 terna
751 1793 848 1824 millia
863 1792 999 1824 addebat.
1026 1793 1119 1823 Fiunt
