1181 1902
184 86 245 117 126
300 85 352 117 IN
376 84 615 117 CAECILIUM
640 83 787 115 DIVIN.
812 83 895 115 CAP.
915 85 964 115 18.

180 171 364 213 aequissimo,
388 172 563 202 nuntiatum
584 177 649 208 est3
672 170 772 202 vocari
791 170 830 201 ad
851 181 882 201 se
896 170 1073 211 Agonidem

177 216 285 255 jubet:
308 215 458 254 judicium
477 215 529 245 dat
552 215 665 252 statim,
690 214 713 243 si
734 220 862 254 pareret,
887 224 965 251 eam,
989 225 1020 244 se
1043 221 1074 244 et

180 269 236 288 sua
251 258 379 289 Veneris
395 268 467 295 esse,
484 258 603 288 dixisse.
627 258 649 287 J
652 257 774 287 udicant
789 263 1009 298 recuperatores
1027 257 1070 295 id,

181 301 264 342 quod
288 311 405 331 necesse
429 307 510 331 erat:
535 311 634 341 neque
658 300 739 330 enim
764 305 827 330 erat
847 300 989 340 cuiquam
1014 300 1072 330 du-

180 345 279 380 bium,
303 344 377 385 quin
392 344 445 374 illa
460 343 592 374 dixisset.
622 344 682 373 Iste
697 343 728 372 in
744 343 961 383 possessionem
976 344 1071 373 bono-

181 397 252 417 rum
268 387 402 417 mulieris
416 387 529 417 mittit:
547 387 644 427 ipsam
661 386 774 416 Veneri
785 386 816 415 in
832 386 1006 416 servitutem
1018 386 1072 416 ad-

177 430 315 469 judicat:
333 430 441 460 deinde
456 431 535 459 bona
551 429 672 459 vendit:
690 429 850 469 pecuniam
865 429 983 469 redigit.
1008 430 1069 467 Ita,

180 473 255 503 dum
276 484 372 514 pauca
392 473 554 512 mancipia,
577 472 704 502 Veneris
725 471 857 508 nomine,
881 472 1012 512 Agonis,
1036 483 1071 503 ac

179 515 333 556 religione,
350 516 476 546 retinere
488 515 564 553 vult,
578 515 713 544 fortunas
725 525 829 544 omnes
839 515 1071 556 libertatemque

180 569 267 588 suam
283 559 368 590 istius
383 558 495 598 injuria
509 558 648 598 perdidit.
673 557 848 598 Lilybaeum
863 557 973 588 Verres
989 558 1071 589 venit

178 607 300 643 postea:
318 612 381 632 rem
394 601 563 642 cognoscit:
580 601 694 631 factum
710 601 879 641 improbat:
894 601 973 641 cogit
987 612 1071 642 quae-

181 650 291 675 storem
313 655 414 682 suum,
438 644 610 684 pecuniam,
634 654 727 684 quam
749 654 787 674 ex
810 644 962 684 Agonidis
985 644 1072 675 bonis

180 688 351 728 redegisset,
375 698 441 717 eam
462 687 584 717 mulieri
598 697 720 718 omnem
736 697 936 718 annumerare
956 692 986 718 et
1004 687 1073 718 red-

182 730 261 761 dere.

224 774 282 804 Est
306 774 405 804 adhuc
429 774 485 811 (id,
507 774 590 815 quod
612 784 664 804 vos
684 784 789 804 omnes
808 773 951 804 admirari
971 774 1072 814 video)

183 827 244 847 non
266 818 386 853 Verres,
403 817 454 847 sed
470 818 510 855 Q.
529 817 663 847 Mucius.
701 817 786 854 Quid
802 817 883 847 enim
902 818 998 848 facere
1017 829 1072 859 po-

183 860 243 890 tuit
258 860 422 900 elegantius
435 860 472 890 ad
485 860 642 890 hominum
660 860 913 891 existimationem
925 862 938 890 1³
956 862 1072 902 aequius

186 903 225 933 ad
239 903 398 933 levandam
414 903 548 933 mulieris
564 903 767 933 calamitatem
779 905 792 933 Ρ
815 903 1022 934 vehementius
1033 904 1073 935 ad

185 946 340 987 quaestoris
349 946 507 976 libidinem
517 946 711 976 coercendam
723 948 736 977 Ρ
760 946 888 977 Summe
899 946 963 977 haec
971 948 1075 978 omnia

186 989 263 1019 mihi
279 989 418 1019 videntur
433 999 495 1019 esse
509 988 671 1019 laudanda.
695 989 754 1019 Sed
770 998 891 1030 repente
906 1000 922 1019 e
937 990 1073 1030 vestigio,

185 1042 224 1062 ex
245 1032 379 1070 homine,
403 1038 562 1073 tamquam
581 1032 684 1072 aliquo
699 1032 812 1062 Circaeo
836 1033 955 1073 poculo,
976 1032 1075 1064 factus

184 1081 230 1105 est
245 1075 363 1105 Verres.
388 1075 481 1106 Redit
500 1075 539 1105 ad
560 1085 590 1105 se
605 1081 696 1116 atque
711 1075 749 1105 ad
764 1085 861 1105 mores
877 1086 964 1106 suos:
988 1086 1074 1116 nam,

185 1128 223 1148 ex
244 1118 298 1148 illa
317 1119 456 1159 pecunia,
480 1128 624 1158 magnam
639 1124 756 1159 partem
772 1118 811 1148 ad
830 1129 861 1149 se
881 1119 988 1149 vertit:
1006 1130 1076 1150 mu-

184 1161 250 1191 lieri
265 1161 394 1191 reddidit
409 1161 592 1202 quantulum
608 1161 707 1191 visum
723 1167 776 1192 est.

228 1204 361 1235 XVIII.
386 1205 450 1234 Hic
473 1210 507 1234 tu
528 1204 552 1234 si
569 1204 676 1234 laesum
698 1210 726 1234 te
747 1215 765 1234 a
785 1204 881 1235 Verre
901 1215 963 1236 esse
983 1205 1074 1245 dices,

184 1247 282 1287 patiar
297 1253 327 1277 et
341 1247 521 1278 concedam·
539 1247 563 1277 si
577 1247 721 1285 injuriam
737 1247 791 1278 tibi
803 1248 914 1278 factam
930 1249 1073 1289 quereris,

184 1290 356 1327 defendam,
382 1296 411 1321 et
431 1291 557 1330 negabo.
588 1289 709 1320 Deinde
729 1290 794 1320 de
786 1291 909 1330 injuria,
931 1303 1000 1332 quae
1019 1292 1076 1323 tibi

184 1332 264 1363 facta
279 1333 328 1370 sit,
345 1333 498 1363 neminem
514 1335 649 1363 nostrum
665 1333 833 1373 graviorem
849 1334 998 1365 vindicem
1014 1346 1077 1366 esse

183 1382 312 1416 oportet,
328 1387 422 1416 quam
438 1384 466 1406 te
480 1377 593 1416 ipsum,
610 1376 659 1406 cui
674 1376 752 1407 facta
767 1376 885 1407 dicitur.
909 1378 942 1408 Si
953 1384 987 1408 tu
1003 1389 1074 1409 cum

183 1418 237 1450 isso
252 1424 354 1460 postea
369 1419 399 1449 in
421 1419 549 1459 gratiam
565 1419 688 1455 redisti;
713 1419 737 1449 si
758 1420 841 1449 domi
861 1420 942 1451 illius
957 1421 1075 1462 aliquo-

184 1461 239 1492 ties
259 1462 362 1497 fuisti;
387 1463 411 1492 si
421 1444 482 1492 tille
497 1462 579 1503 apud
594 1468 623 1492 te
637 1469 740 1503 postea
755 1473 853 1494 eoenaw
858 1463 901 1499 1t
925 1470 1030 1494 utrum
1045 1470 1076 1495 te

183 1503 378 1545 perfidiosum
405 1515 443 1535 an
470 1506 728 1545 praevaricatorem
757 1506 922 1537 existimari
952 1507 1074 1538 mavis?

184 1547 284 1578 Video
303 1559 365 1579 esse
386 1558 502 1578 necesse
517 1549 715 1579 alterutrum:
740 1549 792 1579 sed
807 1560 862 1590 ego
877 1555 978 1580 tecum
993 1550 1025 1580 in
1040 1561 1076 1581 eo

182 1600 244 1621 non
260 1593 414 1631 pugnabo,
431 1591 606 1632 quominus,
622 1598 726 1622 utrum
742 1592 826 1629 velis,
843 1593 944 1633 eligas.

227 1634 324 1672 Quid,
341 1635 365 1664 si
380 1644 418 1664 ne
432 1634 551 1673 injuriae
566 1634 702 1675 quidem,
720 1646 788 1676 quae
803 1636 858 1665 tibi
874 1637 911 1666 ab
927 1636 980 1666 illo
995 1636 1075 1668 facta

182 1676 232 1714 sit,
254 1687 343 1707 causa
363 1679 521 1708 remanet?
545 1678 619 1718 quid
635 1678 738 1716 habes,
759 1679 841 1720 quod
857 1679 950 1719 possis
965 1679 1072 1717 dicere,

182 1721 381 1760 quamobrem
400 1731 460 1750 non
481 1721 572 1751 modo
592 1721 680 1760 mihi,
703 1721 753 1752 sed
774 1722 929 1763 cuiquam,
951 1729 1075 1763 antepo-

181 1772 255 1793 nare
266 1765 280 1794 ?
304 1763 362 1794 nisi
382 1764 458 1795 forte
477 1764 566 1803 illud,
582 1764 664 1806 quod
680 1765 833 1796 dicturum
849 1771 878 1796 te
895 1776 956 1797 esse
971 1765 1072 1803 audio,
