1181 1902
281 63 328 93 IN
355 61 548 93 VERREM
575 61 614 90 V.
642 60 724 91 cst.
742 62 792 90 52.
928 62 990 97 «137

99 156 148 180 tur
163 149 282 188 injuriae
297 149 445 178 sociorum
459 159 468 182 ς
494 147 594 186 agitur
609 147 653 176 vis
673 147 797 187 legumg
822 146 922 187 agitur
937 158 990 177 ex-

98 192 242 222 istimatio
268 191 436 231 veritasque
456 190 665 229 judicioruxn;
699 200 767 230 quae
793 196 864 219 sunt
888 190 991 219 omnia

99 245 285 275 permagna:
313 244 419 263 verum
437 233 514 262 illud
530 232 722 262 maximum:
749 231 833 262 tanta}
848 232 991 273 religione

97 278 239 308 obstricta
260 283 322 307 tota
344 275 498 317 provincia
519 282 583 310 est;
609 281 691 305 tanta
711 276 881 316 superstitio
897 286 933 305 ex
949 276 989 306 is-

99 320 159 350 tius
175 320 254 350 facto
270 325 385 349 mentes
404 318 541 348 omnium
562 318 734 348 Siculorum
757 319 925 359 occupavit,
942 324 988 355 ut,

98 373 300 403 quaecumque
315 361 452 392 accidant
470 360 591 401 publice
607 361 653 390 vel
664 361 806 401 privatim
823 361 989 392 incommo-

97 406 148 441 da,
166 412 287 446 propter
310 415 376 435 cam
398 414 520 434 causam
539 403 647 434 scelere
668 404 753 434 istius
774 405 890 435 evenire
908 404 985 435 vide-

99 457 199 478 antur.

141 491 283 526 Audistis
310 490 536 531 Centuripinos,
554 489 772 529 Agyrinenses,
798 491 987 530 Catinenses,

101 534 309 571 Herbitenses,
328 534 496 569 Ennemes,
513 533 684 572 complures
699 532 784 569 alios,
801 534 921 573 publice
941 534 988 564 di-

97 588 174 614 cere,
191 588 260 617 quae
281 576 411 607 solitudo
434 582 509 606 esset
530 576 561 605 in
578 575 668 615 agris,
685 586 754 616 quae
770 577 902 615 vastitas,
919 588 988 617 quae

98 620 173 659 fuga
193 626 358 656 aratorum,
382 629 476 660 quam
497 619 624 655 deserta,
641 629 735 659 quam
751 619 876 655 inculta,
893 631 985 660 quam

98 663 200 693 relicta
215 663 326 693 onmia.
350 662 398 692 Ea
420 661 539 692 tametsi
560 661 646 691 istius
666 661 771 691 multis
790 668 819 692 et
835 662 923 692 variis
941 663 987 693 in-

95 705 184 745 juriis
200 705 393 741 acciderunt3
418 711 520 735 tamen
536 705 600 735 haec
618 714 680 734 una
696 714 784 734 causa
799 705 829 735 in
846 705 988 745 opinione

97 749 270 779 Siculorum
300 748 469 789 plurimum
493 748 584 785 valet,
610 747 703 788 quod,
732 748 839 778 Cerere
863 748 985 787 violatu,

96 801 202 821 omnes
216 792 316 822 cultus
327 791 502 832 fructusque
514 789 631 821 Cereris
646 790 678 820 in
693 789 740 820 his
755 790 827 821 locis
839 791 986 822 interiisse

96 834 289 864 arbitrantur.
317 834 488 864 Medemini
509 833 646 873 religioni
668 833 828 871 sociorum,
847 834 984 873 judices:

94 883 266 907 conservate
281 883 429 906 vestram:
455 887 553 916 neque
574 876 655 906 enim
679 875 742 905 haec
764 883 888 907 externa
903 878 987 908 vobis

94 920 211 957 religio,
227 930 326 960 neque
341 919 447 949 aliena.
471 919 564 957 Quod
579 919 603 948 si
615 924 701 956 esset,
718 919 742 948 si
757 920 906 960 suscipere
918 931 985 951 eam

95 963 226 999 nolletis,
243 969 356 998 tamen,
373 962 402 992 in
421 973 455 992 eo
474 962 527 1002 qui
544 962 692 999 violirsset,
710 963 825 992 sancire
841 973 893 992 vos
910 964 986 994 velle

93 1012 251 1046 oporteret„
281 1006 372 1035 Nunc
384 1016 463 1042 vero,
475 1005 505 1034 in
523 1005 678 1035 communi
693 1005 831 1035 omnium
847 1006 983 1045 gentium

95 1049 250 1089 religione,
267 1049 359 1088 inque
374 1048 421 1078 his
436 1048 524 1078 sacris
540 1058 609 1088 quae
624 1048 753 1086 majores
768 1049 861 1078 nostri
876 1050 915 1079 ab
931 1060 984 1080 cx-

95 1092 164 1122 teris
194 1091 365 1121 nationibus
393 1091 506 1121 adscita
531 1097 622 1131 atque
646 1091 785 1120 arcessita
814 1091 983 1129 coluerunt,

92 1136 178 1175 (quae
194 1145 286 1171 sacra,
304 1141 337 1164 ut
354 1140 438 1164 erant
452 1144 484 1164 re
496 1134 577 1169 verfz,
594 1133 634 1163 sic
649 1134 794 1174 appellari
811 1136 917 1165 Graeca
932 1146 985 1166 vo-

95 1177 233 1216 luerunt)
259 1177 444 1218 negligentes
463 1187 498 1207 ac
518 1176 667 1213 dissoluti,
689 1176 713 1207 si
731 1177 890 1218 cupiamus
909 1188 982 1217 esse,

95 1222 149 1261 qui
165 1231 326 1261 possumus
335 1220 349 1249 ἰ)

137 1263 215 1294 ΙΛΙ.
248 1263 349 1293 Unius
375 1264 467 1293 etiam
487 1263 584 1300 urbis,
606 1263 745 1293 omnium
771 1263 984 1304 pulcherrimae

94 1312 185 1347 atque
200 1306 409 1343 ornatissimae,
430 1308 661 1346 Syracusarum,
685 1306 883 1347 direptionem
899 1317 983 1337 com-

95 1351 282 1386 memorabo,
298 1355 327 1379 et
342 1349 372 1378 in
390 1349 526 1379 medium
542 1349 704 1389 proferam,
718 1349 852 1388 judices;
879 1355 913 1379 ut
927 1350 983 1380 ali-

92 1392 215 1433 quando
230 1398 324 1422 totam
340 1392 432 1431 hujus
448 1391 565 1432 generis
579 1392 745 1422 orationem
755 1392 932 1422 concludam
949 1404 984 1424 ac

92 1435 245 1465 definiam.
270 1446 280 1465 l
290 1436 370 1465 *emo
385 1434 446 1465 fere
461 1436 593 1464 vestrum
609 1441 663 1470 est,
680 1435 767 1475 quin,
784 1435 982 1476 quemadmo-

92 1478 168 1508 dum
184 1485 278 1518 captae
290 1478 350 1508 sint
364 1489 382 1508 a
398 1478 445 1507 M.
458 1477 606 1507 Marcello
621 1480 786 1518 Syracusae,
803 1489 881 1518 saepe
896 1479 983 1509 audin

94 1521 161 1558 erit,
177 1531 399 1561 nonnunquam
417 1521 507 1550 etiam
530 1520 561 1549 in
580 1520 740 1551 annalibus
757 1521 871 1561 legerit.
899 1522 983 1552 Con-

93 1564 169 1594 ferte
183 1564 261 1594 hanc
276 1575 381 1604 pacem
398 1574 467 1593 cum
488 1563 541 1593 isso
561 1563 652 1600 bello,
669 1563 761 1602 hujus
776 1563 911 1604 praetoris
929 1565 983 1594 ad-

94 1613 219 1636 ventum
235 1617 303 1637 cum
320 1607 401 1636 illius
416 1606 603 1646 imperatoris
619 1606 753 1643 victoria,
770 1607 862 1645 hujus
878 1607 983 1637 cohor-

94 1655 155 1678 tem
170 1649 323 1690 impuram
339 1660 408 1680 cum
425 1649 507 1679 illius
522 1648 653 1679 exercitu
668 1649 790 1685 invicto,
807 1649 898 1688 hujus
914 1650 982 1680 libi-

93 1692 178 1723 dines
193 1703 262 1724 cum
279 1693 360 1723 illius
376 1691 580 1724 continentia:
605 1693 643 1723 ab
659 1692 723 1728 illo,
741 1692 794 1732 qui
810 1692 899 1734 cepit,
910 1703 985 1723 con-

318 1736 322 1739 ⁴
669 1737 688 1765 2
707 1744 726 1766 Ρ
747 1737 767 1765 ξί
