1181 1902
250 78 303 110 IN
327 78 523 110 VERREM
549 80 596 111 ΙΙ.
620 79 706 110 ΟΑΡ.
723 79 778 110 35.
907 78 968 113 187

72 169 127 199 est..
150 163 191 194 ad
212 164 358 206 Sinopen,
381 176 451 207 quae
477 166 509 196 in
536 166 637 196 Ponto
662 172 717 203 est,
741 164 970 206 navigaverunt.

74 208 105 238 Ο
118 207 172 236 Ι)11
187 207 394 239 immortales!
419 209 627 240 incredibilem
642 208 812 245 avaritiam,
836 207 972 248 singula-

74 259 200 290 remque
215 251 393 282 audaciam!
421 253 542 282 Navem
558 259 591 282 tu
613 252 650 282 de
669 253 761 283 classe
781 251 888 292 populi
909 251 974 280 Ro-

75 293 171 330 niani,
196 304 289 334 quam
311 294 366 324 tibi
388 295 513 326 Milesia
533 295 648 331 civitas,
673 302 707 325 ut
727 301 756 324 te
780 303 975 335 prosequere-

76 341 137 372 tur,
162 336 302 373 dedisset,
327 348 417 368 ausus
444 348 474 368 es
501 338 652 368 vendere?
677 338 710 368 Si
736 344 765 367 te
792 335 973 377 magnitudo

76 379 228 417 maleficii,
253 380 277 410 si
293 387 321 410 te
342 381 504 411 hominum
523 381 707 411 existimatio
727 390 787 410 non
809 381 973 414 movebat;

76 431 115 452 ne
130 422 208 452 illud
223 423 348 464 quidem
360 424 524 464 cogitabas,
548 424 641 463 hujus
657 423 874 464 improbissimi
889 421 975 459 furti,

77 465 139 495 sive
154 465 229 496 adeo
244 466 366 497 nefariae
386 467 508 507 przedae,
533 473 596 497 tam
617 467 766 497 illustrem
788 476 822 495 ac
842 471 906 495 tam
922 474 976 494 no-

77 508 171 538 bilem
187 509 339 539 civitatem
355 516 462 540 testem
478 511 614 540 futuram
628 512 641 540 Ρ
665 510 731 546 An,
749 509 821 550 quia
837 514 903 538 tum
917 508 975 537 Cn.

78 550 242 582 Dolabella
253 552 285 582 in
301 562 383 590 eum,
407 553 462 594 qui
478 554 504 584 ei
519 553 699 594 myoparoni
714 552 887 593 praefuerat,
912 550 975 580 Mi.

77 594 219 635 lesiisque
234 605 298 625 rem
313 602 429 636 gestam
446 597 646 634 renuntiarat,
670 595 909 626 animadvertere
925 599 978 623 tuo

78 643 186 678 rogatu
199 644 323 669 conatus
338 645 393 676 est,
411 639 727 680 renuntiationemque
742 639 818 678 ejus,
832 648 901 678 quae
916 642 980 666 erat

78 680 111 710 in
134 681 271 721 publicas
293 682 394 712 literas
417 683 511 713 relata
528 683 652 712 illorum
673 682 803 722 legibus,
827 680 893 710 tolli
914 681 980 720 jus-

80 730 178 759 serat;
203 724 312 756 idcireo
328 731 357 757 te
376 736 413 755 ex
434 726 491 756 hoc
508 726 633 756 crimine
655 726 830 766 elapsurum
851 734 912 754 esse
933 733 980 753 ar-

80 766 233 798 bitrabare
244 770 258 799 Ρ

127 810 270 842 XXXV.
288 811 430 843 Multum
442 819 472 843 te
486 812 544 843 ista
558 812 667 843 fefellit
677 812 794 864 opinio,
811 816 841 841 et
856 809 982 851 quidem

84 854 213 884 multis
206 864 238 884 ln
249 855 331 885 locis.
356 856 484 896 Semper
499 857 580 886 enim
597 856 725 886 existim
721 855 788 893 15ῖ1,
805 860 834 885 et
845 853 982 884 maxime

85 896 118 926 in
139 897 253 934 Sicilia,
278 898 348 929 satis
370 906 495 929 cautum
510 899 566 929 tibi
582 899 620 929 ad
636 898 841 929 defensionem
857 897 932 933 fore,
957 895 982 926 si

85 946 140 969 aut
160 940 263 971 referri
283 941 429 982 aliquid
421 953 453 972 111
473 943 575 973 literas
593 942 730 983 publicas
746 941 900 977 vetuisses,
917 945 982 975 aut,

87 983 170 1023 quod
186 984 315 1014 relatum
331 991 417 1023 esset,
441 986 508 1015 tolli
528 985 683 1026 coegisses.
713 985 782 1014 Hoc
797 994 891 1032 quatm
906 982 984 1012 nihil

87 1026 137 1063 sit,
161 1028 280 1057 tametsi
304 1038 342 1058 ex
366 1028 472 1058 multis
493 1029 603 1059 Siciliae
625 1028 797 1058 civitatibus
816 1027 915 1067 priore
935 1035 985 1055 ac·

88 1069 170 1100 tione
191 1070 331 1108 didicisti,
356 1078 458 1106 tamen
480 1072 571 1102 etiam
596 1072 628 1101 in
643 1071 722 1101 hac'
714 1071 780 1112 ipsit
796 1070 915 1100 civitate
936 1079 985 1099 co-

88 1123 207 1153 gnosce.
241 1114 320 1144 Sunt
338 1115 384 1144 illi
407 1115 532 1155 quidem
549 1115 628 1145 dicto
644 1114 812 1151 audientes,
837 1112 985 1154 quamdiu

87 1155 199 1186 adsunt
220 1156 243 1186 ii
258 1158 312 1198 qui
327 1158 497 1198 imperant:
522 1158 615 1188 simul
633 1168 667 1188 ac
691 1157 900 1192 discesserunt,
924 1165 987 1185 non

87 1199 188 1230 solum
211 1200 290 1230 illud
313 1201 514 1242 perscribunt,
538 1201 621 1242 quod
643 1208 711 1231 tum
735 1199 879 1241 prohibiti
903 1204 985 1236 sunt,

87 1243 140 1272 sed
156 1243 245 1273 etiarn
263 1254 385 1274 causam
400 1245 586 1283 adscribunt,
610 1255 664 1275 cur
679 1254 740 1274 non
756 1250 823 1273 tum
838 1242 870 1272 in
885 1242 988 1272 literas

88 1286 219 1316 relatum
232 1287 279 1317 sit.
309 1287 441 1318 Manent
453 1288 518 1318 istae
529 1288 624 1318 literae
639 1287 763 1321 Mileti3
781 1291 927 1321 manent3
945 1290 986 1323 et,

89 1328 165 1359 dum
177 1330 233 1359 erit
247 1330 301 1360 illa
316 1331 431 1368 civitas,
454 1332 633 1361 manebunt.
658 1330 773 1360 Decem
789 1329 871 1360 enim
885 1338 987 1366 naves,

86 1372 174 1411 jussu
190 1373 228 1403 L.
243 1373 397 1411 Murenae,
421 1374 553 1415 populus
569 1373 711 1404 Milesius
727 1384 764 1403 ex
779 1370 908 1414 pecunia
923 1382 991 1402 vec-

90 1415 176 1456 tigali
191 1416 299 1457 populi
315 1417 450 1447 Romani
465 1417 586 1455 fecerat,
610 1417 697 1454 sicut,
718 1427 772 1457 pro
788 1416 843 1446 suit
859 1425 990 1456 quaeque

90 1466 188 1500 parte,
211 1460 297 1490 Asiae
312 1466 426 1491 caeterae
442 1460 585 1491 civitates.
613 1460 824 1498 Quamobrem
840 1468 934 1488 unam
951 1468 989 1488 ex

91 1502 208 1541 decem,
225 1513 285 1533 non
301 1503 481 1544 praedonum
497 1503 653 1544 repentino
668 1503 812 1540 adventu,
833 1501 884 1532 sed
898 1501 991 1541 legati

92 1545 260 1583 latrocinio,
285 1556 345 1577 non
361 1547 392 1577 vi
406 1547 604 1588 tempestatis,
621 1546 673 1577 sed
688 1546 744 1576 hac
759 1544 897 1575 horribili
912 1550 990 1574 tem-

93 1595 209 1631 pestate
224 1589 384 1627 sociorum,
401 1590 555 1627 amissam,
572 1590 604 1620 in
618 1590 720 1620 literas
731 1589 869 1630 publicas
879 1588 991 1618 retule-

93 1638 174 1664 runt.
199 1633 280 1663 Sunt
303 1633 413 1663 Romae
434 1633 526 1674 legati
551 1633 679 1670 Milesii,
702 1632 842 1662 homines
865 1630 990 1661 nobilis-

93 1676 174 1713 simi,
199 1686 233 1706 ac
259 1676 408 1717 principes
435 1677 583 1712 civitatis3
617 1676 682 1717 qui,
711 1675 831 1706 tametsi
853 1684 990 1704 mensem

92 1719 308 1756 Februarium,
332 1725 361 1749 et
376 1721 536 1750 consulum
548 1719 775 1760 des-'gnatorum
791 1727 914 1753 nomen,
937 1727 992 1747 ex-

91 1768 248 1804 spectant3
274 1768 375 1794 tamen
398 1763 455 1796 hoc
475 1769 596 1794 tantum
616 1762 735 1794 facinus
756 1771 815 1792 non
833 1760 924 1792 modo
939 1770 992 1790 ne-
