1181 1902
188 359 291 397 PRO
320 359 367 406 Q.
397 357 588 397 ROSCIO
617 359 880 397 COMOEDO.

415 462 462 492 Μ
462 462 527 492 ulta
548 462 667 492 desunt.

134 536 163 568 I.
188 536 206 554 ¹*
231 536 249 554 ⁸
274 536 292 554 ⁸
314 537 466 568 malitiam
491 543 620 575 naturae‚
646 537 825 567 crederetur.
864 538 897 568 Is
925 538 983 569 sci-

90 579 171 617 licet,
197 580 243 611 vir
259 580 405 622 optimus,
423 587 452 610 et
467 580 613 621 singulari
629 580 688 610 fide
702 581 858 621 praeditus,
880 582 911 611 in
927 592 983 612 suo

86 623 215 663 judicio,
232 624 344 654 tabulis
363 624 424 654 suis
441 624 567 654 testibus
583 623 628 653 uti
643 630 778 653 conatur.
802 624 906 654 Solent
921 624 983 655 fere

89 666 199 704 dicere,
216 666 271 707 qui
292 677 346 707 per
364 667 483 697 tabulas
498 666 637 696 homines
661 666 678 683 '¹‘
704 666 721 682 '¹‘
746 666 764 683 *
789 665 872 708 [citi]
889 677 982 708 pecu-

88 709 173 740 niam
197 719 361 751 expensam
376 710 513 739 tulerunt
525 721 534 739 ε
558 709 667 750 Egone
690 709 781 739 talem
801 710 900 740 virum
917 720 982 740 cor-

87 763 232 793 rumpere
253 752 351 793 potui‚
370 758 416 790 ut,
440 751 509 783 mezi
530 753 632 790 causa,
648 752 761 783 falsum
787 752 819 782 in
845 753 980 784 codicem

86 795 211 826 referret
223 797 237 826 ?
260 795 425 836 Exspecto,
442 806 536 836 quam
552 806 624 826 mox
639 795 764 825 Chaerea
777 795 834 826 hac
846 796 981 827 oratione

85 844 211 869 utatur:
236 838 345 879 Egone
368 839 447 869 hanc
470 848 610 876 manum,
635 839 759 879 plenam
783 839 928 880 perfidiae,
950 845 980 870 et

84 881 141 912 hos
152 882 262 923 digitos
277 892 372 920 meos,
388 882 545 922 impellere
560 882 659 922 potui,
675 888 709 912 ut
724 882 837 912 falsum
853 883 979 923 perscri-

83 925 189 955 berent
211 927 351 956 nomen?
375 925 469 963 Quod
493 925 517 955 si
540 925 592 955 ille
611 935 681 955 suas
697 925 828 966 proferet
846 926 977 964 tabulas,

83 968 217 1008 proferet
231 979 300 999 suas
314 979 437 1009 quoque
458 968 607 998 Roscius:
632 968 688 998 erit
708 968 739 998 in
757 968 840 998 illius
864 969 977 1000 tabulis

83 1011 142 1042 hoc
162 1021 295 1048 nomen3
319 1017 351 1041 at
362 1011 393 1040 in
409 1011 502 1050 hujus
517 1021 578 1040 non
591 1011 655 1041 erit.
691 1011 754 1041 Cur
768 1012 869 1052 potius
880 1012 975 1051 illius,

82 1065 178 1095 quam
193 1055 298 1094 hujus,
314 1054 452 1085 credetur
463 1056 477 1085 ?
501 1054 672 1095 Scripsisset
686 1054 749 1092 isse,
767 1055 792 1084 si
807 1064 867 1084 non
887 1056 975 1093 jussu

82 1097 177 1137 hujus
193 1108 361 1138 expensum
386 1098 527 1128 tulisset?
551 1107 612 1127 non
633 1097 796 1138 scripsisset
814 1098 874 1135 hic,
892 1098 976 1138 quod

80 1140 139 1171 sibi
154 1151 322 1181 expensum
338 1141 409 1171 ferri
416 1141 552 1180 jussisset
563 1142 577 1171 Ρ
601 1140 698 1177 Nam,
711 1141 973 1181 quemadmodum

80 1188 171 1225 turpe
192 1190 237 1214 est
261 1184 398 1221 scribere,
415 1184 499 1224 quod
519 1193 580 1214 non
604 1183 769 1220 debeatu13
794 1184 836 1214 sic
858 1184 974 1225 impro-

79 1227 157 1258 bum
173 1233 227 1264 est,
244 1237 305 1258 non
328 1227 449 1265 referre,
469 1227 552 1268 quod
572 1226 700 1257 debeam
726 1237 811 1268 aeque
827 1227 909 1257 enim
926 1232 972 1257 ta-

76 1271 160 1301 bulae
181 1270 421 1301 condemnantur
441 1271 506 1309 ejus
525 1270 580 1311 qui
599 1280 706 1300 verum
727 1280 789 1300 non
811 1270 926 1309 retulit,
943 1276 973 1301 et

78 1314 146 1353 ejus
161 1314 215 1354 qui
230 1313 342 1344 falsum
358 1313 538 1354 perscripsit.

119 1357 181 1387 Sed
196 1367 263 1397 ego,
280 1357 368 1398 copia
390 1363 419 1387 et
440 1356 584 1387 facultate
602 1366 699 1387 causae
723 1357 864 1395 confisus,
888 1357 969 1395 vide,

76 1410 140 1441 quo
154 1400 338 1441 progrediar.
363 1400 396 1431 Si
411 1400 530 1430 tabulas
546 1400 582 1430 C.
596 1400 733 1430 Fannius
744 1400 857 1441 accepti
868 1405 897 1430 et
915 1411 970 1430 ex-

75 1443 163 1483 pensi
192 1443 306 1483 profert
334 1454 415 1481 suas,
445 1443 477 1472 in
506 1453 592 1473 suam
623 1453 699 1481 rem,
727 1454 781 1474 suo
807 1443 968 1482 arbitratu,

75 1486 218 1527 scriptasg
235 1487 401 1527 quominus
411 1486 577 1516 secundum
587 1486 676 1516 illum
685 1486 836 1526 judicetis,
848 1496 909 1516 non
921 1497 969 1516 re-

75 1539 157 1560 cuso.
181 1529 261 1567 Quis
276 1530 333 1560 hoe
353 1529 445 1560 frater
458 1529 556 1566 fratri,
573 1530 641 1570 quis
656 1540 763 1570 parens
774 1530 836 1560 filio
847 1529 967 1568 tribuit,

73 1578 121 1610 ut,
137 1573 353 1614 quodcumque
368 1572 527 1611 retulisset,
539 1573 570 1602 id
584 1578 686 1603 ratum
701 1573 825 1603 haberet
838 1575 851 1604 ,⁹
865 1578 967 1603 ratum

74 1615 200 1646 habebit
212 1616 350 1647 Roscius.
368 1616 492 1647 Profer:
510 1616 593 1657 quod
604 1615 660 1646 tibi
674 1615 765 1646 fuerit
774 1626 966 1656 persuasum,

74 1658 148 1689 huic
172 1659 228 1689 erit
251 1669 451 1700 persuasum:
485 1659 568 1700 quod
594 1659 650 1689 tibi
675 1659 767 1689 fuerit
788 1661 964 1700 probatum,

74 1701 147 1732 huic
168 1702 224 1733 erit
242 1704 416 1743 probatum.
450 1703 548 1733 Paulo
563 1708 644 1740 ante,
668 1702 717 1732 Μ.
736 1702 908 1743 Perpernae,
926 1702 964 1732 P.

74 1745 199 1783 Satur-ii,
220 1746 340 1776 tabulas
355 1747 574 1786 poscebamus:
598 1755 681 1776 nunc
702 1751 782 1783 tuas,
806 1745 842 1776 C.
865 1745 965 1775 Fanni

73 1788 212 1826 Chaerea,
235 1789 328 1820 solius
343 1789 536 1830 flagitamus;
561 1794 601 1828 et,
617 1789 782 1831 quominus
797 1788 965 1821 secundum

72 1841 123 1863 eas
137 1831 175 1864 lis
194 1831 294 1873 detur,
314 1841 376 1864 non
394 1842 577 1864 recusamus.

684 1885 693 1902 1
713 1877 733 1902 3
