1216 1907
282 58 373 89 PRO
399 58 434 89 P.
458 57 672 97 QUINTIO.
689 58 773 90 CAP.
790 60 820 89 6.
985 62 1006 91 9

113 153 210 175 assem
226 154 288 175 sese
302 150 393 185 negat
412 144 569 184 daturum,
586 145 644 175 nisi
659 146 743 187 prius
758 146 795 176 de
810 146 900 176 rebus
915 145 1005 176 ratio-

114 188 264 228 nibusque
293 187 440 218 societatis
466 187 609 218 omnibus
635 187 812 225 decidisset3
836 194 866 219 et
888 189 1002 227 scisset,

113 231 170 261 sibi
185 240 255 261 cum
272 230 401 269 Quintio
416 231 624 261 controversiae
639 231 716 261 nihil
739 232 889 262 futurum.
928 232 1004 262 Pos-

115 273 218 311 terius,
244 274 354 314 inquit,
376 273 433 303 ista
451 273 633 312 videbimus,
659 274 826 312 Quintius:
851 285 932 305 nunc
947 275 1005 306 hoc

115 317 206 348 velim
219 327 303 347 cures
319 317 357 351 (si
372 317 428 347 tibi
446 317 589 355 videtur),
606 317 689 358 quod
704 317 817 348 dixisti.
855 318 958 358 Negat
973 329 1005 348 se

108 360 171 390 alia
196 360 310 390 ratione
330 360 495 397 facturum,
523 360 606 401 quod
633 360 836 401 promisisset:
861 370 921 391 non
934 361 1005 402 plus

110 403 167 433 sua
191 403 312 440 referre,
338 413 432 443 quam
459 403 494 440 si,
520 414 591 434 eum
620 402 824 445 [auctionem]
848 404 1001 443 venderet,

108 446 225 476 domini
238 447 336 485 jussu,
353 446 511 486 quidpiam
527 446 721 488 promisisset.

153 489 357 520 Destitutione
381 489 435 519 illa
458 490 625 530 perculsus,
651 489 798 527 Quintius
821 500 840 520 a
864 490 1003 531 Scapulis

109 543 220 574 paucos
236 532 298 562 dies
313 531 430 562 aufert:
456 533 487 562 in
515 532 649 563 Galliam
677 533 781 570 mittit,
804 539 840 563 ut
864 544 908 570 ea,
932 544 1002 574 quae

109 575 332 617 proscripserat,
363 575 518 605 venirent:
554 576 699 606 deteriore
729 582 864 616 tempore
894 577 1001 607 absens

108 619 316 649 auctionatur:
347 618 485 659 Scapulis
509 618 676 649 difficiliore
700 619 869 649 conditione
893 619 1000 650 dissol-

109 662 161 693 vit.
196 661 288 692 Tunc
303 662 436 702 appellat
451 662 531 692 ultro
547 662 578 692 N
583 662 705 700 aevium‚
723 668 768 700 ut,
786 662 930 703 quoniam
947 674 998 693 su-

105 705 281 746 spicaretur,
298 704 401 745 aliqua
417 705 454 735 de
475 716 506 735 re
524 705 588 735 fore
606 705 849 743 controversiam,
872 705 997 743 videret,

107 754 142 779 ut
157 758 251 789 quam
265 748 414 797 primum,
434 754 463 778 et
485 758 579 789 quam
600 748 729 778 minim-52
750 759 821 778 cum
845 749 996 787 molestia,

104 796 169 822 tota
183 801 229 821 res
245 791 468 831 transigeretur.
503 791 586 821 Dat
579 797 634 822 iste
651 792 785 822 amicum
801 792 850 821 M.
867 791 896 821 'l
899 793 996 822 rebel-

100 834 200 870 1ium;
225 844 280 865 nos
295 844 490 865 communem
513 834 725 872 necessarium,
743 834 796 876 qui
812 835 897 865 istius
912 835 997 865 domi

103 883 166 908 erat
187 877 342 916 educatus,
367 883 396 907 et
413 888 475 918 quo
499 879 641 908 utebatur
655 877 710 908 iste
725 870 907 918 plurimum,
924 889 995 919 pro-

102 921 255 962 pinquum
281 926 430 959 nostrum,
448 922 518 952 Sex.
534 920 727 962 Alphenum.
752 921 815 951 Res
835 921 995 952 convenire

101 964 187 994 nullo
208 964 299 994 modo
314 970 451 1004 poterat3
476 970 635 1005 propterea
649 964 732 1004 quod
746 964 796 994 hic
810 964 994 995 mediocrem

98 1007 250 1046 jacturam
275 1007 371 1037 facere
392 1007 551 1048 cupiebam
575 1007 630 1037 iste
645 1007 789 1037 mediocri
803 1007 906 1048 praedit
922 1017 994 1038 con-

102 1056 203 1080 tentus
218 1060 278 1080 non
295 1056 366 1080 erat.
409 1050 520 1091 Itaque
541 1060 578 1080 ex
599 1060 634 1080 eo
656 1055 791 1091 tempore
812 1061 858 1080 res
880 1061 942 1081 esse
961 1051 993 1081 in

103 1093 313 1124 vadimonium
329 1093 426 1134 coepit.
460 1095 541 1124 Cum
557 1093 732 1123 vadimonia
746 1104 825 1134 saepe
840 1093 934 1124 dilata
949 1104 995 1125 es-

102 1141 178 1174 sent,
196 1142 225 1166 et
239 1146 310 1167 cum
326 1136 519 1177 aliquantum
535 1136 678 1176 temporis
694 1136 725 1165 in
741 1146 775 1166 ea
792 1147 823 1166 re
835 1142 910 1166 esset
922 1147 994 1167 con-

103 1185 252 1218 sumtum,
277 1189 377 1220 neque
404 1180 574 1228 quidquam
595 1179 765 1220 profectum
791 1185 886 1217 esset3
911 1180 994 1210 venit.

99 1222 139 1253 ad
154 1222 364 1253 vadimonium
380 1222 468 1252 Naev
461 1233 518 1253 :u.s

144 1265 204 1296 VI.
230 1265 365 1296 Obsecro
381 1271 421 1305 te⁷
439 1266 474 1297 C.
488 1265 622 1307 Aquini,
639 1276 752 1306 vosque
767 1265 821 1306 qui
836 1265 968 1296 adestis'
960 1277 993 1296 111

99 1309 235 1346 consilio,
253 1315 287 1339 ut
309 1309 468 1349 diligenter
482 1309 655 1346 attendatis,
668 1315 703 1338 ut
726 1309 878 1349 singulare
897 1319 994 1350 genus

100 1352 227 1389 fraudis,
251 1358 280 1382 et
302 1362 414 1382 novam
436 1352 585 1382 rationem
614 1351 794 1382 insidiarum
817 1362 994 1392 cognoscere

100 1395 228 1436 possitis.
251 1395 321 1433 Ait,
338 1405 369 1425 se
391 1395 599 1425 auctionatum
623 1405 685 1425 esse
706 1395 737 1424 in
762 1395 883 1425 Gallia:
909 1395 992 1436 quod

101 1439 160 1468 sibi
182 1438 343 1476 videretur,
366 1449 397 1468 se
419 1438 606 1469 vendidisse:
632 1438 762 1474 curasse,
779 1448 817 1468 ne
839 1438 913 1479 quid
936 1439 993 1468 sibi

100 1481 223 1512 societas
238 1481 380 1511 deberet:
405 1492 436 1512 se
452 1482 517 1521 jam
540 1491 638 1522 neque
654 1481 757 1511 vadari
779 1482 922 1522 amplius,
939 1491 992 1512 ne-

100 1535 160 1565 que
183 1524 392 1554 vadimonium
414 1524 610 1565 promittere:
636 1524 660 1554 si
682 1524 757 1564 quid
779 1534 866 1564 agere
889 1535 991 1555 secum

99 1567 172 1597 velit
187 1567 346 1606 Quintius,
363 1578 423 1597 non
439 1578 583 1598 recusare.
608 1567 682 1605 Hic,
693 1577 764 1597 cum
780 1577 842 1597 rem
858 1568 993 1598 Gallica-

98 1619 172 1641 nam
187 1616 308 1651 cuperet
320 1611 457 1649 revisere,
470 1611 627 1641 hominem
639 1610 671 1640 in
686 1610 846 1651 praesentia
860 1620 921 1640 non
938 1622 992 1641 va-

98 1653 190 1683 datur
202 1664 210 1682 :
234 1653 277 1683 ita
288 1654 352 1684 sine
367 1653 540 1684 vadimonio
550 1653 722 1685 disceditur.
745 1653 867 1684 Deinde
880 1654 990 1684 Romae

98 1695 161 1729 dies
176 1696 275 1728 XXX
291 1696 354 1728 fere
368 1696 517 1736 Quintius
532 1702 746 1728 commoratur.
781 1695 862 1728 Cum
876 1697 989 1728 caeteris
