1181 1902
282 48 335 79 IN
358 47 556 80 VERREM
580 47 622 79 V.
647 48 730 80 CAP.
747 50 800 80 30.
927 51 990 80 415

103 134 178 165 tiam
194 134 372 175 cognoscite.
395 133 489 172 Quod
505 134 603 171 sciret,
620 134 762 176 quodque
777 145 815 165 ex
835 135 901 176 ipso
921 146 992 177 rege

104 178 249 214 audisset,
276 178 307 207 in
329 177 480 217 Capitolio
505 188 566 207 esse
592 178 780 218 ponendum,
808 178 890 219 quod
916 179 990 210 Jovi

104 220 234 258 Optimo
263 220 417 257 Maximo,
446 220 528 260 quod
553 221 667 261 populo
697 221 850 257 Romano,
881 222 992 252 servari

103 263 228 300 videret,
255 263 286 293 id
313 263 369 293 sibi
396 268 430 292 ut
455 263 590 299 donaret,
616 274 721 303 rogare
744 270 772 294 et
799 264 991 295 vehementer

104 312 205 346 petere
229 306 325 346 coepit.
350 306 431 336 Cum
447 305 498 335 ille
514 316 544 335 se
560 312 589 335 et
604 306 748 346 relioione
763 307 784 337 J
788 317 850 337 0v1s
867 307 992 348 Capito-

103 349 160 378 lini
172 354 201 378 et
209 349 370 378 hominum
386 348 607 378 existimatione
619 349 759 389 impediri
775 349 896 387 diceret,
910 350 992 391 quod

103 392 210 421 multae
222 391 356 421 nationes
372 396 461 421 testes
473 397 570 421 essent
582 391 663 421 illius
674 392 771 432 operis
784 403 817 422 ac
832 393 966 423 muneris
980 404 989 429 3

101 434 156 464 iste
174 434 291 464 homini
311 434 421 464 minari
439 434 581 464 acerrime
604 434 700 474 coepit.
726 435 788 465 Ubi
807 435 899 472 videt,
919 446 990 466 eum

100 477 196 507 nihilo
219 477 316 517 magis
339 477 430 506 minis
451 487 544 517 quam
569 477 707 518 precibus
730 478 920 518 permoverig
945 489 992 509 re-

101 526 191 561 pente
206 520 361 550 hominem
377 520 414 549 de
429 520 583 560 provincia
596 521 683 559 jubet
695 527 764 550 ante
777 527 893 550 noctem
906 521 992 552 dece-

102 563 190 593 dere:
216 563 269 601 ait,
295 573 325 592 se
345 563 535 603 comperisse,
558 573 595 593 ex
619 564 683 602 ejus
704 573 796 604 regno
820 563 932 604 piratas
959 565 991 594 in

101 606 236 636 Siciliam
251 616 314 636 esse
329 611 478 635 venturos.

145 649 226 685 Rex,
248 648 383 678 maximo
404 655 565 686 conventu,
591 648 756 689 Syracusis,
779 649 811 679 in
841 649 916 685 foro,
940 652 992 683 (ne

101 692 170 733 quis
184 692 262 722 forte
277 702 326 721 me
341 692 372 721 in
389 692 514 722 crimine
528 693 655 722 obscuro
667 692 788 729 versari,
801 698 892 732 atque
904 692 992 723 affin-

101 745 171 775 gere
185 734 302 775 aliquid
316 735 484 775 suspicione
498 734 671 772 hominum,
688 735 861 771 arbitretur)
872 735 903 764 in
913 735 990 773 foro,

101 778 241 818 inquam,
259 778 424 818 Syracusis,
447 778 532 813 flens,
549 788 583 807 ac
596 777 678 807 Deos
699 777 898 818 hominesque
921 789 991 808 con-

102 827 224 857 testans,
241 821 371 851 clamare
393 821 492 861 coepit‚
509 820 724 851 candelabrum
745 820 860 850 factum
876 831 892 851 e
906 832 992 862 gem-

102 864 172 901 mis,
197 864 279 904 quod
305 863 336 893 in
364 863 551 904 Capitolium
574 863 720 893 missurus
742 870 828 901 esset,
854 865 937 904 quod
959 865 990 894 in

102 907 217 947 templo
232 906 395 937 clarissimo
410 907 524 947 populo
534 906 676 936 Romano
691 906 916 936 monimentum
929 918 991 938 suae

103 950 250 980 societatis
265 949 466 990 amicitiaeque
482 960 544 979 esse
562 949 716 986 voluisset,
733 949 764 978 id
784 949 841 979 sibi
856 950 892 980 C.
912 950 990 981 Ver-

103 1003 166 1022 rem
183 992 359 1022 abstulisse:
383 992 421 1022 de
436 992 548 1022 caeteris
560 992 701 1032 operibus
717 1002 754 1022 ex
772 1003 846 1022 auro
862 999 890 1022 et
905 1003 991 1033 gem-

102 1036 172 1073 mis,
191 1046 260 1075 quae
283 1045 338 1065 sua
360 1045 452 1076 penes
467 1035 555 1065 illum
572 1041 680 1071 essent,
702 1045 733 1065 se
748 1045 808 1065 non
829 1036 988 1066 laborare:

101 1078 158 1109 hoc
184 1078 241 1108 sibi
267 1078 352 1118 eripi,
373 1078 519 1108 miserum
544 1088 605 1108 esse
626 1084 655 1108 et
674 1078 847 1118 indignum.
872 1079 911 1108 Id
936 1080 991 1109 etsi

101 1129 189 1152 antea
205 1122 272 1160 jam
295 1127 397 1151 mente
419 1127 448 1151 et
468 1121 648 1161 cogitatione
663 1121 729 1158 sua,
749 1121 910 1162 fratrisque
930 1122 988 1159 sui,

101 1170 307 1195 consecratum
329 1169 423 1201 esset3
447 1170 551 1194 tamen
569 1170 637 1194 tum
660 1175 701 1202 se,
718 1164 749 1194 in
765 1162 819 1194 illo
839 1170 989 1195 conventu

101 1207 215 1238 civium
240 1207 464 1244 Romanorum,
495 1207 577 1244 dare,
603 1207 726 1243 donare,
752 1206 862 1246 dicare,
887 1217 990 1238 conse-

101 1261 195 1288 crare,
214 1250 237 1280 J
240 1250 288 1280 ovi
309 1250 437 1290 Optimo
459 1250 613 1287 Maximo,
630 1256 798 1290 testemque
817 1250 920 1291 ipsum
931 1251 989 1282 Jo-

101 1304 168 1324 vem
185 1303 248 1323 suae
263 1293 425 1323 voluntatis
440 1304 475 1324 ac
489 1293 641 1334 refigionis
656 1292 807 1323 adhibere.

144 1336 254 1367 XXX.
279 1335 360 1373 Quae
378 1346 449 1375 vox,
475 1347 544 1377 quae
565 1337 670 1372 latera,
692 1346 762 1376 quae
785 1335 872 1374 vires,
895 1336 990 1375 hujus

101 1379 192 1410 unius
207 1378 342 1409 criminis
357 1379 579 1419 querimoniam
594 1379 710 1419 possint
724 1379 896 1410 sustinere?
919 1380 990 1410 Rex

100 1422 286 1459 Antiochus,
300 1422 353 1463 qui
365 1422 486 1460 Romae,
497 1428 566 1452 ante
578 1422 679 1452 oculos
691 1421 829 1452 omnium
840 1424 988 1460 nostrum,

101 1465 261 1497 biennium
282 1465 344 1495 fere
364 1465 509 1495 comitatu
528 1465 611 1505 regio
628 1471 720 1505 atque
734 1470 842 1495 ornatu
862 1465 987 1502 fuisset3

100 1509 137 1545 is,
154 1518 225 1538 cum
240 1508 355 1538 amicus
377 1514 407 1538 et
421 1508 518 1538 socius
532 1508 640 1549 populi
661 1508 795 1538 Romani
816 1514 901 1545 esset,
913 1508 990 1538 ami-

101 1552 220 1582 cissimo
235 1558 330 1592 patre,
341 1562 408 1589 avo,
424 1551 602 1590 majoribus,
612 1550 829 1591 antiquissimis
844 1557 873 1581 et
888 1551 990 1582 claris-

101 1595 186 1624 simis
200 1594 332 1635 regibus,
348 1594 577 1635 opulentissimo
593 1600 622 1624 et
642 1594 778 1624 maximo
792 1604 896 1634 regno,
912 1604 990 1635 prae-

105 1647 175 1678 ceps
190 1647 206 1667 e
220 1637 374 1678 provincia
389 1637 496 1678 populi
511 1637 645 1668 Romani
660 1638 839 1667 exturbatus
851 1643 903 1667 est.

145 1680 417 1718 Quemadmodum
436 1680 493 1711 hoc
514 1686 686 1721 accepturas
706 1680 842 1711 nationes
862 1686 989 1718 exteras,

103 1722 364 1767 quemadmodum
379 1723 474 1763 hujus
488 1723 534 1755 tui
548 1723 620 1755 facti
631 1723 746 1754 famam
761 1723 794 1755 in
809 1733 902 1764 regna
916 1722 989 1754 alio-

1172 1495 1181 1511 1
1173 1388 1181 1480 ε»,ιό.ς..
1176 1356 1181 1376 ,7
1177 1291 1181 1338 a„
1178 1270 1180 1278 ,

1166 1753 1181 1782 ’Β
1167 1586 1181 1746 azaz-“La
1172 1563 1177 1573 υ
