1181 1902
241 68 293 101 IN
315 67 512 100 VERREM
537 67 598 99 1v.
622 66 705 98 CAP.
724 67 777 102 75.
891 64 951 95 361

71 156 226 193 senuisset,
242 155 274 186 id
289 155 459 186 civitatibus
474 154 610 190 auferre3
634 152 717 195 quod
731 163 750 183 a
764 151 878 193 populo
893 151 958 182 Ro-

72 209 164 229 mano
178 199 347 239 accepisset,
363 205 472 228 tenere.

115 242 272 272 LXXIV.
296 241 382 278 Quot
403 241 494 271 vultis
510 251 571 270 esse
589 240 620 269 in
636 249 698 269 uno
718 238 799 268 furto
822 244 957 279 peccato-

73 295 143 315 rum
153 284 264 325 gradus
278 286 291 314 ?
315 290 361 321 ut,
379 283 403 313 si
419 283 544 323 singulis
554 283 690 313 insistere
705 281 809 318 velim,
819 281 959 321 progredi

71 327 126 357 iste
155 337 216 357 non
253 327 355 367 possit.
396 326 556 366 Improbas
585 326 774 355 frumentum
809 324 958 354 Siculum.

72 370 184 408 Quid?
207 370 270 410 ipse
280 369 362 410 quod
373 369 468 398 mittis
480 370 494 398 Ρ
517 368 700 408 peculiarem
716 367 807 397 habes
823 367 959 407 aliquam

71 413 218 449 Siciliam,
235 423 304 453 quae
320 412 375 442 tibi
390 422 427 441 ex
443 411 501 441 alio
516 420 624 451 genere
644 410 833 440 frume-ntum
850 420 961 450 suppe-

71 455 167 486 ditare
182 455 298 496 possit?
322 455 403 486 Cum
424 460 544 484 senatus
565 453 707 489 decernit,
733 458 768 482 ut
788 459 906 482 ematur
928 453 961 482 in

73 499 177 529 Sicilia
191 499 392 535 frumentum,
417 503 471 527 aut
487 506 556 526 cum
575 496 706 536 populus
719 496 816 533 jubet,
842 496 910 533 hoc,
927 501 962 525 ut

73 541 190 582 opinor,
206 541 359 581 intelligit,
376 550 413 570 ex
433 538 534 570 Sicilia
550 539 686 569 Siculum
703 538 893 568 frumentum
908 549 963 579 ap-

74 584 188 625 portari
210 590 354 624 oportere.
379 582 444 618 Tu,
469 593 539 612 cum
561 582 717 612 civitatum
738 581 848 611 Siciliae
868 581 961 621 vulgo

73 637 164 657 omne
183 627 373 656 frumentum
390 626 555 666 improbaS,
577 635 652 654 num
675 634 712 654 ex
734 624 882 664 AEgypto,
909 631 963 654 aut

75 679 112 700 ex
143 670 242 710 Syria,
272 669 460 699 frumentum
489 669 623 698 Romam
646 667 766 697 mittis?
802 667 963 707 Improbas

75 712 271 748 Halesinum,
289 711 573 752 Cephaleditanum,
597 710 846 747 Thermitanum,
865 711 964 741 Ame-

75 755 248 791 stratinum,
281 754 541 795 Tyndaritanum,
573 753 765 789 Herbitense,
792 753 962 783 multarum

74 804 218 839 praeterea
233 798 398 828 civitatum.
423 797 508 834 Quid
524 796 631 826 accidit
646 796 780 834 tandem,
802 803 837 825 ut
851 796 963 826 horum

75 841 260 881 populorum
285 841 349 881 agri
370 840 559 869 frumentum
586 839 746 878 ejusmodi,
771 845 800 868 te
825 845 963 879 praetore,

76 884 199 920 ferrent,
216 883 299 924 quod
313 893 473 923 nunquam
489 889 586 918 antea,
598 888 633 911 ut
648 892 745 922 neque
759 882 848 919 mihi,
865 892 964 923 neque

75 926 143 963 tibi,
160 937 258 967 neque
272 926 386 967 populo
398 926 551 961 Romano,
561 932 660 965 posset
674 925 794 964 probari
808 935 817 960 ;
841 935 966 965 praeser-

76 969 133 999 tim
149 980 219 999 cum
235 980 272 999 ex
288 969 394 999 iisdem
410 969 500 1009 agris,
517 968 714 1007 ejusdemque
729 967 812 1003 anni,
828 967 966 998 frumen-

78 1019 146 1042 tum
176 1023 214 1042 ex
243 1011 378 1042 decumis
404 1011 539 1041 Romam
568 1010 721 1050 mancipes
750 1010 965 1041 advexissent?

78 1054 352 1093 Quid‘aeciderat,
379 1061 415 1084 ut
440 1064 478 1084 ex
504 1054 610 1084 eodem
630 1053 736 1083 horreo
761 1052 967 1084 decumanum

78 1099 267 1139 probaretur,
284 1104 401 1127 emtum
416 1107 477 1127 non
492 1095 693 1137 probaretur?
716 1095 898 1127 Dubiumne
910 1103 965 1135 est,

78 1141 154 1182 quin
177 1141 234 1172 ista
248 1140 347 1171 omnis
362 1140 543 1181 improbatio
564 1138 705 1179 cogendae
719 1139 855 1179 pecuniae
876 1140 968 1170 caus&

80 1192 154 1214 nata
169 1184 207 1214 sit
218 1186 232 1214 ?

122 1227 218 1257 Esto:
242 1227 396 1267 improbas
420 1226 623 1256 Halesinum:
647 1223 740 1255 habes
766 1224 804 1254 ab
828 1225 888 1255 alio
912 1235 968 1266 po-

78 1270 164 1311 pulo,
181 1269 264 1311 quod
278 1271 394 1310 probes.
418 1269 498 1299 Eme
513 1268 602 1305 illud,
618 1267 701 1309 quod
716 1267 815 1308 placet
828 1279 836 1297 ι
860 1268 968 1299 missos

77 1313 126 1343 fac
141 1323 202 1351 eos,
218 1323 350 1354 quorum
365 1313 554 1342 frumentum
574 1310 762 1352 improbasti.
791 1310 850 1341 Sed
866 1312 904 1341 ab
919 1311 967 1348 iis,

78 1366 155 1398 quos
169 1355 320 1397 repudias,
337 1355 432 1396 exigis
452 1360 572 1385 tantum
591 1353 738 1394 pecuniae,
758 1359 909 1394 quantum
929 1354 970 1384 ad

80 1409 151 1429 eum
178 1409 341 1429 numerum
372 1397 517 1428 frumenti
543 1397 614 1427 satis
645 1396 694 1433 sit,
731 1406 824 1437 quem
856 1397 970 1427 civitan'

80 1442 221 1483 imperas.
245 1441 387 1471 Dubium
411 1447 466 1477 est,
491 1440 567 1481 quid
597 1439 718 1480 egeris?
752 1439 790 1469 In
813 1440 971 1470 medimna

81 1484 203 1525 singula
217 1485 315 1522 video,
335 1495 372 1515 ex
386 1484 480 1514 literis
500 1483 641 1524 publicis,
661 1482 716 1512 tibi
732 1482 894 1513 Halesinos
913 1483 972 1513 HS

82 1528 192 1568 quinos
217 1527 310 1558 denos
335 1527 459 1557 dedisse.
484 1526 665 1563 Ostendam,
693 1535 731 1555 ex
754 1525 866 1555 tabulis
887 1526 972 1556 locu-

82 1570 318 1611 pletissimorum
329 1577 494 1608 aratorum,
507 1569 613 1599 eodem
625 1574 759 1609 tempore
773 1568 927 1598 neminem
939 1569 972 1599 in

83 1613 188 1644 Sicilia
202 1613 298 1654 pluris
312 1613 503 1643 frumentum
517 1611 695 1642 vendidisse.

128 1656 267 1687 LXXV.
291 1657 371 1694 Quae
392 1662 436 1686 est
453 1665 524 1696 ergo
537 1655 595 1685 ista
609 1654 696 1691 ratio,
713 1659 767 1684 aut
781 1665 851 1695 quae
873 1654 974 1695 potius

85 1699 229 1736 amentia,
245 1699 438 1729 frumentum
456 1699 629 1739 improbare
643 1697 687 1735 id,
703 1697 786 1738 quod
801 1708 839 1727 ex
860 1707 894 1727 eo
909 1698 976 1728 loco

85 1742 136 1778 sit,
157 1753 195 1773 ex
209 1751 271 1783 quo
286 1747 406 1772 senatus
421 1747 451 1772 et
464 1741 598 1783 populus
621 1741 782 1772 Romanus
797 1739 856 1771 emi
872 1740 976 1770 volue-

131 1785 252 1822 (Orat.)
270 1793 354 1815 vor„
373 1793 397 1814 1.
709 1784 729 1812 ‘2
748 1792 759 1812 1
