1181 1902
222 78 287 114 370
396 78 447 109 ΙΝ
472 78 667 120 VERREM
692 79 752 110 1V.
780 79 863 110 CAP.
880 80 930 111 84.

221 168 325 193 mento
340 163 454 195 darent.
479 165 528 195 Ita
537 165 634 203 credo,
651 165 769 206 petiisse
783 167 821 195 ab
836 166 893 196 isto
907 171 1047 203 aratores,
1058 173 1103 205 ut,

222 216 293 235 cum
309 207 365 237 Hs
382 208 472 237 ternis
493 208 582 237 tritici
597 208 735 238 modium
751 209 877 239 vendere
896 218 956 239 non
974 215 1104 249 possent,

222 259 277 288 pro
293 249 419 289 singulis
434 251 541 280 modiis
556 258 655 281 ternos
670 251 806 281 denarios
821 251 891 281 dare
905 251 1014 282 liceret.
1038 253 1103 289 An,

221 292 367 332 quoniam
391 293 447 323 hoc
481 303 541 323 non
567 294 659 324 audes
691 294 799 332 dicere,
832 294 905 324 illuc
938 294 1104 335 confugies,

222 340 352 364 vecturae
373 335 549 366 difficultate
572 336 726 373 adductos,
753 342 852 366 ternos
875 337 1011 367 denarios
1035 337 1105 367 dare

221 377 384 408 maluisse?
409 378 505 417 Cujus
515 385 643 409 vecturae
654 381 668 410 ,⁹
691 390 752 420 quo
767 390 804 409 ex
819 379 895 416 loco,
907 379 937 408 in
954 390 1045 419 quem
1061 380 1105 410 lo-

221 430 304 457 cum,
321 430 358 450 ne
370 423 546 461 portarent?
564 422 783 452 Philomelione
794 422 951 462 Ephesum
964 424 977 452 :³
994 422 1103 461 Video,

223 463 297 502 quid
321 463 399 493 inter
425 474 577 494 annonam
607 465 746 494 interesse
769 465 880 494 soleat:
906 464 1003 501 video,
1031 471 1105 505 quot

221 505 340 535 dierum
371 506 419 536 via
445 507 501 536 sit:
530 507 615 537 video
643 507 929 537 Philomeliensibus
953 508 1104 547 expedire,

221 548 328 588 quanti
344 548 459 589 Ephesi
474 550 511 579 sit
526 549 726 587 fulmentum,
743 556 862 579 tantum
874 550 945 579 dare
960 550 1060 590 potius
1074 551 1106 580 in

221 591 368 631 Phrygia,
386 602 479 632 quam
494 592 652 632 Ephesum
668 599 797 633 portare,
809 598 872 629 aut,
888 593 927 622 ad
943 593 1106 623 emendum

220 633 422 671 frumentum,
439 635 598 675 Ephesum
614 636 774 675 pecuniam
796 641 825 664 et
848 635 961 675 legatos
976 636 1105 666 mittere.

221 676 261 706 In
276 676 378 706 Sicilia
392 687 461 707 vero
477 678 552 719 quid
567 678 739 716 ejusmodi?
777 678 868 707 Enna
890 678 1106 709 mediterranea

220 724 264 749 est
275 719 410 749 maxime
423 731 431 749 t
456 731 540 760 coge,
550 726 584 750 ut
594 720 631 749 ad
641 731 752 760 aquam
765 721 819 750 tibi
832 720 887 757 (id,
900 721 982 761 quod
993 722 1105 751 summi

218 761 295 801 juris
311 768 366 797 est)
378 762 566 792 frumentum
578 763 735 793 Ennenses
744 763 926 793 metiantur:
952 764 999 793 vel
1010 764 1106 793 Phin-

221 805 307 843 tiam,
324 805 372 835 vel
389 805 547 841 Halesam,
565 805 612 835 vel
628 805 782 843 Catinam,
798 806 864 835 loca
878 805 956 835 inter
972 817 1002 836 se
1017 817 1105 837 max-

220 847 281 877 ime
297 847 423 885 diversa,
442 847 548 878 eodem
569 848 628 885 die,
650 859 711 888 quo
731 848 864 887 jusseris,
884 848 1104 888 deportabunt:

220 890 340 920 tametsi
369 900 406 920 ne
436 891 558 920 vectura
587 891 710 931 quidem
737 901 812 931 opus
838 897 899 921 est:
932 901 1003 921 nam
1026 898 1106 923 totus

221 939 355 974 quaestus
370 933 430 970 hic,
444 933 571 972 judices,
589 933 806 970 aestimationis,
823 944 860 963 ex
876 943 1004 964 annonae
1018 941 1107 966 natus

221 983 265 1006 est
281 976 431 1006 varietate.
457 976 526 1006 Hoc
542 976 621 1006 enim
639 977 830 1017 magistratus
846 976 877 1006 in
893 978 1045 1017 proxincia
1060 989 1107 1008 as-

221 1019 308 1060 sequi
323 1025 431 1060 potest,
442 1026 477 1049 ut
488 1019 531 1049 ibi
542 1019 678 1060 accipiat,
696 1020 749 1049 ubi
759 1026 802 1050 est
811 1020 1008 1050 carissimum.
1034 1021 1106 1051 Ideo

222 1064 301 1093 valet
315 1062 372 1092 ista
387 1062 462 1092 ratio
478 1062 682 1092 aestimationis
697 1062 728 1092 in
738 1062 836 1098 Asia-3
861 1063 939 1093 valet
949 1063 980 1092 in
994 1063 1108 1104 Hispa..

222 1106 290 1141 ni233
316 1106 394 1135 valet
409 1105 441 1134 in
456 1105 503 1135 his
517 1105 688 1145 provinciis,
701 1106 732 1135 in
744 1105 855 1146 quibus
867 1115 963 1135 unum
976 1107 1107 1146 pretium

221 1149 376 1178 frumento
392 1158 454 1178 esse
469 1158 528 1178 non
545 1148 628 1178 solet.
662 1148 700 1178 In
716 1147 818 1178 Sicilia
832 1159 901 1178 vero
916 1149 990 1189 quid
1006 1150 1106 1188 cujus-

220 1202 315 1232 quam
330 1192 482 1229 intererat,
499 1201 560 1231 quo
569 1191 634 1221 loco
645 1191 729 1221 daret
743 1193 756 1222 Ρ
779 1201 877 1232 neque
888 1192 969 1221 enim
984 1198 1107 1232 portan-

221 1235 298 1264 dum
314 1240 396 1270 erat3
421 1240 461 1271 et,
479 1244 539 1274 quo
561 1234 689 1274 quisque
705 1234 810 1264 vehere
831 1235 932 1272 jussus
953 1241 1037 1271 esset,
1065 1235 1109 1265 ibi

222 1277 370 1307 tantidem
385 1277 574 1307 frumentum
589 1283 711 1315 emeret,
733 1277 839 1317 quanti
860 1277 943 1307 domi
958 1278 1108 1308 vendidis-

221 1326 274 1351 set.
284 1320 505 1358 Quamobrem,
514 1320 538 1349 si
550 1319 635 1360 quid,
648 1320 803 1357 Hortensi,
814 1320 918 1350 docere
928 1320 982 1357 vis,
994 1320 1109 1361 aliquid

221 1365 260 1393 ab
276 1363 332 1393 isto
348 1363 446 1393 simile
461 1363 492 1392 in
512 1363 720 1399 aestimatione,
745 1370 835 1403 atque
857 1373 875 1392 a
901 1363 1023 1400 caeteris,
1047 1374 1109 1394 esse

221 1406 356 1442 factumg
381 1406 486 1435 doceas
501 1411 628 1446 oportet,
646 1406 747 1446 aliquo
769 1405 801 1435 in
816 1405 880 1435 loco
896 1406 1016 1444 Sicihae,
1032 1417 1109 1447 prae-

220 1455 284 1478 tore
301 1449 406 1485 Verre,
423 1448 514 1478 ternis
526 1448 654 1478 denariis
669 1448 758 1478 tritici
772 1448 909 1478 modium
922 1449 1022 1478 fuisse.

265 1491 456 1521 LXXXIV.
489 1491 581 1528 Vide,
606 1501 699 1532 quam
720 1491 774 1521 tibi
798 1491 1001 1521 defensionem
1024 1498 1108 1532 pate-

220 1534 363 1564 fecerim.
388 1545 481 1574 quam
497 1534 634 1574 iniquam
650 1534 681 1563 'm
692 1534 794 1570 socios,
806 1544 899 1574 quam
911 1540 1057 1564 remotam
1070 1537 1108 1565 ab

223 1577 353 1607 utilitate
368 1577 540 1617 reipublicae
526 1597 551 1613 ,
568 1587 662 1617 quam
678 1577 843 1615 sejunctam
860 1588 878 1606 a
893 1577 1047 1607 voluntate
1063 1584 1108 1608 at-

222 1630 283 1660 que
299 1620 438 1649 sementi?
435 1633 445 1649 ι
460 1619 543 1659 legis.
567 1620 631 1655 Tu,
649 1630 718 1649 cum
735 1620 789 1649 tibi
805 1630 859 1659 ego
874 1619 1083 1650 frumentum
1075 1631 1107 1650 111

222 1662 298 1692 meis
310 1662 400 1702 agris,
417 1668 508 1702 atque
523 1662 554 1691 in
569 1672 638 1692 mea
654 1662 784 1700 civitate,
801 1662 931 1709 denique
943 1673 1013 1693 cum
1028 1663 1060 1692 in
1072 1663 1108 1693 iis

222 1705 330 1742 locis,
322 1715 354 1734 m
370 1704 482 1745 quibus
498 1715 540 1741 es,
559 1705 694 1739 versaris,
722 1715 786 1735 rem
808 1715 897 1745 gens,
923 1705 1108 1746 provinciam

222 1747 426 1787 administras,
449 1754 571 1789 paratus
596 1748 653 1778 sim
674 1748 764 1785 dare3
790 1747 938 1789 angulum
958 1748 1035 1779 mihi
1055 1749 1110 1780 ali-
