1181 1902
202 146 255 178 IN
277 143 518 177 CAECILIUM
542 145 690 178 DIVIN.
714 146 799 178 CAP.
819 147 868 183 17.
923 146 984 177 1⁶25

84 232 188 264 fecisse
208 231 364 263 Verrem?
387 231 550 262 Arbitror:
573 242 673 274 neque
693 233 774 264 enim
790 239 866 265 esset
880 232 983 264 verisi-

84 276 170 313 mile,
194 286 264 306 cum
285 275 428 306 omnibus
450 275 560 306 Siculis
585 276 695 307 faceret
718 277 856 316 injurias,
882 282 912 307 te
934 276 982 306 illi

83 329 183 350 unum
205 319 365 357 eximium,
390 318 439 349 cui
463 319 641 368 consuleret,
665 320 768 350 fuisse.
801 320 861 351 Sed
881 319 981 350 caeteri

84 363 181 393 Siculi
203 363 334 393 ultorem
358 371 481 392 suarum
502 362 685 401 injuriarum
705 363 906 394 invenerunt:
930 368 976 401 tu,

83 405 160 436 dum
176 411 242 436 tuas
258 405 383 445 injurias
398 415 452 446 per
472 410 502 434 te
520 405 576 442 (id,
594 406 676 446 quod
688 416 749 437 non
764 412 862 447 potes)
878 416 978 447 perse-

84 449 139 490 qui
163 449 289 485 conaris,
315 448 347 478 id
370 448 445 489 agis,
467 454 502 477 ut
521 454 697 479 caeterorum
716 460 838 490 quoque
862 449 983 488 injuriae

84 493 145 523 sint
159 492 320 532 impunitae
334 497 425 532 atque
440 491 565 521 inultae.
590 498 619 522 et
634 492 690 523 hoc
706 499 735 522 te
756 493 899 533 praeterit,
919 502 981 522 non

84 535 117 565 id
132 535 231 566 solum
248 534 374 576 spectari
390 534 493 572 solere,
511 534 565 575 qui
580 534 698 573 debeat,
718 536 770 566 sed
785 536 877 566 etiam
892 535 982 573 illud,

85 578 140 619 qui
154 578 247 619 possit
262 578 384 608 ulcisci:
409 577 440 607 in
462 588 523 618 quo
546 583 712 620 utrumque
733 579 782 617 sit,
806 589 877 609 eum
893 589 982 619 supe-

84 622 194 652 riorem
215 631 297 657 esse;
321 621 353 650 in
369 631 430 662 quo
446 621 588 658 alterum,
609 622 640 652 in
662 633 696 653 eo
711 632 784 661 non,
801 622 899 663 quid
891 632 916 652 is
931 631 984 652 ve-

85 664 133 703 lit,
150 664 202 695 sed
217 664 292 705 quid
307 664 403 695 facere
418 664 522 705 possit,
539 665 635 705 quaeri
650 666 752 696 solere.

128 707 222 746 Quod
238 707 262 738 si
277 707 304 737 ei
318 707 511 748 potissimum
523 718 623 739 censes
638 709 773 749 permitti
785 713 921 750 oportere
932 718 982 739 ac·

84 751 210 782 cusandi
233 756 423 791 potestatem,
447 750 496 780 cui
519 751 690 782 maximam
711 752 747 783 C.
767 752 878 783 Verres
900 752 982 791 inju-

84 795 162 824 riam
182 794 305 830 fecerit3
329 800 434 824 utrum
455 794 579 824 tandem
598 805 697 825 censes
711 795 767 825 hos
780 795 897 835 judices
912 805 985 835 gra-

85 837 153 868 vius
167 837 245 867 ferre
260 842 408 877 oportere,
425 842 454 867 te
469 838 507 867 ab
523 838 576 867 illo
592 848 653 868 esse
668 839 787 875 laesum,
805 848 844 868 an
859 837 982 878 provin-

84 880 164 912 ciam
190 880 326 911 Siciliam
347 891 409 910 esse
430 886 572 910 vexatam
592 892 627 911 ac
648 881 824 922 perditam?
848 881 981 921 Opinor,

83 923 232 961 concedis,
255 923 354 953 multo
374 923 431 954 hoc
452 929 481 954 et
501 934 564 954 esse
583 925 717 964 gravius,
740 931 769 955 et
784 926 822 955 ab
838 924 983 955 omnibus

83 967 156 997 ferri
170 967 291 1007 gravius
306 973 451 1007 oportere.
485 966 624 997 Concede
644 968 748 1008 igitur,
772 974 807 998 ut
822 967 878 998 tibi
894 973 982 997 ante-

83 1016 227 1052 ponatur,
245 1010 276 1040 in
292 1009 471 1047 accusando,
487 1010 660 1050 provincia:
679 1021 751 1041 nam
766 1010 921 1051 provincia
933 1020 982 1040 ac-

84 1059 180 1091 cusat,
198 1063 268 1084 cum
283 1053 308 1083 is
324 1053 386 1094 agit
402 1063 534 1091 causam,
549 1064 641 1094 quem
657 1054 714 1084 sibi
725 1054 778 1084 illa
791 1054 980 1084 defensorem

85 1097 134 1127 sui
146 1096 234 1136 juris,
258 1097 388 1127 ultorem
402 1096 596 1136 injuriarum,
618 1103 749 1128 actorem
765 1108 862 1128 causae
876 1096 981 1135 totius,

86 1139 165 1180 adop
168 1140 251 1170 tavit.

128 1182 306 1214 XV11.At
321 1193 389 1213 eam
405 1182 460 1213 tibi
476 1182 512 1213 C.
528 1183 639 1214 Verres
654 1183 748 1214 fecit
740 1183 896 1223 injuriam,
911 1193 982 1224 quae

85 1231 263 1257 caeterorum
283 1236 405 1267 quoque
424 1226 542 1257 animos
562 1233 661 1268 posset
676 1227 774 1257 alieno
789 1227 983 1257 incommodo

86 1269 559 1300 commovere.Mi·.1ime·nam
574 1270 605 1300 id
621 1280 744 1311 quoque
758 1270 797 1300 ad
812 1280 875 1300 rem
891 1270 984 1310 perti-

85 1323 156 1344 nere
171 1313 310 1350 arbitror,
336 1312 459 1353 qualis·
450 1314 564 1352 injuria
584 1313 722 1349 dicatum
747 1324 816 1355 quae
832 1324 922 1344 causa
935 1313 984 1343 in-

86 1356 283 1387 imicitiarum
297 1355 477 1397 proferatur.
503 1356 682 1397 Cognoscite
695 1367 732 1387 ex
748 1367 816 1387 me:
841 1366 914 1387 nam
929 1356 986 1387 iste

86 1410 155 1430 eam
174 1399 320 1440 profecto,
343 1399 401 1429 nisi
421 1399 512 1440 plane
532 1400 610 1430 nihil
626 1400 715 1441 sapit,
738 1410 898 1441 nunquam
914 1410 986 1441 pro-

85 1443 170 1474 feret.
197 1442 319 1483 Agonis
340 1448 384 1473 est
405 1443 558 1483 quaedam,
576 1443 780 1484 Lilybaetana,
797 1445 906 1474 liberta
923 1443 987 1473 Ve-

85 1486 165 1516 neris
186 1485 349 1526 Erycinae3
373 1497 443 1526 quae
463 1487 584 1524 mulier,
601 1493 671 1517 ante
686 1487 769 1517 hunc
790 1492 984 1528 quaestorem,

85 1529 206 1570 copiosa
216 1529 307 1569 plane
319 1535 349 1559 et
362 1529 496 1570 locuples
511 1530 579 1560 fuit.
602 1530 657 1560 Ab
672 1530 729 1560 hac
744 1530 903 1571 praefeetus
915 1530 985 1559 An-

85 1573 163 1603 101111
177 1572 304 1614 quidam
319 1572 550 1614 symphoniacos
566 1583 665 1604 servos
680 1573 849 1604 abducebat
869 1583 923 1614 per
938 1573 986 1602 in-

81 1616 209 1655 juriam,
231 1616 343 1657 quibus
364 1626 394 1646 se
409 1616 441 1646 in
457 1616 550 1647 classe
569 1617 616 1647 uti
636 1617 713 1647 velle
735 1617 862 1647 dicebat.
898 1615 927 1646 T
930 1626 984 1645 um

84 1659 149 1696 ina,
166 1665 215 1693 (ut
228 1669 296 1690 mos
316 1659 347 1689 in
364 1659 467 1689 Sicilia
488 1666 532 1690 est
553 1660 694 1690 omnium
710 1660 741 1690 V
743 1669 932 1697 enereorum,
956 1664 985 1688 et

84 1712 191 1733 eorum
207 1702 261 1743 qui
275 1713 294 1732 a
309 1703 429 1733 Venere
445 1713 475 1732 se
489 1703 707 1740 liberaverunt)
729 1710 764 1733 ut
778 1702 920 1743 praefecto
939 1701 986 1731 illi

83 1745 261 1787 religionem
272 1746 400 1776 Veneris
412 1756 585 1788 nomenque
600 1747 754 1786 objiceret,
771 1746 850 1776 dixit
866 1752 895 1776 et
910 1756 941 1775 se
956 1750 986 1775 et

83 1789 190 1820 omnia
204 1800 259 1819 sua
275 1789 402 1820 Veneris
418 1799 490 1820 esse.

125 1832 190 1863 Ubi
210 1832 268 1864 hoc
288 1833 432 1874 quaestori
449 1832 582 1870 Caecilio,
608 1833 672 1864 viro
693 1833 810 1874 optimo
825 1838 854 1864 et
870 1830 990 1862 homini

656 1886 682 1902 M
708 1877 728 1902 3
