1181 1902
335 109 386 140 IN
410 108 607 141 VERREM
633 108 659 140 1.
885 107 947 138 133

6 202 15 212 ·
53 194 205 226 Ciceronis
220 194 377 236 diligentia
387 197 478 236 longe
492 195 608 226 fefellit.
626 195 747 236 Itaque,
763 194 799 225 ea
811 204 864 236 spe
872 193 952 225 frus-

53 243 162 276 tratus,
178 238 270 269 ah'am
289 245 404 270 tentare
418 239 565 269 rationem
581 239 678 279 coepit.
714 238 811 275 Nam,
828 248 899 268 cum
912 248 951 268 ex

54 281 111 311 hoc
127 286 273 323 tempore,
298 282 396 313 Nonis
416 282 527 312 scilicet
542 282 719 318 Sextilibus,
736 291 798 312 non
814 282 950 312 multum

54 325 199 365 temporis
214 325 253 355 ad
268 325 419 365 agendum
437 331 614 366 superesset,
627 325 708 354 ludis
724 334 817 365 prope
831 334 951 355 menses

54 372 114 397 tres
136 368 353 406 auferentibus,
375 368 542 409 praesertim
565 368 590 398 si
610 367 692 398 horis
713 367 774 398 suis
795 367 951 408 legitimis,

53 409 85 440 id
101 417 145 441 est
160 411 227 441 XX
243 411 361 449 diebus,
378 418 532 442 accusator
547 411 594 441 uti
609 410 770 446 voluisset;
790 410 951 441 consilium

52 453 110 484 hoc
135 454 224 495 cepit,
250 460 295 491 ut,
320 455 432 495 partim
458 454 597 491 dicendo,
624 454 737 495 partim
764 454 948 492 excusando,

53 507 117 527 rem
130 497 278 538 integram
292 498 323 527 in
336 508 452 528 annum
464 503 640 538 sequentem
653 497 839 538 produceret.
866 497 951 528 Huic

52 539 135 570 illius
154 541 277 571 consilio
292 541 396 571 Cicero
417 541 460 571 ita
474 541 611 571 occurrit.
643 540 756 571 Statuit
770 546 950 581 perpetuam

53 583 220 614 orationem
246 584 278 614 in
305 584 388 614 ah'ud
417 590 538 625 tempus
566 594 726 621 reservare,
754 589 794 622 et,
821 583 952 614 breviter

53 631 142 656 testes
157 627 381 668 interrogando,
398 628 618 658 accusationem
631 626 782 667 expedire.
805 626 859 664 Et,
873 637 951 668 quo-

53 669 138 699 niam
154 670 210 700 sibi
225 671 264 700 ab
279 671 391 701 usitata
405 670 520 701 ratione
536 670 704 707 Hortensii,
716 675 745 700 et
755 679 952 711 corrumpen-

55 712 166 743 dorum
181 713 367 752 judiciorum
387 713 615 751 consuetudine,
637 714 784 748 timebat:
811 713 867 743 hac
888 713 953 743 tota

53 756 199 793 oratione,
216 757 321 787 multis
336 757 427 787 minis
442 757 636 798 interpositis,
653 762 682 787 et
695 756 908 794 Hortensium,
923 761 954 786 et

52 799 128 829 alios
143 799 293 838 ejusmodi
308 800 447 838 artifices,
460 807 624 841 perterrere
636 806 759 830 conatus
772 806 834 835 est3
851 805 952 830 osten-

53 841 128 872 dens
144 853 174 873 se
189 843 357 873 admissum
370 843 498 874 dedecus
511 843 696 874 severissime
707 849 948 884 persecuturum.

53 884 186 923 Deinde,
212 896 283 916 cum
307 887 455 917 senatoria
475 887 591 926 judicia
613 886 742 916 infamia
764 887 948 925 laborarent,

55 934 85 959 et
108 929 239 970 populus
266 930 404 970 equitum
428 930 543 969 judicia
569 940 752 970 magnopere
778 929 948 970 flagitarem

53 972 184 1002 ostendit
198 972 276 1003 hanc
291 983 385 1003 unam
401 983 463 1003 esse
478 974 526 1004 vel
540 973 708 1004 maximam
729 979 783 1003 aut
803 983 838 1002 ea
858 972 949 1003 amit-

54 1015 139 1046 tendi
155 1016 193 1049 (si
208 1026 238 1046 se
258 1016 411 1057 corrumpi
432 1016 587 1054 sinerent),
610 1022 663 1046 aut
683 1015 882 1046 confirmandi
902 1015 948 1046 fa-

54 1059 211 1096 cultatem,
234 1065 263 1089 et
283 1059 396 1090 ordinis
416 1059 563 1090 invidiam
583 1059 804 1100 infamiamque
817 1059 948 1098 judicio-

53 1112 124 1132 rum
139 1102 274 1140 sedandi,
291 1103 315 1133 si
329 1103 362 1132 in
377 1103 433 1132 hoc
450 1103 576 1142 judicio,
594 1113 655 1144 quo
675 1102 815 1132 senatorii
834 1102 948 1132 ordinis

53 1145 210 1185 integritas
233 1145 264 1175 in
286 1146 437 1185 judicium
458 1153 592 1184 vocatur,
613 1146 802 1176 severitatem
828 1151 857 1175 et
880 1145 951 1175 reli-

55 1188 177 1229 gionem
197 1195 261 1220 tam
281 1190 366 1230 gravi
387 1195 417 1220 et
435 1188 550 1222 delecto
571 1189 694 1221 consilio
715 1189 840 1230 dignam
861 1188 950 1219 adhi-

54 1233 155 1264 beant.

95 1839 216 1879 (Orat.)
235 1847 281 1872 vo
287 1847 319 1871 1..
337 1847 363 1872 1.
662 1847 687 1871 is
