1181 1902
173 143 265 177 PRO
288 143 455 176 ROSCIO
476 142 712 175 AMERINO.
736 143 820 175 CAP.
841 139 889 170 14.
934 138 976 170 49

88 231 270 273 supplicium
286 231 357 261 satis
376 241 443 261 acre
462 230 626 271 reperietur
641 231 672 260 in
688 240 759 261 eum
774 230 828 271 qui
848 238 978 263 mortem

86 274 230 305 obtulerit
249 273 377 315 parenti,
394 284 449 314 pro
464 284 525 314 quo
540 274 617 309 mori
632 274 744 314 ipsum,
762 274 786 303 si
808 284 854 305 res
874 282 979 315 postu-

87 317 174 354 laret,
193 318 264 356 jura
278 317 381 347 divina
395 323 487 357 atque
506 316 642 346 humana
657 318 803 356 cogebant
817 318 830 347 :³
865 318 904 348 ln
920 318 978 349 hcc

87 366 183 397 tanto,
199 366 262 389 tam
278 359 380 396 atroci,
398 366 460 389 tam
482 359 627 399 singulari
643 360 802 397 maleficio,
824 360 919 401 (quod
934 361 978 392 ita

87 413 153 434 raro
172 403 296 439 exstitit,
319 408 363 439 ut,
380 403 404 432 si
425 402 547 443 quando
567 402 707 432 auditum
726 403 774 437 sit,
791 404 921 443 portenti
942 415 977 435 ac

84 445 214 487 prodigii
239 443 337 475 simile
366 451 555 482 numeretur)
581 445 692 486 quibus
719 445 841 475 tandem
866 453 906 484 te,
939 448 975 477 C.

83 489 189 525 Eruci,
206 488 391 529 argumentis
407 495 609 518 accusatorem
631 498 731 518 censes
754 489 799 518 uti
815 496 950 529 oportere
961 490 975 519 ’ἒ

83 532 196 562 Nonne
212 538 241 561 et
255 531 412 561 audaciam
429 532 505 570 ejus,
523 531 575 571 qui
590 531 622 561 in
634 531 747 561 crimen
763 539 895 568 vocetur,
913 533 974 562 sin-

83 575 222 616 gularem
244 574 398 605 ostendere
411 585 421 610 ς
455 583 483 604 et
510 584 608 604 mores
637 574 714 604 feros
743 575 974 616 immanemque

81 624 234 655 naturam,
262 623 291 647 et
311 617 405 647 vitam
428 617 508 647 vitiis
528 617 710 658 flagitiisque
728 618 870 648 omnibus
889 618 975 648 dedi-

81 666 157 699 tam,
174 667 204 690 et
221 660 352 700 denique
372 660 475 690 omnia
497 660 536 690 ad
558 660 721 700 perniciem
746 661 906 701 profligata
928 668 974 691 at-

81 714 141 744 que
160 703 301 744 perdita?
326 713 457 744 quorum
473 709 506 733 tu
527 703 604 733 nihil
625 703 656 733 in
673 704 743 734 Sex.
760 704 920 742 Roscium,
933 715 972 736 ne

79 746 239 786 objiciendi
249 745 373 787 quidem
389 746 490 783 causa,
507 746 670 776 contulisti.

121 789 216 820 XIV.
241 790 363 819 Patrem
379 789 485 820 occidit
498 790 567 820 Sex.
582 789 734 820 Roscius?
769 789 833 828 Qui
849 790 942 821 homo
955 793 969 822 Ρ

76 832 332 863 Adolescentulus
347 840 515 873 corruptus,
535 839 565 862 et
583 834 621 862 ab
641 832 817 863 hominibus
837 843 970 874 nequam

76 876 218 906 inductus
231 877 245 906 Ρ
274 876 384 906 Annos
406 882 495 906 natus
517 875 616 916 magis
637 876 846 916 quadraginta.
871 876 970 908 Vetus

76 919 214 949 videlicet
234 919 367 956 sicarius,
384 919 476 949 homo
491 919 603 956 audax,
620 925 650 949 et
665 929 744 959 saepe
759 919 789 949 in
807 919 886 950 caede
902 930 969 950 ver-

76 968 158 993 satus
170 964 184 993 ?
217 962 264 992 At
281 961 338 992 hoc
353 963 392 992 ab
408 968 578 992 accusatore
598 971 635 992 ne
651 961 710 992 dici
725 963 849 1003 quidem
865 963 969 993 audis-

76 1005 123 1037 tis.
162 1005 314 1035 Luxuries
343 1005 436 1045 igitur
462 1005 630 1041 hominem,
651 1005 820 1053 nimirum,
846 1012 875 1036 et
901 1006 968 1036 aexis

75 1049 166 1079 alieni
185 1048 377 1089 magnitudo,
395 1054 424 1078 et
437 1047 595 1078 indomitae
609 1047 704 1077 animi
717 1049 905 1097 cupiditateS‚
928 1049 968 1079 ad

73 1091 131 1122 hoc
145 1092 242 1122 scelus
256 1091 467 1131 impulerunt⁹
506 1091 555 1121 De
575 1091 699 1120 luxuria
722 1092 863 1132 purgavit
883 1092 967 1122 Eru-

73 1135 148 1172 cius,
173 1145 242 1165 cum
266 1134 354 1171 dixit,
374 1134 456 1164 hunc
479 1142 518 1164 ne
541 1134 572 1163 in
597 1134 734 1164 convivio
755 1135 880 1175 quidem
902 1136 967 1166 ullo

73 1178 136 1208 fere
150 1177 329 1208 interfuisse.
354 1177 442 1207 Nihil
458 1183 561 1207 autem
578 1187 715 1225 unquam
732 1177 845 1207 debuit.
870 1178 966 1219 Cupi-

72 1221 180 1252 ditates
191 1231 280 1262 porro
292 1231 361 1262 quae
373 1226 499 1261 possunt
514 1231 576 1250 esse
590 1220 621 1249 in
638 1231 684 1257 eo,
701 1220 755 1260 qui
771 1221 841 1254 (ut'
834 1232 898 1261 1pse
916 1232 966 1252 ac-

71 1270 190 1295 cusator
205 1264 327 1303 objecit)
349 1263 412 1293 ruri
428 1274 545 1304 semper
560 1263 716 1300 habitarit,
730 1270 759 1293 et
774 1264 805 1293 in
829 1274 901 1304 agro
916 1275 966 1294 co-

70 1307 160 1338 lendo
172 1307 281 1337 vixerit
295 1309 308 1338 ‚⁹
332 1318 401 1348 quae
417 1307 478 1337 vita
492 1306 628 1337 maxime
648 1306 800 1345 disjuncta
815 1317 833 1337 a
847 1307 966 1348 cupidi-

70 1356 142 1388 tate,
159 1356 190 1381 et
204 1361 275 1381 curn
290 1350 388 1380 officio
403 1351 572 1389 conjuncta.

114 1394 195 1432 Quae
210 1404 256 1424 res
271 1393 364 1434 igitur
380 1399 499 1423 tantum
516 1393 610 1423 istum
622 1393 756 1424 furorem
769 1393 839 1424 Sex.
852 1394 965 1425 Roscio

70 1437 206 1477 objecit?
232 1437 327 1474 Patri,
344 1436 455 1477 inquit,
472 1446 533 1466 non
548 1436 695 1477 placebat.
720 1436 806 1467 Patri
821 1447 881 1467 non
897 1438 964 1478 pla-

71 1479 178 1511 cebat?
202 1479 308 1517 Quam
328 1481 367 1510 ob
388 1481 535 1510 causam?
560 1479 691 1510 Necesse
717 1485 761 1509 est
785 1480 878 1517 enim,
895 1491 964 1511 eam

70 1533 192 1565 quoque
213 1523 340 1562 justam,
364 1528 393 1552 et
414 1532 572 1563 magnam,
592 1528 621 1553 et
647 1523 837 1564 perspicuam
860 1523 962 1554 fuisse.

70 1567 166 1604 Nam,
183 1572 219 1596 ut
238 1566 315 1596 illud
335 1566 510 1596 incredibile
525 1572 579 1603 est,
597 1572 726 1596 mortem
750 1566 884 1596 oblatam
901 1577 963 1598 esse

70 1610 149 1651 patri
163 1620 181 1639 a
196 1609 258 1639 filio
275 1609 338 1639 sine
353 1609 493 1649 plurimis
509 1615 538 1639 et
552 1609 696 1639 maximis
708 1609 824 1645 causis3
850 1609 891 1639 sic
906 1610 963 1640 hoc

70 1652 231 1683 verisimile
256 1662 318 1682 non
345 1658 400 1690 est,
425 1652 494 1682 odio
520 1652 611 1682 fuisse
635 1652 753 1693 parenti
777 1652 876 1682 filium
899 1653 963 1684 sine

70 1695 166 1727 causis
175 1695 291 1732 multis,
303 1701 332 1725 et
346 1695 478 1735 magnis,
491 1701 520 1725 et
532 1696 711 1726 necessariis.
737 1695 857 1726 Rursus
868 1696 963 1736 igitur

71 1738 176 1769 eodem
197 1744 405 1774 revertamur;
430 1745 459 1768 et
479 1748 664 1779 quaeramus,
686 1749 755 1779 quae
781 1744 865 1769 tanta
889 1739 963 1769 vitia.

69 1781 182 1812 fixerint
195 1781 228 1811 in
245 1781 336 1812 unico
355 1781 430 1819 filio,
453 1792 547 1822 quare
562 1781 587 1812 is
604 1782 684 1823 patri
702 1781 882 1822 displiceret.
914 1782 962 1812 At

67 1824 260 1866 perspicuum
274 1829 330 1863 est,
346 1824 466 1856 nullum
483 1823 584 1856 fuisse.
620 1826 711 1856 Pater
729 1824 823 1867 igitur
842 1834 959 1862 amem,

111 1868 232 1902 (Orata
248 1876 332 1898 VOL.
352 1877 375 1898 1.
675 1876 696 1898 f
