1181 1902
159 123 223 155 104
261 122 353 156 PRO
375 121 541 157 ROSCIO
563 122 782 156 COMOEDO.
798 123 883 155 CAP.
902 124 952 159 17.

164 208 246 247 Hoc,
261 209 361 249 initio,
381 209 512 251 cogitare
526 209 634 251 coepit:
657 209 803 251 quoniam
818 208 955 240 Fannius
970 219 988 240 a
1002 218 1054 241 me

164 252 241 293 petit
260 252 317 284 HS
341 262 437 291 1000,
450 258 552 294 petam
567 263 585 284 a
601 253 636 284 C.
654 253 775 291 Cluvio,
786 253 887 294 equite
897 252 1052 292 Romano,

165 295 356 326 ornatissimo
365 296 500 335 homine,
515 302 550 326 ut
565 297 635 327 mea
650 296 741 326 causa
751 295 915 326 mentiatur
929 307 937 326 ι
961 295 1053 333 dicat,

168 337 350 371 decisionem
374 339 484 369 factam
514 349 588 377 esse,
618 350 687 379 quae
713 339 791 369 facta
819 349 880 369 non
896 344 959 374 θεῖς
995 338 1053 369 HS

171 390 322 413 cccl000
349 393 368 413 a
392 382 497 412 Flavio
517 382 588 412 data
603 392 664 412 esse
681 382 809 419 Fannio,
826 392 895 422 quae
910 381 980 411 data
991 391 1053 410 non

170 432 252 455 sunt.
276 425 335 455 Est
349 425 406 455 hoc
422 425 605 466 principium
620 425 753 466 improbi
773 424 878 463 animi,
895 424 996 455 miseri
1011 424 1058 453 in-

167 467 261 508 genii,
277 468 391 498 nullius
407 468 531 498 consilii.

210 510 297 548 Quid
311 510 438 542 deinde.
432 513 445 534 ³
470 511 674 552 Posteaquam
690 522 720 541 se
734 510 876 551 praeclare
896 510 1056 541 confirma-

166 553 222 591 vit,
246 554 327 584 venit
342 554 379 584 ad
396 554 551 584 Cluvium.
584 555 687 592 Quem
710 554 865 584 hominem
879 555 893 584 ?
927 554 1025 583 levem
1040 554 1054 583 ?

167 596 265 627 immo
279 597 510 637 gravissimum:
544 597 689 627 mobilem
702 597 716 626 ?
743 597 838 627 immo
854 595 1058 630 constantissi-

168 649 279 670 mum:
317 640 523 672 familiarem?
560 640 657 670 immo
686 640 915 670 alienissimum.
961 639 1056 668 Hunc

169 688 369 723 posteaquam
388 683 541 719 salutavit,
558 694 663 724 rogare
685 683 784 724 ooepit,
800 682 911 713 blande
934 687 963 712 et
987 691 1059 711 con-

169 725 269 763 cinne,
293 726 424 756 scilicet:
449 726 595 764 Mentire,
618 726 687 756 mea
709 726 810 764 causa,
827 725 898 756 viris
923 725 1058 765 optimis,

167 768 229 799 tuis
257 768 469 808 familiaribus,
495 770 712 810 praesentibus3
736 769 795 807 dic,
823 768 966 798 Flavium
987 777 1058 798 cum

170 811 291 842 Fannio
313 811 350 842 de
373 812 517 852 Panurgo
538 812 692 850 decidisse,
716 812 770 853 qui
793 811 870 842 nihil
893 810 1058 850 transegit3

169 854 231 893 dic,
255 855 312 885 HS
334 863 485 886 0001000
513 855 639 893 dedisse,
656 855 709 896 qui
734 865 831 885 assem
857 855 979 884 nullum
1005 853 1059 883 de-

169 897 225 929 dit.
249 897 335 935 Quid
345 898 396 927 ine
408 898 585 938 respondit?
610 899 678 939 Ego
693 909 762 928 vero
775 898 883 938 cupide
894 904 922 927 et
931 897 1061 927 libenter

170 941 301 972 mentiar
316 940 370 970 tua
385 951 497 977 causa-3
522 947 562 979 et,
586 941 610 971 si
632 941 754 982 quando
774 952 824 971 me
845 941 889 970 vis
911 941 1056 980 pejerare,

170 989 207 1019 ut
222 984 384 1025 paululum
401 990 434 1014 tu
449 984 620 1025 compendii
634 984 737 1020 facias,
752 990 893 1024 paratum
916 983 979 1013 fore
1003 981 1060 1012 sci-

171 1032 224 1057 to:
255 1036 316 1056 non
335 1026 394 1057 fuit
409 1037 509 1065 causa,
526 1037 579 1056 cur
594 1033 714 1057 tantum
729 1027 861 1057 laborem
878 1036 1007 1066 caperes,
1025 1030 1060 1055 ut

169 1069 209 1099 ad
227 1080 277 1100 me
299 1069 434 1099 venires:
459 1081 512 1110 per
536 1070 681 1100 nuntium
701 1070 769 1107 hoc,
797 1069 880 1111 quod
904 1075 967 1099 erat
992 1075 1057 1098 tam

169 1112 247 1150 leve,
264 1112 427 1152 transigere
437 1112 570 1153 potuisti.

214 1156 329 1186 XVII.
354 1156 415 1186 Pro
430 1156 533 1186 Defim
547 1155 770 1197 hominumque
784 1154 875 1185 fidem
894 1155 901 1185 !
926 1155 983 1185 hoc
1005 1158 1059 1185 aut

171 1199 301 1230 Roscius
316 1209 453 1239 unquam
475 1210 493 1229 a
515 1199 625 1229 Cluvio
639 1200 773 1240 petisset,
789 1199 813 1229 si
830 1199 886 1229 Hs
902 1197 1012 1227 millies
1026 1197 1059 1227 in

169 1242 322 1282 judicium
337 1242 485 1273 haberet?
523 1249 576 1272 aut
592 1242 718 1273 Cluvius
734 1242 844 1272 Roscio
858 1241 973 1282 petenti
988 1250 1059 1270 con-

172 1285 316 1323 cessisset,
347 1285 371 1315 si
395 1285 541 1316 universae
563 1285 672 1326 praedae
692 1285 839 1326 particeps
859 1286 960 1314 esset?
994 1283 1059 1313 Vix

172 1328 305 1362 (medius
326 1327 429 1365 fidius)
455 1334 501 1367 tu,
529 1328 639 1365 Fanni,
662 1339 680 1358 a
706 1329 856 1366 Ballione,
880 1333 933 1357 aut
956 1327 1060 1367 aliquo

172 1371 238 1410 ejus
262 1371 365 1408 simili,
390 1371 447 1401 hoc
470 1372 661 1412 expostulare
683 1371 818 1409 auderes,
843 1377 873 1401 et
898 1370 1060 1410 impetrare

172 1424 284 1455 posses,
308 1413 391 1454 quod
414 1424 485 1445 curn
509 1419 553 1444 est
575 1415 697 1444 veritate
718 1415 841 1463 falsum,
858 1420 925 1443 tum
943 1413 1059 1443 ratione

173 1467 297 1498 quoque
312 1463 356 1487 est
370 1457 552 1487 incredibile.
576 1457 746 1487 Obliviscor
761 1458 853 1494 enim,
871 1456 1017 1486 Roscium
1029 1460 1060 1486 et

173 1500 320 1531 Cluvium
345 1500 423 1530 viros
446 1510 508 1531 esse
530 1500 710 1541 primarios·
734 1500 888 1541 improbos
914 1498 1058 1540 temporis

173 1543 265 1574 causa
280 1553 342 1573 esse
357 1542 449 1583 fingo.

218 1586 345 1617 Falsum
361 1585 536 1616 subornavit
551 1591 656 1617 testem
672 1586 799 1617 Roscius
815 1585 970 1617 Cluvium.
996 1584 1060 1615 Cur

173 1634 238 1660 tam
254 1639 318 1660 sero
333 1631 346 1659 ?
369 1639 433 1667 cur,
444 1639 513 1659 cum
526 1630 618 1660 altera
629 1630 732 1670 pensio
744 1629 885 1660 solvenda
900 1634 985 1665 esset,
999 1637 1070 1664 non¹

174 1677 253 1710 tum,
270 1682 340 1702 cum
357 1672 481 1712 prima?
513 1682 586 1702 nam
598 1673 664 1712 jam
686 1678 774 1703 antea
800 1672 857 1702 HS
890 1681 971 1703 1000
1000 1671 1061 1701 dis-

175 1715 313 1746 solverat.
355 1714 486 1753 Deinde,
514 1715 538 1745 si
559 1717 624 1755 jam
649 1725 826 1756 persuasum
849 1720 912 1745 erat
937 1714 1058 1751 Cluvio,

175 1764 210 1787 ut
232 1758 430 1794 mentiretur;
465 1768 518 1788 cur
554 1758 654 1799 potius
686 1759 742 1790 Hs
774 1767 938 1793 εει-1000,
965 1767 1059 1798 quam

175 1809 329 1836 CCC1000
368 1810 519 1834 CCC1000
559 1811 710 1835 cc01000
748 1801 819 1833 data
860 1801 939 1832 dixit
978 1800 1058 1831 Fan-
