1181 1902
435 304 492 343 IN
520 304 564 344 C.
592 305 812 343 VERREM
842 303 873 343 Ι.

249 422 276 453 Ι.
308 422 419 461 QUOD
447 430 510 454 erat
539 424 709 465 optandum
733 423 880 462 maxime,
908 421 1036 462 judices,
1064 427 1094 454 et

204 466 288 506 quod
304 477 401 497 unum
417 468 456 497 ad
471 468 617 498 invidiam
638 467 728 498 vestri
744 467 857 498 ordinis
872 466 1094 507 infamiamque

200 509 385 547 judiciorum
407 511 584 547 sedandam,
606 511 741 541 maxime
760 510 950 551 pertinebat;
978 509 1010 539 id
1032 519 1094 540 non

202 551 339 583 humano
355 554 490 592 consilio,
511 553 562 584 sed
583 564 676 594 prope
697 553 854 590 divinitus,
875 553 983 582 datum
1003 558 1096 593 atque

201 596 340 626 oblatum
365 597 449 627 vobis
473 608 594 627 summo
614 597 788 637 reipublicae
808 602 943 637 tempore
964 595 1092 626 videtur.

203 637 388 670 Inveteravit
410 640 492 670 enim
513 641 578 679 jam
601 640 702 680 opinio
724 639 890 680 perniciosa
909 638 1093 679 reipublicae‚

203 682 348 723 vobisque
368 683 546 723 periculosa,
569 694 638 724 quae
658 693 718 713 non
740 683 831 713 modo
852 683 973 719 Romae,
996 681 1047 712 sed
1065 688 1096 714 et

201 725 285 764 apud
301 732 416 756 exteras
432 727 578 763 nationes,
600 727 738 756 omnium
759 735 896 756 sermone
912 725 1094 765 percrebuit,

202 767 250 797 his
268 768 389 807 judiciis
415 780 484 810 quae
509 779 591 800 nunc
612 770 682 807 sint,
703 769 901 810 pecuniosum
921 768 1091 805 hominem,

204 811 344 850 quamvis
361 812 398 842 sit
414 822 534 850 nocens,
551 813 706 842 neminem
718 823 804 853 posse
816 811 963 842 damnari.
988 811 1096 850 Nunc,

201 852 233 882 in
249 854 315 894 ipso
329 855 501 885 discrimine
516 855 629 885 ordinis
646 855 893 895 judiciorumque
913 860 1094 893 vestrorum,

202 906 274 926 cum
290 897 350 927 sint
364 898 472 938 parati,
495 898 549 939 qui
569 898 762 928 concionibus
778 903 807 928 et
821 898 939 938 legibus
953 897 1031 927 hanc
1046 897 1095 927 in-

201 939 316 970 vidiam
326 943 445 971 senatus
455 941 645 971 inflammare
655 947 811 980 conentur,
822 951 890 971 reus
902 941 933 971 in
943 940 1095 979 judicium

200 982 350 1014 adductus
366 990 409 1014 est
425 984 461 1015 C.
478 985 599 1021 Verres,
616 984 709 1015 homo
723 984 786 1015 vit-a
802 990 892 1024 atque
907 983 1005 1020 factis,
1024 993 1092 1013 om-

200 1025 289 1056 nium
313 1027 378 1065 jam
403 1027 555 1068 opinione,
583 1027 755 1065 damnatus,
780 1027 916 1067 pecuniae
938 1027 1094 1066 magnitu-

200 1068 282 1107 dine,
300 1070 355 1100 sual
371 1081 422 1111 spe
438 1081 471 1101 ac
489 1070 712 1111 praedicatione,
734 1071 900 1101 absolutus.
933 1069 1018 1100 Huic
1038 1080 1095 1110 ego

200 1122 309 1151 causae,
329 1114 457 1152 judices,
479 1125 550 1144 cum
571 1114 693 1144 summit
713 1114 868 1144 voluntate
889 1119 918 1144 et
938 1119 1094 1154 exspecta-

201 1155 283 1185 tione
298 1157 404 1197 populi
420 1157 567 1195 Romani,
586 1163 668 1187 actor
682 1156 801 1193 accessi,
822 1166 883 1186 non
905 1162 939 1186 ut
951 1166 1094 1196 augerem

201 1198 348 1228 invidiam
370 1200 494 1238 ordinis,
514 1200 566 1230 sed
586 1206 621 1229 ut
640 1199 775 1229 infamiae
795 1199 950 1229 communi
971 1210 1095 1230 succur-

202 1251 309 1271 rerem.
341 1242 472 1273 Adduxi
494 1243 574 1273 enim
595 1241 763 1279 hominem,
780 1242 811 1272 in
828 1253 889 1283 quo
904 1242 1095 1272 reconciliare

201 1283 456 1315 existimationem
475 1286 661 1325 judiciorum
682 1285 837 1321 amissam,
860 1285 956 1315 redire
975 1285 1006 1314 in
1027 1295 1097 1325 gra-

201 1326 277 1357 tiam
293 1337 363 1358 cum
379 1329 493 1368 populo
510 1329 664 1365 Romano,
686 1328 854 1358 satisfacere
875 1327 983 1358 exteris
997 1328 1095 1357 natio-

200 1370 302 1407 nibus,
332 1371 479 1411 possetis;
512 1372 754 1412 depeculatorem
784 1371 890 1407 aerarii,
918 1377 1093 1401 vexatorem

199 1413 286 1442 Asiae
301 1419 392 1454 atque
408 1414 611 1455 Pamphyliae,
628 1414 801 1455 praedonem
820 1414 897 1453 juris
912 1414 1031 1450 urbani,
1048 1414 1094 1444 la-

200 1456 271 1486 bem
286 1462 377 1497 atque
397 1457 561 1498 perniciem
581 1457 743 1498 provinciae
764 1457 882 1488 Siciliae.
915 1456 965 1487 De
985 1467 1046 1497 quo
1067 1456 1093 1487 si

200 1508 253 1529 vos
273 1510 373 1530 severe
394 1500 591 1541 religioseque
609 1500 833 1539 judicaveritis;
861 1499 1021 1530 auctoritas
1044 1509 1090 1537 ea,

200 1552 270 1582 quae
293 1542 326 1572 in
350 1543 434 1573 vobis
460 1553 614 1573 remanere
636 1543 735 1580 debet,
759 1543 905 1573 haerebit:
937 1543 983 1572 sin
1005 1542 1092 1572 istius

201 1584 338 1625 ingentes
354 1585 466 1616 divitiae
481 1586 666 1625 judiciorum
682 1586 858 1627 religionem
874 1585 1092 1625 veritatemque

198 1627 417 1668 perfregerint;
443 1639 497 1669 ego
517 1629 574 1659 hoc
595 1635 696 1659 tamen
717 1639 869 1670 assequar,
886 1634 921 1658 ut
938 1628 1090 1668 judicium

199 1670 300 1711 potius
315 1671 499 1712 reipublicae,
516 1682 610 1713 quam
631 1677 684 1702 aut
704 1682 772 1702 reus
791 1671 957 1712 judicibus,
973 1676 1028 1701 aut
1041 1680 1092 1701 ac-

199 1719 319 1745 cusator
333 1725 394 1752 reo,
411 1715 541 1745 defuisse
557 1715 703 1746 videatur.

244 1757 292 1788 11.
314 1757 483 1799 Equidem,
505 1764 539 1790 ut
560 1758 599 1790 de
620 1768 671 1790 me
692 1757 847 1798 confitear,
868 1756 997 1798 judices,
1021 1766 1092 1788 cum
