1181 1902
191 69 253 99 416
379 67 430 98 IN
454 66 650 98 VERREM
675 67 716 98 V.
741 67 825 99 CAP.
841 68 893 98 31.

197 163 267 185 rum
290 159 382 194 atque
402 153 434 183 in
454 152 579 183 ultimas
599 159 693 183 terras
715 159 942 194 perventuram,
964 154 1090 195 putasti,

196 206 268 227 cum
283 196 445 234 audierint,
459 207 477 226 a
488 202 616 237 praetore
629 196 736 236 populi
748 196 884 226 Romani
893 197 925 227 in
937 197 1092 238 provincia

197 240 345 270 violatum
372 249 487 279 regem,
513 239 678 280 spoliatum
701 238 863 278 hospitem,
891 241 1020 279 ejectum
1045 251 1093 271 so-

200 282 283 313 cium
298 282 405 323 populi
426 282 561 312 Romani
582 288 673 322 atque
692 281 854 313 amicum?
879 283 1003 313 Nomen
1027 293 1094 314 ves-

199 332 293 362 trum,
310 325 478 365 populique
498 325 644 362 Romani,
667 324 736 354 odio
755 331 847 365 atque
867 326 1022 356 acerbitati
1038 326 1094 356 sci-

198 374 261 398 tote
285 367 458 398 nationibus
481 368 602 403 exteris,
628 367 756 407 judices,
781 368 934 405 futurum,
957 369 982 399 si
1007 369 1094 400 istius

201 411 266 441 haec
298 417 383 441 tanta
406 411 520 450 injuria
541 411 694 451 impunita
718 410 894 441 discesserit.
918 412 968 442 Sic
993 422 1099 442 omnes

200 454 440 491 arbitrabuntur,
462 454 628 494 praesertim
645 463 716 484 cum
738 454 804 484 haec
819 455 944 485 omnino
959 454 1043 484 fama
1057 455 1095 485 de

203 503 377 528 nostrorum
400 497 562 527 hominum
586 496 712 527 avaritia
736 504 765 526 et
790 497 955 537 cupiditate
978 508 1096 538 percre-

200 540 312 578 buerit,
328 549 389 570 non
404 539 490 570 istius
513 540 605 570 solius
620 540 677 570 hoc
693 550 755 569 esse
770 539 898 578 facinus,
922 541 973 570 sed
990 551 1095 571 eorum

201 583 306 620 etiam,
328 583 382 623 qui
403 583 609 623 approbarint.
634 583 731 612 Multi
752 593 847 623 reges,
866 584 973 614 multae
992 584 1096 614 liberae

203 626 348 663 civitates,
364 625 455 655 multi
475 625 586 666 privati
606 625 742 666 opulenti
757 636 792 656 ac
812 632 960 666 potentes,
982 626 1096 657 habent

203 668 336 709 profecto
357 668 389 698 in
405 668 508 698 animo
529 668 717 709 Capitolium
737 668 779 698 sic
798 679 915 706 ornare,
932 676 967 699 ut
989 670 1097 710 templi

203 711 347 752 dignitas,
363 711 544 752 imperiique
559 711 653 741 nostri
669 721 791 749 nomen,
809 711 975 742 desiderat:
1001 713 1055 752 qui
1070 713 1096 743 si

204 754 420 791 intellexerint,
436 754 599 784 interverso
615 754 709 794 regali
724 754 781 784 hoc
796 753 887 791 dono,
903 755 1033 795 graviter
1044 766 1098 786 vos

206 797 322 834 tulisse,
350 802 436 837 grata
458 796 522 827 fore
553 796 639 826 vobis
665 797 840 837 populoque
869 798 1012 828 Romano
1042 809 1097 829 sua

208 839 308 870 studia
333 850 367 869 ac
389 839 469 869 dona
490 839 728 869 arbitrabuntur.
753 840 807 870 Sin
827 840 884 870 hoc
907 851 960 871 vos
975 841 1007 870 in
1027 851 1098 881 rege

206 889 269 913 tam
285 882 391 920 nobili,
408 882 440 912 in
456 892 487 911 re
503 888 567 912 tam
582 882 706 919 eximia,
722 882 755 912 in
770 883 884 922 injuria
898 888 961 913 tam
977 885 1097 922 acerba,

206 925 374 966 neglexisse
399 925 569 961 audierint;
594 934 656 955 non
681 931 770 955 erunt
796 931 860 955 tam
889 933 1035 965 amentes,
1063 934 1099 958 ut

205 979 342 1009 operam,
367 978 483 1005 curam,
510 968 683 1009 pecuniam,
705 968 884 1009 impendant
906 969 939 999 in
965 979 1015 1001 eas
1039 980 1098 1010 res,

206 1022 283 1053 quas
299 1011 383 1041 vobis
398 1017 498 1051 gratas
513 1011 577 1041 fore
592 1021 653 1040 non
669 1011 862 1041 arbitrentur.

250 1054 380 1084 XXXI.
405 1054 474 1084 Hoc
489 1055 566 1091 loco,
580 1054 621 1092 Q.
639 1054 759 1091 Catule,
777 1060 806 1084 te
826 1055 966 1095 appello:
989 1056 1099 1096 loquor

208 1097 290 1128 enim
306 1097 343 1127 de
358 1103 411 1127 tuo
426 1097 591 1127 clarissimo
606 1097 871 1138 pulcherrimoque
886 1098 1074 1129 monimento
1087 1110 1096 1129 :

208 1150 270 1171 non
291 1139 404 1179 judicis
427 1140 526 1170 solum
551 1140 740 1170 severitatem
760 1140 792 1170 in
814 1140 871 1171 hoc
893 1141 1030 1179 crimine,
1047 1141 1099 1172 sed

207 1193 301 1224 prope
315 1183 432 1213 inimici
447 1188 538 1223 atque
549 1183 728 1213 accusatoris
742 1183 817 1221 vim,
834 1184 984 1224 suscipere
997 1184 1099 1215 debes.

208 1226 299 1256 Tuus
315 1231 358 1256 est
373 1225 455 1255 enim
470 1226 589 1256 honos
580 1236 613 1256 in
627 1226 680 1256 illo
699 1227 825 1267 templo,
842 1229 962 1258 senatus
977 1228 1100 1268 populi-

206 1280 267 1310 que
283 1269 418 1299 Romani
433 1269 598 1299 beneficio·
623 1269 669 1299 tui
680 1269 812 1299 nominis
827 1274 938 1300 aeterna
952 1270 1100 1301 memoria

206 1312 299 1342 simul
323 1322 394 1342 eum
418 1312 533 1352 templo
557 1312 610 1342 illo
631 1318 839 1342 consecratur:
864 1313 919 1343 tibi
938 1313 1003 1343 haec
1025 1323 1100 1344 cura

205 1354 407 1395 suscipienda,
424 1354 481 1385 tibi
495 1355 560 1386 haec
574 1365 665 1396 opera
679 1355 828 1386 sumenda
842 1362 897 1393 est,
918 1362 954 1386 ut
974 1356 1099 1405 Capito-

206 1398 295 1446 lium,
323 1397 477 1438 quomodo
502 1398 746 1438 magnificentius
776 1404 821 1428 est
845 1398 1031 1437 restitutum,
1057 1400 1099 1431 sic

207 1440 355 1481 copiosius
380 1447 523 1471 ornatum
549 1441 598 1479 sit,
620 1451 714 1482 quam
737 1441 814 1478 fuit3
837 1447 872 1472 ut
896 1442 949 1472 illa
972 1442 1099 1473 flamma

210 1483 356 1514 divinitus
383 1483 530 1514 exstitisse
555 1484 704 1522 videatur,
721 1494 782 1514 non
798 1495 868 1525 quae
882 1484 994 1515 deleret
1009 1485 1098 1516 Jovis

208 1526 330 1566 Optimi
341 1527 477 1557 Maximi
492 1527 656 1568 templum,
673 1526 725 1558 sed
739 1537 809 1569 quae
822 1527 996 1569 praeclarius
1010 1538 1098 1569 mag-

208 1569 440 1610 nificentiusque
454 1569 635 1610 deposceret.

252 1612 380 1642 Audisti
400 1613 441 1650 Q.
458 1612 636 1643 Minucium
657 1613 778 1644 Rufum
798 1613 907 1652 dicere,
933 1614 1018 1644 domi
1034 1625 1098 1646 suae

210 1655 395 1686 diversatum
421 1666 483 1686 esse
507 1656 700 1687 Antiochum
728 1666 832 1697 regem
857 1657 1035 1697 Syracusis;
1068 1668 1100 1688 se

210 1697 288 1728 illud
302 1698 377 1730 scire
390 1698 430 1729 ad
445 1699 538 1729 istum
554 1709 616 1730 esse
630 1699 767 1731 delatum
779 1709 790 1737 3
813 1710 845 1731 se
859 1699 934 1730 scire
955 1709 1017 1731 non
1031 1699 1099 1731 red-

211 1741 323 1773 ditum.
346 1742 485 1782 Audisti,
508 1749 536 1774 et
551 1742 655 1776 audies
675 1742 759 1776 omni
774 1753 791 1776 e
806 1748 955 1777 conventu
970 1744 1100 1784 Syracu-
