1216 1907
409 292 511 333 PRO
539 293 581 332 P.
613 292 856 341 QUINTIO.

235 427 263 459 1.
287 428 379 468 QUAE
395 440 442 462 res
461 430 493 461 in
514 429 635 461 civitate
655 429 725 460 duae
748 428 918 471 plurimum
944 432 1082 469 possunt,

192 469 241 501 hae
256 478 358 503 contra
370 483 423 503 nos
439 474 537 503 ambae
551 473 689 503 faciunt
681 483 712 502 1n
728 473 785 503 hoc
800 479 945 512 tempore,
964 481 1086 501 summa

192 514 300 554 gratia,
317 522 346 546 et
361 515 552 557 eloquentia;
579 526 709 558 quarum
731 516 868 553 alteram,
891 514 926 544 C.
947 514 1083 554 Aquini,

192 566 305 606 vereor,
322 559 447 588 alteram
463 566 576 589 metuo.
612 558 800 599 Eloquentia
815 558 856 595 Q.
874 556 1031 587 Hortensii
1045 566 1084 587 ne

191 609 242 630 me
257 601 289 631 in
305 601 431 632 dicendo
446 602 604 642 impediat,
626 601 766 631 nonnihil
781 610 990 631 commoveor:
1013 610 1083 640 gra-

191 642 236 672 tia
256 644 327 674 Sex.
354 644 455 675 Naevii
479 655 517 675 ne
539 645 576 675 P.
598 644 727 682 Quintio
746 649 863 681 noceat,
879 642 909 672 id
930 653 1000 673 vero
1020 652 1081 672 non

191 686 383 717 mediocriter
401 688 587 728 pertimesco.
626 687 737 728 Neque
756 687 813 717 hoc
833 691 988 726 tantopere
1008 695 1083 726 que-

190 729 320 759 rendum
336 730 498 769 videretur,
514 730 579 760 haec
601 740 722 760 summa
733 730 763 759 in
780 730 839 760 illis
855 739 927 766 esse,
945 728 969 758 si
984 728 1015 758 in
1027 738 1082 758 no-

189 771 237 802 bis
252 779 349 803 essent
364 774 470 803 saltem
485 773 657 804 mediocria.
681 773 799 803 Verum
814 772 857 802 ita
872 782 902 802 se
917 782 962 801 res
977 771 1081 809 habet,

187 819 225 844 ut
245 825 312 856 ego,
328 816 382 857 qui
396 826 496 857 neque
510 827 567 847 usu
588 816 670 853 satis,
693 821 722 846 et
742 815 863 856 ingenio
882 824 992 855 parum
1012 825 1082 854 pos-

189 867 272 897 sum,
287 869 357 889 cum
373 865 500 899 patrono
515 859 709 890 disertissimo
724 868 899 899 comparer·
890 881 899 894 ,
925 857 961 887 Ρ.
978 857 1080 895 Quina

189 899 262 939 tius,
280 901 329 931 cui
345 907 449 933 tenues
464 912 546 942 opes,
569 902 663 933 nullae
677 902 845 939 facultates,
863 900 981 940 exiguae
1003 900 1080 930 ami-

187 953 293 974 corum
326 945 421 985 copiae
450 951 531 983 sunt,
562 955 634 977 cum
664 945 833 975 adversario
863 942 1079 984 gratiosissimo

187 986 360 1017 contendat.
399 988 528 1028 Illudq
508 998 631 1030 quoque
657 987 744 1017 nobis
770 987 883 1017 accedit
910 986 1079 1016 incommo-

185 1028 275 1066 dum,
293 1030 376 1070 quod
392 1030 439 1059 M.
460 1030 587 1069 Junius,
615 1030 669 1071 qui
690 1029 769 1060 hanc
792 1039 926 1067 causam,
942 1028 1078 1069 Aquini,

185 1071 347 1112 aliquoties
362 1073 443 1114 apud
459 1078 488 1103 te
508 1074 579 1114 egit,
596 1073 688 1103 homo
704 1079 731 1102 et
747 1073 778 1102 in
794 1073 860 1103 aliis
875 1072 971 1102 causis
993 1082 1078 1102 exer-

185 1114 306 1153 citatus,
324 1121 353 1146 et
368 1116 399 1146 in
414 1116 472 1146 hac
486 1117 621 1147 multum
637 1122 667 1146 et
682 1126 761 1156 saepe
776 1121 921 1151 versatuS,
932 1114 988 1144 hoc
1000 1120 1078 1144 tem-

186 1167 261 1197 pore
274 1159 368 1197 abest,
381 1159 459 1189 novit
471 1159 620 1200 legatione
635 1159 819 1199 i1npeditus;
843 1164 871 1188 et
886 1157 924 1188 ad
939 1167 989 1187 me
1005 1167 1078 1187 ven-

187 1206 255 1230 tum
277 1208 330 1238 est,
348 1202 412 1242 qui,
430 1208 464 1232 ut
485 1212 606 1233 summa
629 1201 773 1233 haberem
798 1208 914 1239 caetera,
934 1200 1079 1240 temporis

185 1243 310 1283 quidem
336 1250 414 1274 certe
438 1244 488 1275 vix
513 1245 584 1275 satis
605 1244 711 1282 habui,
735 1250 771 1276 ut
795 1255 859 1274 rem
883 1249 1011 1281 tantam,
1034 1248 1078 1273 tot

184 1287 392 1317 controversiis
418 1287 617 1328 implicatam,
644 1298 763 1328 possem
787 1297 972 1335 cognoscere.
1014 1286 1075 1324 Ita,

186 1329 270 1369 quod
284 1329 361 1360 mihi
376 1331 530 1361 consuevit
544 1331 576 1360 111
593 1330 706 1361 caeteris
721 1330 817 1360 causis
833 1340 895 1360 esse
915 1329 1077 1377 adjumen-

185 1377 228 1409 to,
244 1371 275 1401 id
291 1383 414 1414 quoque
427 1373 458 1402 in
468 1373 524 1403 hac
536 1384 626 1403 causa
637 1373 755 1403 deficit.
781 1383 852 1402 nam
866 1372 960 1413 [quo]
974 1372 1076 1402 minus

183 1414 305 1455 ingenio
327 1425 462 1456 possum,
483 1416 616 1447 subsidio
640 1416 717 1445 mihi
739 1415 928 1456 diligentiam
954 1424 1076 1455 compa·

182 1457 268 1487 ravi:
294 1469 346 1498 quz
338 1470 363 1488 13
378 1466 491 1500 quanta
506 1459 555 1497 sit,
569 1459 627 1489 nisi
638 1465 758 1500 tempus
774 1464 803 1488 et
817 1458 950 1499 spatium
966 1458 1074 1488 datum

182 1500 232 1537 sit,
249 1500 377 1542 intelligi
389 1512 449 1532 non
465 1508 572 1542 potest.

227 1543 307 1581 Quae
323 1555 384 1585 quo
398 1545 487 1585 plura
502 1550 583 1581 sunt,
601 1544 636 1575 C.
653 1543 786 1585 Aquini,
803 1554 837 1574 eo
853 1549 893 1580 te,
905 1549 933 1573 et
948 1543 1004 1573 hos
1018 1542 1072 1584 qui

183 1585 239 1615 tibi
258 1586 290 1615 in
311 1587 434 1617 consilio
454 1588 574 1625 adsunt,
590 1587 707 1617 meliori
732 1593 833 1617 mente
855 1593 956 1616 nostra
982 1588 1073 1617 verba

183 1629 289 1659 audire
304 1630 472 1670 oportebit,
465 1641 472 1649 ·
497 1636 531 1660 ut
549 1630 654 1660 multis
672 1629 871 1660 incommodis
892 1629 999 1659 veritas
1020 1628 1073 1659 de-

182 1671 312 1710 bilitata,
339 1674 462 1704 tandem
485 1674 625 1714 oequitate
641 1673 748 1702 talium
764 1673 897 1703 virorum
914 1677 1072 1702 recreetur.

182 1714 276 1752 Quod
305 1715 330 1746 si
354 1720 388 1746 tu
413 1716 509 1756 judex
535 1716 621 1746 nullo
644 1715 783 1756 praesidio
803 1715 895 1746 fuisse
918 1714 1067 1752 videbere,

178 1763 282 1789 contra
296 1758 359 1790 vini
375 1764 404 1791 et
426 1759 567 1801 gratiam,
586 1758 742 1791 solitudini
764 1764 856 1800 atque
875 1756 1005 1798 inopiae·
1028 1757 1067 1796 si,
