1181 1902
282 28 332 59 IN
357 28 553 60 VERREM
579 28 618 60 V.
643 28 729 59 CAP.
750 29 802 58 22.
921 26 983 61 407

94 114 209 144 rebant.
223 113 256 145 si
265 115 367 146 minus
373 115 521 156 ejusmodi
532 114 691 157 quidpiam
701 114 804 145 venari
813 116 987 154 potuerant3

95 156 148 186 illa
159 156 284 198 quidem
299 163 377 188 certe
387 168 443 199 pro
457 159 620 199 lepusculis
631 158 838 199 capiebantur,
853 155 986 197 patellae,

94 205 217 239 paterae,
233 200 399 231 thuribula.
424 201 487 232 Hic
497 212 572 242 quos
582 201 695 242 putatis
707 201 795 231 fietus
806 199 985 236 mulierum,

95 252 171 282 quas
190 243 420 274 lamentationes
436 244 500 274 fieri
522 244 623 275 solitas
641 254 703 274 esse
725 244 757 274 in
772 242 853 273 hisce
868 243 958 272 rebus
971 241 986 271 ?

95 296 164 326 quae
179 285 304 316 forsitan
327 287 411 317 vobis
431 297 533 327 parvae
548 298 610 317 csse
624 287 805 317 videantur:
831 285 881 316 sed
899 294 988 324 mag·

94 337 170 358 num
194 334 224 358 et
249 330 392 359 acerbum
416 329 550 360 dolorem
575 335 778 365 commovent,
799 327 987 359 mulierculis

92 371 270 411 praeserfim,
284 382 354 402 cum
370 372 541 413 eripiuntur
555 384 572 403 e
586 373 729 403 manibus
745 382 790 409 ea,
814 372 926 413 quibus
947 369 987 400 ad

93 423 140 444 res
154 414 272 444 divinas
288 415 334 445 uti
355 417 550 453 consuerunt,
573 426 643 457 quae
667 426 685 446 a
709 415 770 446 suis
795 418 985 455 acceperunt,

93 467 162 497 quae
177 457 208 487 in
224 458 342 488 familia
357 468 475 499 semper
486 459 620 489 fuerunt.

135 499 250 531 XXII.
276 501 339 532 Hic
351 501 444 532 nolite
456 507 639 542 exspectare,
654 501 729 531 dum
741 511 796 541 ego
804 499 862 530 hoc
871 499 986 530 crimen

90 553 180 583 agam
194 543 343 580 ostiatim;
369 546 407 575 ab
417 545 563 586 AEschylo
574 544 787 586 Tyndaritano
798 543 891 573 istum
901 547 987 583 pate-

92 596 157 615 ram
175 587 344 624 abstulisse,
366 598 384 618 a
400 587 559 618 Thrasone
574 588 648 618 item
663 587 875 628 Tyndaritano
889 585 987 626 patel-

90 628 165 666 lam,
182 639 200 659 a
218 630 442 671 Nymphodoro
454 631 660 672 Agrigentino
675 630 879 660 thuribulum.
904 628 986 658 Cum

90 678 178 702 testes
194 682 231 702 ex
248 672 349 704 Sicilia
364 673 454 710 dabo,
478 684 571 715 quem
591 675 683 712 volet,
705 673 757 704 ille
773 673 875 713 eligat,
892 681 986 712 quem

90 724 146 755 ego
161 715 343 756 interrogem
359 716 396 746 de
410 717 541 757 patellis,
566 717 688 758 pateris,
713 715 899 746 thuribulis:
923 723 986 745 non

85 758 176 788 modo
202 758 350 799 oppidum
377 760 511 797 nullum,
535 760 644 790 domus
674 760 761 790 nulla
783 758 877 800 paulo
898 757 984 788 locu-

88 800 198 841 pletior
213 812 319 842 expers
334 802 427 841 hujus
441 803 562 842 injuriae
576 803 749 844 reperietur.
784 801 850 839 Qui
865 810 936 831 cum
951 800 985 830 in

87 844 262 875 convivium
284 846 424 883 venisset,
447 846 472 876 si
487 846 659 887 quidquam
679 845 777 877 caelati
791 845 983 885 adspexerat,

87 896 215 917 manum
231 888 391 926 abstinere,
412 889 541 928 judices,
566 899 628 919 non
651 894 778 930 poterat.
813 888 872 918 Cn.
890 887 985 917 Pom-

87 930 173 970 peius
189 936 233 961 est
249 931 350 969 Philo,
362 932 415 972 qui
425 931 484 962 fuit
495 932 735 973 Tyndaritanus.
760 932 793 961 Is
804 940 920 961 coenam
932 928 983 959 isti

88 973 180 1003 dabat
190 973 272 1014 apud
285 974 388 1004 villam
399 975 431 1004 in
444 975 665 1016 Tyndaritano.
683 975 779 1011 Fecit,
792 974 875 1015 quod
887 972 984 1004 Siculi

87 1026 149 1046 non
165 1016 326 1047 audebant·
362 1017 432 1055 Ille,
449 1018 521 1048 civis
538 1018 699 1048 Romanus
717 1017 800 1059 quod
824 1022 899 1053 erat,
922 1016 982 1046 im-

86 1059 199 1100 punius
214 1059 245 1089 id
261 1070 292 1090 se
315 1060 467 1091 facturum
488 1061 617 1102 putavit.
651 1060 808 1102 Apposuit
821 1059 982 1101 patellam,

86 1102 118 1133 in
134 1103 196 1143 qua
216 1103 315 1143 sigilla
331 1110 415 1134 erant
431 1104 559 1144 egregia.
596 1105 658 1134 Iste
670 1104 825 1141 continuo,
842 1108 877 1133 ut
893 1101 982 1140 vidit,

86 1155 147 1176 11011
163 1145 313 1176 dubitavit
328 1143 405 1176 illud
417 1147 535 1187 insigne
549 1147 707 1188 penatium
722 1145 983 1187 hospitaliumque

86 1188 224 1219 Deorum
237 1199 273 1219 ex
286 1189 427 1230 hospitali
439 1190 545 1220 mensa
557 1190 678 1220 tollere:
703 1190 754 1220 sed
770 1196 872 1219 tamen
883 1187 982 1229 (quod

86 1237 174 1262 antea
192 1232 229 1262 de
244 1232 331 1262 istius
354 1232 534 1263 abstinentia
553 1232 716 1271 dixeram),
733 1232 840 1273 sigillis
855 1230 980 1270 avulsis,

84 1274 238 1316 reliquum
254 1281 415 1316 argentum
431 1276 495 1306 sine
510 1275 574 1306 ulla
589 1276 716 1306 avaritia
731 1274 871 1306 reddidit.

127 1318 239 1356 Quid?
263 1318 438 1359 Eupolemo
453 1319 620 1357 Calactino,
644 1319 763 1349 homini
783 1317 889 1356 nobili,
913 1316 982 1347 Lu-

84 1361 235 1391 cullorum
250 1361 363 1402 hospiti
379 1372 413 1392 ac
428 1362 637 1402 perfamiliari,
663 1362 717 1403 qui
732 1371 814 1392 nunc
828 1360 912 1402 apud
927 1370 982 1390 ex-

83 1404 210 1434 ercitum
225 1415 295 1434 cum
313 1405 350 1435 L.
368 1405 500 1435 Lucullo
512 1411 567 1442 est,
580 1415 641 1436 non
653 1404 734 1435 idem
750 1404 820 1435 fecit
833 1405 847 1434 :³
870 1403 981 1434 Coena-

82 1448 136 1478 bat
150 1447 232 1488 apud
244 1457 325 1478 eum.
349 1448 525 1489 Argentum
541 1449 586 1479 illi
601 1454 743 1479 caeterum
758 1457 873 1489 purum
885 1456 981 1487 appo-

82 1496 193 1528 suerat,
206 1500 245 1521 ne
259 1501 354 1531 purus
366 1491 430 1532 ipse
445 1491 665 1533 relinqueretur
677 1502 687 1528 3
711 1491 773 1522 duo
787 1490 897 1532 poeula
917 1499 980 1519 non

82 1543 206 1574 magna,
231 1540 441 1564 verumtamen
467 1545 538 1565 cum
562 1535 762 1566 emblematis,
796 1534 870 1572 Hic,
892 1531 982 1574 quasi

81 1575 225 1607 festivum
240 1587 390 1615 acroama,
407 1587 446 1608 ne
460 1578 525 1609 sine
539 1578 696 1609 corollario
711 1578 749 1609 de
763 1576 901 1609 convivio
916 1575 979 1605 dis-

82 1619 209 1658 cederet,
225 1619 351 1658 ibidem,
373 1620 507 1652 convivis
524 1621 774 1663 inspectantibus,
791 1620 980 1652 emblemata

82 1662 239 1694 avellenda
247 1663 372 1695 curavit.
398 1664 509 1706 Neque
521 1675 577 1706 ego
588 1674 671 1696 nunc
681 1664 769 1696 istius
779 1664 860 1696 facta
871 1661 980 1694 omnia
