1181 1902
161 50 224 83 212
349 54 402 85 IN
425 53 622 85 VERREM
647 53 694 85 ΙΙ.
717 54 801 86 CAP.
819 55 871 86 61.

167 140 314 179 Romani,
327 142 418 179 bona,
430 141 578 179 fortunas,
591 146 769 172 ornamenta
779 140 893 179 omnia,
904 141 1039 173 amiserit
1048 142 1064 172 1³

168 184 256 222 cujus
271 190 393 225 propter
407 184 619 225 indignitatem
632 184 751 223 judicii,
768 184 931 225 saepissime
950 191 993 215 est
1014 197 1066 217 ac··

169 231 238 256 tum
254 228 285 257 in
301 234 418 265 senatu,
435 234 469 257 ut
484 237 579 268 genus
595 227 651 258 hoc
667 233 764 258 totum
781 228 949 258 multarum
965 239 999 259 ac
1012 230 1064 268 ju-

171 269 319 300 diciorum
335 270 484 310 ejusmodi
495 271 658 301 tolleretur.
682 271 704 301 J
708 281 757 300 am
773 281 853 308 vero,
870 271 901 301 in
918 271 1004 302 bonis
1020 272 1063 310 Q.

173 312 294 353 Opimii
316 314 490 352 vendendis,
513 324 588 354 quas
609 314 664 344 iste
684 314 811 354 praedas,
834 324 928 355 quam
949 321 1064 355 aperte,

172 366 267 396 quam
283 356 421 398 improbe
436 357 550 395 fecerit,
561 357 688 397 longum
705 363 749 387 est
764 358 870 387 dicere.
896 357 965 388 Hoc
978 358 1062 388 dico:

171 399 231 428 nisi
247 400 330 430 vobis
345 401 377 430 id
392 400 554 430 hominum
569 400 850 431 honestissimorum
871 400 982 431 tabulis
998 402 1065 441 pla-

172 451 250 472 num
274 443 382 482 fecero,
403 443 479 484 fingi
502 454 521 473 a
539 453 589 473 me
610 443 667 473 hoc
689 449 788 474 totum
809 444 952 484 temporis
973 444 1065 475 causti

173 491 320 526 putatote.

215 529 303 567 Jam,
320 529 374 571 qui
389 540 426 560 ex
442 530 612 560 calamitate
633 529 775 560 senatoris
796 530 903 570 populi
919 530 1066 569 Romani,

174 582 246 602 cum
266 579 376 612 praetor
393 573 507 612 judicio
532 574 597 612 ejus
618 573 797 613 praefuisset,
820 573 915 614 spolia
938 573 1066 604 domum

173 625 260 645 suam
277 616 396 654 referre,
414 622 443 646 et
459 616 618 646 manubias
634 616 789 646 detrahere
810 622 934 646 conatus
953 622 1017 653 est3
1041 617 1067 647 is

173 658 270 688 ullam
286 660 324 689 ab
337 669 399 689 sese
414 659 617 689 calamitatem
633 659 742 700 poterit
757 658 935 700 deprecari?

216 701 308 731 LXI.
333 703 417 732 Nam
433 702 470 733 de
482 702 693 732 subsortitione
708 702 761 732 illa
774 701 910 732 Junianii
922 702 1064 741 judicum

174 744 253 774 nihil
268 745 343 774 dico.
368 745 454 783 Quid
470 745 550 775 enim
563 747 576 775 ?
600 751 703 775 contra
718 745 847 782 tabulas,
861 756 936 786 quas
949 752 982 775 tu
998 756 1068 786 pro-

173 787 282 824 tulisti,
305 788 433 818 audeam
448 788 570 818 dicere?
595 788 728 818 Difficile
743 794 795 818 est.
832 789 904 818 Non
921 788 1001 819 enim
1018 799 1068 819 me

174 835 231 860 tua
245 831 355 865 solum,
373 837 402 861 et
414 831 555 880 judicum
571 831 743 867 auctoritas,
761 831 813 861 sed
828 831 919 861 etiam
935 832 1068 862 annulus

174 884 284 903 aureus
299 874 403 904 scribae
417 874 474 912 tui,
491 874 627 904 deterret.
654 875 726 904 Non
739 874 838 904 dicam
848 873 891 912 id,
903 874 984 915 quod
996 885 1068 915 pro-

173 917 245 947 bare
260 916 381 947 difficile
397 922 459 947 est:
484 917 540 947 hoc
553 917 663 954 dicam,
677 917 760 958 quod
774 917 943 956 ostendam,
954 917 1068 948 multos

175 970 214 990 ex
237 965 266 990 te
288 960 366 990 viros
387 960 546 1000 primarios
567 960 698 997 audisse,
720 970 791 990 cum
810 960 932 997 diceres,
955 961 1069 1000 ignosci

174 1003 231 1033 tibi
246 1009 393 1043 oportere,
410 1003 493 1044 quod
507 1003 619 1033 falsum
635 1003 767 1033 codicem
783 1003 963 1044 protuleris:
981 1013 1066 1041 nam,

175 1057 237 1087 qua
252 1046 366 1076 invidia
382 1046 418 1076 C.
435 1046 457 1076 J
460 1056 550 1076 umus
566 1046 775 1086 conflagrarat,
789 1057 834 1084 ea,
847 1046 905 1076 nisi
920 1047 1068 1087 providis-

176 1099 234 1125 ses,
251 1089 307 1119 tibi
321 1089 379 1129 ipsi
395 1095 461 1119 tum
477 1089 667 1130 pereundum
683 1089 784 1119 fuisse.

220 1132 290 1162 Hoc
304 1132 395 1162 modo
410 1132 465 1162 iste
481 1132 538 1162 sibi
554 1137 583 1162 et
592 1132 681 1162 saluti
697 1143 758 1162 suae
768 1132 936 1173 prospicere
951 1131 1067 1171 didicit,

177 1175 334 1206 referendo
349 1175 380 1204 in
397 1175 516 1205 tabulas
526 1180 555 1205 et
563 1175 694 1216 privatas
710 1181 738 1205 et
751 1175 899 1216 publicas,
911 1176 993 1216 quod
1003 1187 1070 1216 ges-

176 1225 244 1249 tum
260 1228 321 1248 non
337 1224 432 1254 esset;
456 1218 601 1256 tollendo,
617 1218 700 1260 quod
716 1225 802 1257 esset,
819 1225 848 1248 et
870 1229 988 1259 semper
1011 1219 1068 1249 ali-

177 1261 253 1303 quid
277 1261 437 1298 demendo,
456 1261 616 1298 mutando,
633 1261 766 1291 curando
781 1271 819 1291 ne
834 1262 926 1291 litura
940 1272 1068 1302 appare-

176 1310 233 1342 ret,
249 1304 468 1345 interpolando.
492 1304 541 1334 Eo
556 1304 637 1334 enim
653 1315 750 1345 usque
764 1304 966 1345 progreditur,
984 1311 1018 1335 ut
1030 1315 1069 1335 ne

176 1347 383 1378 defensionem
398 1347 523 1388 quidem
538 1347 756 1377 maleficiorum
773 1358 909 1385 suorum,
923 1348 987 1378 sine
1002 1348 1069 1378 aliis

175 1390 342 1428 maleficiis,
359 1390 487 1431 reperire
502 1390 603 1431 possit.
627 1390 776 1429 Ejusdem
789 1390 872 1420 modi
882 1391 1069 1421 sortitionem

176 1435 270 1465 homo
281 1433 505 1463 amentissimus
515 1443 639 1463 suorum
650 1444 771 1474 quoque
784 1433 923 1472 judicum
938 1434 1002 1464 fore
1011 1445 1069 1475 pu-

178 1477 254 1510 tavit
268 1486 322 1516 per
337 1476 469 1506 sodalem
485 1486 587 1514 suum,
605 1476 645 1514 Q.
663 1476 818 1514 Curtium,
832 1477 967 1516 judicem
983 1487 1068 1518 quae-

178 1520 303 1553 stionis:
328 1519 377 1549 cui
392 1519 449 1549 nisi
465 1530 531 1559 ego,
548 1520 577 1549 vi
592 1520 710 1560 populi,
722 1526 750 1549 et
761 1520 922 1549 hominum
938 1520 1070 1550 clamore

178 1571 271 1604 atque
294 1562 438 1600 convicio,
464 1562 658 1599 restitissem3
683 1573 720 1592 ex
736 1563 792 1593 hac
812 1562 934 1593 decuria
954 1561 1067 1601 nostrii,

179 1608 267 1646 cujus
277 1605 354 1634 mihi
365 1605 482 1646 copiam
496 1616 589 1645 quam
601 1605 768 1645 largissime
778 1605 888 1636 factam
899 1607 1067 1646 oportebat,

180 1656 281 1691 erepta
296 1654 371 1678 esset
391 1648 517 1678 facultas
535 1647 668 1687 [eorum,
685 1659 761 1689 quos
781 1649 836 1679 iste
856 1655 1014 1685 annuerat,
1036 1649 1069 1679 in

178 1703 270 1726 suum
285 1691 445 1722 consilium
460 1691 524 1722 sine
539 1691 628 1721 causa
643 1691 907 1733 subsortiebatur.]
925 1691 942 1709 '¹'
960 1692 978 1709 '¹‘
996 1691 1014 1708 ¹¹

504 1735 549 1764 M
550 1736 613 1765 ulta
629 1735 745 1765 desunt.
