1181 1902
228 102 292 133 296
420 98 471 129 IN
496 98 692 129 VERREM
717 98 776 130 IV.
801 99 884 130 ΘΑΓ.
902 101 933 130 9.

227 186 369 217 omnibus
384 184 526 215 custodiis
536 184 706 223 subjectum
716 191 863 216 aratorem
875 185 1042 216 decumano
1055 191 1115 216 tra-

226 229 282 266 dit,
300 234 345 267 ut,
362 238 460 268 neque
475 227 506 257 in
522 228 683 267 setretibus,
700 238 798 269 neque
813 228 845 258 in
861 228 947 265 areis,
964 238 1062 268 neque
1083 229 1114 258 in

226 272 351 310 horreis,
368 281 466 311 neque
477 271 508 300 in
520 281 608 300 amov
611 271 698 308 endo,
707 281 805 312 neque
816 271 847 301 in
859 271 1039 319 asportando
1050 271 1116 301 fru-

226 321 377 354 mentm,³
360 324 452 343 urano
467 324 529 344 uno
544 314 636 354 possit
654 320 763 351 arator,
779 314 842 344 sine
862 314 999 344 maxima
1014 324 1116 354 poena,

226 358 367 388 fraudare
382 357 596 387 decumanum.
621 357 738 398 Scripta
755 358 805 387 lex
826 357 868 388 ita
883 357 1041 397 diligenter
1060 363 1115 395 est,

227 407 262 431 ut
283 411 354 430 eum
373 400 523 440 scripsisse
545 406 699 440 appareat,
721 400 775 441 qui
797 400 857 431 alia
879 400 1037 440 vectigalia
1054 410 1115 431 non

226 444 373 479 haberet;
398 444 440 473 ita
461 448 558 479 acute,
581 449 615 472 ut
634 443 795 479 Siculum;
820 443 862 473 ita
883 453 993 479 severe,
1015 449 1050 473 ut
1068 449 1116 483 ty-

227 497 380 522 rannum3
405 486 467 527 quit
492 487 558 526 lege
582 485 691 516 Siculis
711 492 813 516 tamen
839 497 922 516 arare
941 486 1113 526 expediret:

227 540 299 560 nam
316 530 358 560 ita
372 529 531 569 diligenter
546 529 708 559 constituta
722 537 793 559 sunt
805 531 875 569 jura
886 529 1065 565 decumano,
1082 535 1118 559 ut

227 578 329 603 tamen
344 574 382 603 ab
398 572 492 603 invito
513 577 628 602 aratore
648 572 717 613 plus
732 572 860 603 decuma⁴
874 582 934 602 non
954 572 1047 613 possit
1062 583 1117 602 au-

227 615 307 646 ferri.

270 659 352 689 Cum
367 658 432 688 haec
447 664 544 688 essent
558 658 601 688 ita
616 658 787 697 constituta,
798 659 908 689 Verres
918 664 962 688 tot
974 657 1060 688 annis
1072 663 1117 688 at-

226 713 286 743 que
301 702 376 732 adeo
392 701 507 731 saeculis
522 701 662 731 inventus
678 708 732 739 est,
749 701 803 742 qui
818 702 882 732 haec
897 712 958 731 non
979 711 1117 731 commu-

227 750 315 783 taret,
332 744 384 775 sed
399 750 562 780 everteret3
586 754 692 785 eaque·⁷
710 755 778 785 quae
796 745 915 784 jamdiu
934 745 973 774 ad
988 744 1116 774 salutem

227 789 388 825 sociorum,
407 787 631 827 utilitatemque
649 787 833 827 reipublicae,
853 788 1018 828 composita
1035 797 1118 817 com-

226 837 392 872 parataque
404 836 512 867 essent,
526 830 563 859 ad
576 841 644 860 suos
655 830 892 871 improbissimos
902 837 1034 871 quaestus
1047 840 1118 860 con-

227 880 377 909 verteret3
403 873 456 914 qui
475 873 610 913 primum
630 879 724 903 certos
742 874 905 903 instituerit
922 874 1045 903 nomine
1066 873 1117 903 de-

227 927 384 955 cumanos,
406 927 437 946 re
453 915 521 946 vera
536 916 688 946 ministros
704 927 738 946 ac
753 917 894 946 satellites
915 916 1116 957 cupiditatum

226 970 351 990 suarum
365 971 373 989 ε
398 970 452 999 per
464 970 539 1000 quos
548 960 704 990 ostendam
717 960 757 990 sic
769 960 954 1000 provinciam
965 970 1017 1000 per
1027 959 1118 989 trien-

227 1003 314 1032 nium
331 1009 471 1033 vexatam
487 1008 577 1043 atque
590 1009 748 1040 vastatam,
762 1003 890 1041 judices,
904 1009 938 1032 ut
954 1013 1020 1033 eam
1036 1002 1118 1031 mul-

226 1046 263 1076 tis
279 1046 377 1082 annis,
390 1046 561 1076 multorum
573 1046 745 1076 innocentia
756 1046 975 1087 sapientiaque,
986 1055 1117 1076 recreare

227 1099 425 1129 nequeamus.

271 1132 332 1162 IX.
356 1133 475 1162 Eorum
496 1132 646 1170 omnium,
668 1133 722 1173 qui
742 1132 903 1163 decumani
921 1132 1117 1169 vocabantur,

225 1175 366 1216 princeps
389 1181 452 1205 erat
476 1176 517 1213 Q.
543 1176 594 1205 ille
620 1176 789 1216 Apronius,
815 1186 907 1223 quem
931 1174 1056 1205 videtis:
1081 1175 1118 1205 de

225 1219 314 1257 cujus
334 1218 527 1270 improbitate
547 1219 704 1258 singulari,
724 1218 972 1259 gravissimarum
992 1217 1118 1258 legatio—

226 1271 303 1291 num
324 1261 527 1302 querimonia,
550 1262 686 1292 audistis.
710 1261 881 1302 Adspicite,
901 1261 1029 1300 judices,
1051 1261 1118 1291 vul-

226 1310 294 1334 tum
317 1305 451 1334 hominis
476 1310 504 1334 et
524 1305 720 1345 adspectum:
746 1310 786 1344 et,
808 1316 845 1335 ex
869 1305 905 1334 ea
928 1304 1119 1334 contumacia

226 1358 320 1387 quam
335 1348 386 1377 hie
402 1348 432 1377 in
451 1347 575 1388 perditis
591 1349 679 1378 rebus
695 1348 813 1385 retinet,
830 1348 898 1378 illos
914 1349 978 1386 ejus
997 1347 1119 1388 spiritus

226 1390 395 1421 Sicilienses
419 1402 496 1431 quos
515 1390 608 1421 fuisse
631 1391 754 1432 putetis,
779 1391 906 1431 cogitate
929 1401 963 1421 ac
981 1390 1118 1420 recorda-

226 1433 312 1463 mini.
338 1434 399 1464 Hic
425 1440 469 1464 est
492 1434 662 1474 Apronius,
691 1445 783 1475 quem
812 1435 845 1464 in
871 1433 1026 1474 provincia
1055 1433 1119 1464 tota

228 1476 349 1515 Verres,
369 1487 440 1507 cum
462 1477 598 1518 undique
616 1478 816 1518 nequissimos
836 1477 974 1507 homines
993 1476 1119 1516 conqui-

225 1519 322 1557 sisset,
347 1526 376 1550 et
397 1530 468 1550 cum
490 1520 554 1561 ipse
575 1531 677 1551 secum
698 1521 745 1551 sui
764 1521 877 1551 similes
897 1520 1032 1550 duxisset
1057 1529 1118 1549 non

224 1573 334 1602 parum
350 1563 474 1601 multos,
492 1563 637 1604 nequitia,
654 1564 788 1601 luxuria,
806 1563 943 1600 audacia,
960 1563 1007 1593 sui
1022 1562 1118 1592 simil-

225 1605 335 1635 limum
349 1606 506 1645 judicavit.
532 1607 642 1647 Itaque
657 1607 728 1637 istos
743 1607 822 1637 inter
842 1618 873 1637 se
888 1605 1025 1647 perbrevi
1041 1612 1118 1635 tem-

222 1659 306 1688 pore,
327 1658 387 1679 non
409 1660 466 1685 res,
487 1659 547 1679 non
568 1650 656 1687 ratio,
679 1660 741 1680 non
762 1649 984 1680 commendatio
1001 1649 1116 1689 aliqua,

223 1691 275 1721 sed
290 1692 459 1722 studiorum
475 1693 632 1733 turpitudo
648 1693 887 1734 similitudoque,
904 1692 1072 1731 conjunxit.

267 1734 372 1765 Verris
384 1746 482 1766 mores
494 1735 648 1776 improbos
660 1737 857 1777 impurosque
869 1735 971 1766 nbstis.
996 1734 1117 1775 Fingite

220 1777 315 1816 vobis,
333 1777 356 1808 si
372 1779 507 1820 potestis,
524 1779 669 1819 aliquem,
693 1780 759 1820 qui,
776 1779 806 1809 in
823 1779 965 1810 omnibus
987 1778 1050 1809 istis
1068 1788 1114 1808 re-
