1181 1902
305 81 358 123 ΙΝ
382 62 578 114 vmu‘mm
603 81 663 113 1v.
687 81 772 113 cn.
793 82 845 113 43.
957 83 1022 114 329

129 166 471 202 (Sonans-consultura
485 169 522 198 de
537 169 652 198 tributo
662 168 851 209 conferendo.
862 187 908 194 —
921 167 1023 200 Testi-

345 222 414 241 mon
419 213 427 240 ἱ
432 223 449 241 ιι
453 222 484 241 m
500 213 521 241 I
522 212 778 241 muchart-asima.
784 218 794 248 )

175 253 344 291 Ennenses,
352 264 422 284 cum
429 254 792 295 decumaevenissentagri
799 254 950 284 Ennensis
958 264 1023 284 me·-

129 296 272 327 dimnnm
287 297 476 332 MMMCQ
493 297 636 337 Apronio
649 297 744 327 coacti
761 304 833 327 sunt
847 297 919 327 dare
933 297 1023 328 tritici

128 339 267 370 modium
277 339 400 370 XVIII
412 340 520 377 millia,
531 345 562 370 et
575 340 632 370 Hs
646 340 699 370 III
711 340 817 370 11111118.
841 341 966 378 Quaeso,
977 346 1023 370 at-

130 382 256 419 tendite
273 388 406 423 quantus
421 393 567 413 numerus
582 382 730 413 frumenti
734 390 869 431 cogatur
884 394 922 413 ex
939 384 1024 413 omni

129 435 204 466 agro
218 425 406 456 decumano:
431 435 504 456 nam
519 436 572 466 per
587 435 692 456 omnes
716 425 861 463 civitates,
887 437 956 467 quae
971 426 1023 456 de-

128 479 234 499 cumas
259 468 380 506 debent,
406 469 553 509 percurrit
577 468 672 499 oratio
694 478 783 499 mea.
808 475 838 499 et
852 469 884 499 in
898 469 957 500 hoc
970 480 1024 510 ge-

129 520 201 541 nere
224 521 317 549 nunc,
339 511 467 551 judices,
491 522 601 549 versor,
620 512 653 541 in
677 522 739 552 quo
758 522 820 542 non
844 512 1023 552 singillatim

129 560 260 585 aratores
284 555 378 585 eversi
398 555 485 585 bonis
500 555 642 586 omnibus
657 560 740 592 sunt,
764 555 816 585 sed
835 555 956 596 publice
971 555 1023 585 de-

128 597 266 627 cumanis
281 597 365 628 lucra
379 597 450 628 data
465 604 548 636 sunt,
561 604 596 628 ut
602 597 770 638 aliquando
779 609 817 628 ex
828 608 932 628 eorum
944 599 1024 640 agris

128 647 221 681 atque
235 641 374 677 urbibus,
391 641 503 682 expleti
517 648 610 682 atque
625 641 731 680 saturi,
740 651 815 672 cum
825 641 883 671 hoc
898 642 1024 671 cumulo

128 686 264 724 quaestus
277 683 464 715 decederent.

173 726 305 757 XLIII.
341 727 506 758 Calactinis
532 728 732 768 quamobrem
762 726 919 768 imperasti
943 737 1024 758 anno

129 769 229 806 tertio,
246 776 282 799 ut
296 770 439 801 decumas
454 770 519 810 agri
540 771 598 807 sui,
626 781 701 811 quas
714 770 848 801 Calactae
867 770 940 801 dare
953 781 1025 801 con-

127 818 298 850 sueverant,
323 813 492 843 Amestrati
517 813 565 843 M.
592 813 689 844 Caesio
712 814 881 844 decumano
903 814 1022 853 darent,

127 855 214 896 quod
234 866 333 896 neque
353 862 423 887 ante
444 862 474 887 te
483 862 644 897 praeturem
657 857 702 887 illi
718 857 859 893 fecerant,
875 866 975 898 neque
989 863 1022 887 tu

129 898 194 939 ipse
216 898 273 929 hoc
297 899 340 929 ita
363 906 511 930 statueras
526 906 617 930 antea
632 910 686 940 per
704 900 864 930 biennium
876 899 890 928 ?
923 900 1029 931 Theo-

128 947 268 972 mnastus
282 942 530 991 Syracusanusin
546 953 655 983 agrum
672 943 887 992 Mutycensem
903 953 957 973 cur
971 945 1026 973 abs

128 990 159 1015 te
174 985 328 1015 immissus
344 988 414 1016 est?
438 985 492 1026 qui
507 992 637 1016 aratores
651 986 694 1016 ita
708 986 840 1024 vexavit,
862 992 897 1016 ut
920 986 977 1023 1111,
993 986 1026 1016 111

126 1028 237 1058 alteras
253 1027 406 1077 decumas,
423 1029 481 1065 (id,
497 1029 598 1069 quod
590 1039 622 1058 1n
635 1029 702 1060 aliis
718 1039 841 1070 quoque
855 1029 1028 1060 civitatibus

128 1070 299 1109 ostendam)
308 1071 442 1102 triticum
451 1082 551 1103 emere
563 1072 739 1110 necessario,
745 1078 867 1113 propter
876 1072 1024 1114 inopiam,

126 1120 316 1155 cogerentur.

171 1157 248 1188 Jam
264 1168 334 1188 vero
350 1168 387 1188 ex
403 1157 613 1199 Hyblensium
633 1158 824 1199 pactionibus
839 1158 1026 1199 intelligetis,

129 1211 200 1242 quae
214 1207 310 1241 pactae
334 1201 394 1231 sint
417 1212 489 1232 cum
513 1201 682 1232 decumano
705 1201 762 1232 Cn.
788 1202 905 1242 Sergio,
931 1202 1028 1232 sexies

128 1249 262 1281 tantum,
279 1254 373 1284 quam
391 1251 544 1285 quantum
560 1251 660 1275 satum
677 1244 725 1282 sit,
749 1245 886 1275 ablatum
911 1255 974 1275 esse
986 1246 1027 1276 ab

128 1287 307 1317 aratoribus·
332 1288 440 1318 Recita
454 1288 584 1318 sationes
599 1294 628 1318 et
642 1287 796 1329 pactiones
808 1299 846 1319 ex
860 1288 955 1319 literis
969 1299 1028 1330 pu-

128 1330 225 1360 blicis.
250 1330 366 1361 Recita.

129 1374 312 1408 (Pactiones
339 1374 551 1414 Hyblensium
568 1384 637 1404 cum
660 1375 791 1405 Venerio
812 1385 912 1413 servo,
935 1385 974 1405 ex
989 1375 1028 1405 li-

455 1419 530 1447 teris
539 1419 681 1457 publicis.
685 1423 697 1455 )

173 1458 240 1500 Cog
241 1459 354 1490 noscite
365 1459 439 1491 item
449 1460 648 1501 professiones
658 1461 823 1499 sationum,
831 1466 866 1492 et
876 1460 1029 1502 pactiones

131 1470 340 1533 Menegnorum
352 1513 423 1534 cum
434 1504 465 1534 V
467 1503 566 1534 enerio
576 1514 670 1535 servo.
694 1504 803 1535 Recita
812 1515 850 1535 ex
864 1504 959 1535 literis
970 1515 1029 1545 pu-

132 1545 234 1576 blicis.

132 1589 363 1630 (Professiones
389 1591 555 1628 sationum,
583 1594 612 1621 et
631 1591 793 1630 pactiones
819 1591 1031 1621 Menenorum

241 1642 311 1662 cum
334 1634 463 1664 Venerio
480 1643 579 1672 servo,
599 1644 636 1664 ex
651 1635 752 1664 literis
762 1635 922 1674 publicis.)

176 1675 355 1713 Patiemmi‚
370 1676 507 1726 judices,
524 1687 542 1707 a
558 1677 655 1714 sociis,
681 1678 720 1708 ab
742 1677 910 1708 aratoribus
925 1676 1032 1718 populi

139 1718 286 1757 Romani,
302 1719 365 1749 ab
357 1719 394 1749 lis
406 1720 459 1761 qui
473 1719 556 1750 vobis
565 1720 715 1759 laborant,
729 1720 814 1750 vobis
825 1720 969 1755 serviunt,
980 1719 1034 1760 qui

136 1760 180 1792 ita
194 1761 317 1803 plebem
341 1763 517 1794 Romanam
533 1765 571 1794 ab
586 1774 649 1794 sese
663 1763 705 1794 ali
721 1763 839 1799 volunt,
863 1769 899 1795 ut
920 1763 978 1794 sibi
1001 1773 1036 1793 ac

683 1808 703 1836 2
721 1815 741 1837 1-
759 1807 779 1836 3
