1181 1902
196 72 260 102 330
369 70 420 101 IN
444 70 640 102 VERREM
667 69 725 101 IV.
751 70 834 101 Cn.
852 73 903 102 44.

198 156 300 187 liberis
315 157 376 187 suis
391 162 511 187 tantum
527 156 666 198 supersit,
683 167 744 197 quo
758 157 816 198 ipsi
837 157 877 187 ali
891 157 1023 198 possint3
1047 161 1087 191 ab

198 199 257 235 his,
273 210 326 240 per
342 210 495 230 summam
510 200 666 239 injuriam..
689 210 742 240 per
757 200 961 231 acerbissimas
981 208 1087 232 contu-

198 243 315 281 melias,
328 244 398 283 plus
408 243 563 284 aliquanto
573 243 708 273 ablatum
722 254 794 279 esse,
806 254 899 284 quam
909 250 1016 274 natum
1027 245 1080 276 sit
1073 247 1087 268 ⁹

242 285 355 323 Sentio,
364 286 719 325 judices,moderandum
730 286 805 316 mihi
815 297 876 316 esse
885 287 950 325 jam
961 288 1089 318 orationi

197 338 285 365 meze,
301 329 540 369 fugiendamque
555 334 684 359 vestram
700 329 875 359 satietatem.
900 330 973 360 Non
989 340 1088 361 versa-

196 372 252 401 bor
266 372 296 401 in
314 382 375 401 uno
391 382 498 412 genere
513 372 646 407 diutius;
671 377 700 401 et
714 372 756 401 ita
776 378 882 402 caetera
901 372 938 402 de
953 373 1088 404 oratione

197 415 267 444 inea
283 415 400 451 tollam,
418 421 451 445 ut
467 421 568 445 tamen
584 415 615 444 in
631 415 719 444 caus-21
736 415 916 455 relinquam.
943 416 1087 447 Audietis

198 457 484 498 Agrigentinorum,
504 458 735 488 fortissimorum
751 458 897 493 virorum,
921 458 1088 499 diligentis-

199 501 418 541 simorumque,
431 501 650 542 querimonias:
668 501 861 541 cognoscetis,
881 501 1008 540 judices,
1020 502 1087 532 En-

196 544 382 581 tellinortun,
400 544 512 573 summi
528 543 638 573 laboris
650 554 839 584 summaeque
854 544 1020 583 industriae,
1033 545 1087 575 do-

197 587 292 616 lorem
305 593 334 616 et
344 587 490 625 injurias:
510 586 764 622 Heracliensium,
779 587 968 623 (Jelensium,
981 588 1086 618 Solen-

197 629 342 667 tinorum,
360 630 552 660 incommoda
571 630 779 670 proferentur.
805 630 1027 669 Catinensium,
1040 631 1086 661 lo-

196 673 470 713 cupletissimorum
486 672 647 702 hominum
663 673 987 713 amicissimorumque,
999 684 1086 714 agros

196 722 318 746 vexatos
334 716 371 745 ab
384 716 524 756 Apronio
536 716 736 755 cognoscetis:
763 716 791 745 Τ
795 715 1018 756 yndaritanam,
1032 727 1087 747 no-

195 759 375 789 bilissimam
397 759 560 796 civitatem,
587 757 868 798 Cephaleditanam,
891 759 1084 797 Alentinam,

194 802 458 842 Apolloniensem,
476 801 654 841 Engynam,
675 801 860 841 Capitinam,
878 802 1008 841 perditas
1024 813 1086 833 esse

193 845 250 875 hac
265 844 424 885 iniquitate
436 844 633 874 decumarum
649 844 841 884 intelligetis:
868 844 1086 884 Murgentinis,

194 888 361 925 Assorinis,
380 887 525 926 Elorinis,
542 886 747 923 Ennensibus,
768 887 897 924 Letinis,
923 887 999 917 nihil
1019 898 1086 918 om-

194 931 268 961 nino
283 931 421 961 relictum
434 942 442 966 ;
468 930 629 979 Citarinos,
645 929 826 967 Acherinos,
837 940 998 970 parvarum
1015 931 1086 961 civi-

193 980 293 1004 tatum
314 974 464 1011 homines,
490 973 615 1003 omnino
637 973 768 1012 abjectos
792 983 854 1003 esse
877 983 911 1003 ac
933 974 1085 1013 perditos3

192 1027 298 1047 omnes
307 1017 438 1058 denique
448 1027 534 1057 agros
543 1016 725 1046 decumanos
737 1026 790 1056 per
800 1016 962 1046 triennium
972 1017 1087 1057 populo

195 1061 338 1092 Romano
354 1071 391 1090 ex
407 1066 492 1100 parte
506 1058 644 1096 decuma,
662 1059 697 1089 C.
709 1059 798 1089 Verri
811 1069 847 1088 ex
860 1059 944 1088 omni
956 1060 1085 1100 reliquo,

193 1114 213 1134 v
215 1104 354 1144 ectigales
366 1103 477 1138 fuisse;
495 1109 524 1133 et
535 1102 687 1143 plerisque
697 1102 864 1132 aratoribus
873 1102 950 1132 nihil
962 1103 1086 1133 omnino

193 1147 395 1188 superfuisse:
421 1146 445 1176 si
460 1145 509 1176 cui
530 1145 605 1186 quid
627 1151 680 1175 aut
703 1145 862 1180 remissum
878 1151 931 1175 aut
946 1145 1085 1176 relictum

194 1191 243 1228 sit,
260 1190 291 1219 id
307 1190 399 1219 fuisse
414 1195 546 1226 tantum,
563 1194 714 1229 quantum
731 1198 768 1218 ex
780 1198 826 1226 eo,
843 1199 904 1228 quo
919 1188 1004 1218 istius
1014 1199 1085 1219 ava-

192 1233 262 1263 ritia
277 1238 417 1263 contenta
432 1232 502 1269 fuit,
518 1231 703 1262 redundarit.
763 1269 765 1275 Ι

234 1276 360 1306 XLIV.
378 1276 520 1305 Duarum
527 1275 604 1304 mihi
615 1274 770 1305 civitatum
777 1274 908 1315 reliquos
917 1274 974 1304 feci
984 1285 1083 1315 agros,

190 1319 318 1359 judices,
336 1319 397 1349 fere
412 1318 543 1359 optimos
558 1328 592 1348 ae
614 1317 826 1354 nobilissimos,
853 1318 1034 1348 AEtnensem
1055 1324 1086 1349 et

192 1363 390 1392 Leontinum.
430 1361 554 1391 Horum
584 1370 726 1401 agrorum
757 1370 811 1400 ego
837 1361 943 1390 missos
973 1361 1083 1391 faciam

191 1412 325 1446 quaestus
341 1404 481 1435 triennii:
507 1414 605 1434 unum
621 1413 737 1433 annum
753 1403 875 1443 eligam,
890 1414 951 1444 quo
966 1403 1085 1435 facilius

189 1448 233 1486 id,
250 1448 333 1489 quod
348 1447 477 1485 institui,
494 1447 645 1488 explicare
660 1446 781 1487 possim.
816 1447 945 1476 Sumam
966 1457 1082 1477 annum

189 1492 325 1529 tertium,
343 1491 425 1532 quod
441 1497 470 1521 et
485 1490 706 1521 recentissimus
721 1495 775 1527 est,
798 1494 827 1519 et
842 1490 880 1519 ab
895 1489 952 1519 isto
972 1490 1015 1520 ita
1030 1490 1084 1520 ad-

189 1535 388 1571 ministratus,
406 1539 451 1571 ut,
465 1543 535 1564 cum
552 1544 582 1563 se
594 1539 671 1563 certe
683 1532 874 1563 decessurum
884 1532 1008 1570 videret,
1022 1542 1083 1563 non

188 1578 348 1614 laboraret,
366 1577 390 1607 si
406 1582 554 1607 aratorem
569 1576 690 1606 nullum
703 1575 734 1605 in
750 1575 853 1606 Sicilia
868 1576 993 1606 omnino
1008 1581 1083 1606 esset

187 1621 355 1650 relicturus.
390 1620 470 1660 Agri
486 1619 642 1649 AEtnensis
658 1624 687 1649 et
703 1618 845 1648 Leontini
861 1618 1003 1649 decumas
1013 1629 1083 1659 age-

186 1673 265 1693 mus.
283 1662 455 1699 Attendite,
464 1662 592 1701 judices,
601 1662 768 1702 diligenter.
785 1661 865 1702 Agri
872 1667 942 1691 sunt
952 1661 1080 1697 feraces3

187 1717 285 1737 annus
301 1707 425 1741 tertium
451 1706 638 1735 decumanus
653 1705 820 1746 Apronius.
858 1704 909 1735 De
924 1704 1082 1735 AEtnensi-

185 1751 242 1781 bus
254 1760 405 1791 perpauca
419 1748 517 1779 dicam
531 1760 537 1778 :
563 1748 706 1778 dixerunt
723 1748 804 1778 enim
827 1747 895 1788 ipsi,
920 1747 1018 1788 priore
1033 1757 1081 1778 ac-
