1181 1902
209 66 271 94 220
397 61 446 95 IN
472 61 667 95 VERREM
694 63 759 94 111.
783 64 866 95 CAP.
884 63 913 95 6.

210 160 255 180 res
271 150 392 187 habeat,
409 150 492 191 quod
512 150 550 180 ad
571 160 638 180 eam
660 150 812 181 civitatem
833 150 950 187 attinet,
971 150 1097 181 demon-

208 193 360 223 strabitur.
386 193 566 233 Intelligetis
582 193 674 231 enim,
691 194 783 223 nullis
797 193 972 223 hominibus
990 204 1096 233 quem·—

209 246 302 276 quam
320 242 403 266 tanto
419 236 498 275 odio,
515 243 629 277 quanto
649 237 741 266 istum
758 236 962 277 Syracusanis,
980 242 1008 266 et
1024 246 1096 270 esse,

210 285 239 308 et
254 279 354 309 fuisse.

251 321 281 351 V
286 323 310 351 Ι.
328 323 374 352 At
389 323 470 352 enim
482 321 573 352 istum
587 322 641 351 soli
654 321 747 352 Siculi
759 321 997 362 persequuntur!
1020 321 1096 351 cives

213 364 359 401 Romani,
376 366 429 405 qui
445 365 475 394 in
492 364 593 395 Sicilia
608 365 810 404 negotiantur,
832 364 1008 400 defendunt,
1029 364 1096 393 dili-

207 413 295 446 gunt,
321 409 439 437 salvum
464 418 525 438 esse
547 407 694 447 cupiunt!
722 407 875 443 Primum,
901 407 926 436 si
945 407 988 436 ita
1008 414 1093 443 esset,

207 456 309 480 tamen
325 461 376 481 vos
391 450 422 480 in
438 450 494 481 hae
514 450 679 491 quaestione
699 450 736 480 de
756 450 890 490 pecuniis
910 449 1093 489 repetundis,

207 503 277 533 quae
297 494 445 524 sociorum
466 493 556 523 causa
580 493 742 523 constituta
762 498 816 529 est,
838 493 904 532 lege
921 492 1095 532 judicioque

207 536 319 573 sociali,
337 537 483 566 sociorum
501 535 703 576 querimonias
724 535 827 565 audire
842 540 1000 575 oporteret.
1034 535 1094 565 Sed

207 579 374 619 intelligere
386 579 536 619 potuistis,
549 579 647 619 priore
662 578 787 615 actione,
801 579 878 608 cives
891 579 1046 608 Romanos
1057 588 1096 608 ex

208 621 311 651 Sicilia
334 622 492 662 plurimos,
518 621 752 659 honestissimos,
774 621 917 651 maximis
937 621 974 650 de
993 621 1094 658 rebus,

208 670 237 694 et
252 675 327 705 quas
342 665 399 705 ipsi
414 664 594 705 accepissent
614 664 750 703 injurias,
768 670 797 694 et
816 674 891 704 quas
907 663 1015 694 seirent
1030 663 1095 694 aliis

207 717 270 737 esse
285 707 389 744 factas,
403 717 457 748 pro
472 707 643 737 testimonio
659 706 764 737 dicere.
789 706 857 747 Ego
873 707 940 743 hoc,
952 706 1034 747 quod
1048 706 1095 736 in-

207 750 322 790 telligo,
347 750 474 789 judices,
501 750 541 780 sic
565 750 728 780 confirmo:
753 749 855 779 videor
876 749 953 779 mihi
974 754 1096 789 gratum

206 792 310 823 fecisse
326 793 445 830 Siculis,
460 793 542 833 quod
558 803 662 822 eorum
677 792 804 831 injurias
819 802 887 822 meo
907 793 1021 829 labore,
1046 793 1094 822 in-

206 835 350 873 imicitiis,
367 836 510 877 periculo,
531 836 587 865 sim
606 841 788 876 persecutus.
824 836 895 865 Non
915 835 1017 865 minus
1039 835 1096 866 hoc

206 885 328 918 gratum
343 889 393 909 me
409 879 516 909 nostris
531 878 646 909 civibus
666 878 803 918 intelligo
822 878 945 913 fecisse;
970 878 1023 918 qui
1038 878 1094 908 hoc

207 921 393 959 existimant,
419 922 508 961 juris,
532 921 688 959 libertatis,
715 931 816 951 rerum
842 921 1094 962 fortunarumque

206 975 342 1002 suarum,
371 966 500 995 salutem
528 965 560 994 in
587 965 672 994 istius
702 964 896 994 damnatione
925 964 1092 994 consistere.

206 1006 412 1056 Quapropter,
429 1008 466 1037 de
486 1007 572 1038 istius
587 1006 718 1048 praetura
733 1007 880 1037 Siciliensi
895 1017 955 1037 non
977 1017 1090 1044 recuso,

205 1061 280 1091 qum
297 1051 339 1080 ita
359 1061 409 1081 me
431 1051 571 1087 audiatis,
594 1056 639 1089 ut,
662 1051 686 1080 si
707 1050 848 1090 cuiquam
870 1050 971 1098 generi
992 1050 1092 1080 homi-

205 1103 294 1131 num,
322 1094 383 1124 sive
410 1094 593 1131 Siculorum,
622 1094 684 1123 sive
710 1099 880 1123 nostrorum
906 1092 1039 1129 civium;
1068 1093 1093 1123 si

206 1136 350 1177 cuiquam
376 1137 486 1175 ordini,
512 1137 573 1167 sive
599 1142 763 1173 aratorum,
787 1136 848 1166 sive
869 1135 1091 1176 pecuariorum,

205 1179 268 1209 sive
286 1186 499 1217 mercatorum,
520 1181 664 1220 probatus
688 1179 745 1214 sit:
769 1178 793 1208 si
813 1189 874 1208 non
896 1178 1005 1208 horum
1028 1189 1094 1209 om-

205 1222 293 1252 nium
308 1222 478 1253 communis
493 1223 587 1253 hostis
601 1222 764 1263 praedoque
779 1221 889 1257 fuerim
915 1222 938 1251 si
949 1221 1092 1262 cuiquam

204 1265 334 1306 denique
358 1266 422 1295 ulla
449 1266 480 1295 in
507 1276 538 1295 re
562 1275 699 1306 unquam
725 1264 956 1305 temperaverit3
980 1271 1014 1294 ut
1039 1275 1091 1295 vos

204 1318 326 1351 quoque
342 1309 368 1338 ei
385 1309 563 1349 temperetis.

247 1351 322 1388 Qui,
339 1352 431 1381 simul
446 1357 536 1392 atque
552 1351 578 1381 ei
594 1358 671 1382 sorte
679 1351 832 1392 provincia
845 1351 947 1381 Sicilia
957 1350 1090 1389 obvenit,

202 1394 304 1423 statim
321 1395 444 1442 Romaeq·
458 1400 487 1424 et
507 1394 545 1424 ad
560 1394 688 1430 Uibem,
712 1400 874 1442 antequam
894 1393 1092 1434 proficiscere-

203 1442 263 1473 tur7
281 1448 414 1477 quaerere
437 1437 500 1477 ipse
515 1447 627 1475 secum,
644 1443 673 1467 et
693 1437 806 1477 agitare
829 1447 898 1467 cum
915 1436 975 1466 suis
991 1436 1089 1477 coepit,

205 1479 389 1519 quibusnam
406 1481 494 1510 rebus
510 1480 540 1509 in
557 1480 592 1510 ea
606 1480 760 1520 provincia
778 1480 945 1509 maximam
962 1489 1023 1509 uno
1038 1489 1091 1509 an-

202 1532 242 1551 no
257 1523 417 1562 pecuniam
433 1523 529 1553 facere
544 1529 651 1562 posset.
679 1523 811 1552 Nolebat
832 1523 863 1551 in
890 1522 1006 1561 agendo
1030 1522 1090 1551 dis-

203 1575 267 1595 cere
283 1566 414 1598 (tametsi
440 1575 498 1595 non
524 1566 684 1606 provincia»
699 1565 781 1595 rudis
797 1571 859 1595 erat
878 1571 907 1595 et
922 1565 1012 1601 tir0);
1038 1565 1088 1594 sed

202 1608 232 1637 in
246 1608 379 1638 Siciliam
395 1614 517 1649 paratus
533 1609 571 1638 ad
591 1609 725 1649 praedam
745 1608 966 1648 meditatusque
988 1607 1088 1637 venire

202 1651 350 1691 cupiebat.

244 1693 274 1723 Ο
285 1694 425 1734 praeclare
439 1694 608 1733 conjectum
624 1705 641 1724 a
656 1694 748 1734 vulgo
763 1694 793 1723 in
806 1693 889 1723 illam
902 1692 1087 1734 provinciam

200 1746 287 1767 omen
312 1737 481 1767 communis
504 1737 593 1767 famae
620 1743 710 1777 atque
737 1737 904 1768 sermonis!
939 1746 1020 1771 cum,
1049 1745 1087 1766 ex
