1181 1902
279 78 331 109 IN
355 75 551 110 VERREM
576 75 616 106 V.
641 73 725 105 CM».
748 75 778 104 4.
915 75 977 106 389

89 164 233 195 admones
247 174 255 193 ι
281 164 474 205 Polycletum
490 173 553 193 esse
567 161 717 192 dicebant.
751 160 929 191 Messanam
945 167 980 192 ut

90 207 218 248 quisque
237 209 372 237 nostrum
388 212 520 244 venerat,
537 206 600 235 haec
616 205 709 234 visere
724 203 856 234 solebat:
881 204 980 234 omni-

83 250 234 280 bus-hsce
258 250 297 279 ad
321 249 479 280 visendum
506 249 650 289 patebant
678 246 831 287 quotidie:
870 247 979 277 domus

89 298 152 323 erat
167 303 226 323 non
243 292 366 322 domino
381 292 478 332 magis
493 296 681 326 ornamentO,
698 300 790 330 quam
807 290 928 320 civitati.

133 335 168 365 C.
186 335 344 373 Claudius,
361 335 446 373 cujus
459 334 632 364 aedih'tatem
648 332 977 372 magnificentissimam

89 378 200 408 scimus
222 378 323 415 fuisse,
349 388 420 407 usus
446 385 489 406 est
510 376 567 406 hoc
586 375 737 415 Cupidine
758 375 886 412 tamdiu,
903 376 978 406 duni

89 421 191 451 forum
208 421 276 451 Diis
291 419 513 451 immortalibus
529 418 703 459 populoque
716 419 858 448 Romano
871 419 979 449 habuit

90 470 251 494 ornatum:
286 470 326 500 et,
349 473 419 493 cum
444 468 518 492 esset
534 462 641 501 hospes
658 460 821 498 Heiorum,
840 461 978 492 Mamer-

88 507 144 536 tini
160 513 260 537 autem
277 506 383 547 populi
398 511 553 546 patronus,
571 510 605 533 ut
620 503 679 533 inis
695 503 833 543 benignis
848 515 920 534 usus
936 511 979 535 est

86 549 125 579 ad
141 549 408 586 commodandum,
426 548 467 578 sic
482 548 545 588 ipse
560 547 688 587 diligens
703 546 762 576 fuit
773 546 811 576 ad
824 554 978 587 reportan-

89 592 174 622 dum.
209 593 318 633 Nuper
333 592 471 622 homines
483 590 598 620 nobiles
614 589 774 628 ejusmodi,
789 590 916 628 judiceS,
938 594 980 623 (et

89 635 164 676 quid
178 635 245 666 dico
260 637 381 676 nuper?
405 635 500 664 immo
521 643 590 663 vero
607 632 708 668 modo,
725 643 759 662 ac
774 633 863 673 plane
884 634 976 673 paulo

88 684 171 715 ante)
196 679 338 715 vidimus,
362 678 416 718 qui
436 677 537 707 forum
558 687 592 706 ac
616 675 764 713 basilicas,
786 685 847 706 non
874 677 977 716 spoliis

88 722 325 761 provinciarum,
342 721 393 751 sed
408 720 592 751 ornamentis
607 719 787 756 amicorum,
810 719 977 749 commodis

86 764 253 804 hospitum,
279 774 339 794 non
360 764 449 794 furtis
470 763 654 799 nocentium,
670 769 828 792 ornarent:
854 762 907 803 qui
932 768 977 792 ta-

87 817 157 837 men
183 808 268 848 signa
290 814 381 848 atque
401 812 578 836 ornamenta
595 816 650 836 sua
664 805 773 845 cuique
788 805 974 842 reddebant3

87 859 148 879 non
173 851 273 880 ablata
297 861 334 880 ex
358 850 484 880 urbibus
508 849 668 885 sociorum,
693 848 847 888 quatridui
873 849 975 887 causa,

86 903 140 933 per
160 893 384 923 simulationem
405 892 566 929 aedilitatis,
589 891 715 921 domum
740 891 859 928 deinde,
885 898 977 932 atque

86 935 124 966 ad
149 947 218 967 suas
242 937 339 974 villas,
365 936 549 966 auferebant.
574 935 651 964 Haec
675 934 788 971 omnia,
814 945 883 975 quae
898 935 975 971 dixi,

87 979 182 1019 signa,
197 980 324 1019 judices,
341 980 379 1009 ab
401 979 482 1009 Heio
498 978 536 1008 de
556 977 683 1008 sacrario
699 977 808 1008 Verres
829 978 973 1008 abstulit:

85 1022 218 1060 nullum,
235 1023 373 1063 inquam,
390 1022 501 1052 horum
517 1020 650 1061 reliquit,
663 1030 762 1061 neque
777 1020 861 1050 aliud
876 1021 976 1050 ullum

85 1071 198 1103 tamen,
215 1072 322 1106 praeter
338 1075 435 1095 unum
451 1070 590 1105 pervetus
605 1063 753 1103 ligneum,
766 1064 887 1093 Bonam
902 1064 977 1093 For-

85 1114 212 1139 tunam:
237 1114 271 1138 ut
286 1109 403 1149 opinor,
421 1118 487 1138 eam
503 1108 558 1138 iste
572 1107 683 1137 habere
697 1106 780 1136 domi
793 1117 854 1136 suae
866 1107 973 1137 noluit.

127 1151 185 1182 IV.
212 1152 272 1182 Pro
282 1151 385 1181 Deum
395 1151 617 1190 hominumque
628 1149 719 1180 fidem
731 1149 736 1180 !
755 1149 830 1190 quid
840 1150 896 1180 hoc
907 1156 950 1180 est
962 1152 975 1180 :³

83 1205 152 1235 quae
168 1200 211 1225 est
225 1195 289 1225 haec
304 1205 393 1225 causa
405 1196 418 1225 Ρ
442 1205 511 1234 quae
526 1194 590 1223 haec
604 1192 795 1233 impudentia
806 1193 871 1222 est?
895 1193 976 1230 Quae

83 1238 150 1268 dico
162 1237 258 1278 signa,
271 1244 436 1278 antequam
452 1238 504 1267 abs
520 1242 549 1267 te
565 1237 684 1266 sublata
699 1241 780 1271 sunt,
799 1236 975 1266 Messanam

83 1291 154 1311 cum
170 1281 297 1321 imperio
311 1291 401 1311 nemo
416 1281 509 1317 venit,
523 1280 598 1320 quin
610 1278 726 1310 viderit.
749 1278 812 1308 Tot
821 1285 973 1319 praetores,

84 1329 128 1354 tot
147 1325 283 1354 consules
306 1324 338 1353 in
360 1323 474 1359 Sicilia,
491 1329 559 1352 tum
583 1323 614 1352 in
635 1332 720 1363 pace,
742 1328 810 1351 tum
838 1322 928 1351 etiam
945 1322 976 1352 in

85 1367 176 1405 bello,
193 1367 336 1402 fuerunt3
361 1373 405 1397 tot
419 1366 556 1397 homines
572 1366 719 1405 cujusque
730 1364 825 1402 modi,
843 1367 916 1398 (non
928 1365 974 1395 lo-

85 1420 162 1450 quor
181 1409 218 1440 de
233 1410 367 1450 integris,
384 1409 605 1446 innocentibus,
622 1408 780 1448 religiosis)
796 1414 841 1438 tot
860 1408 974 1450 cupidi,

85 1458 130 1483 tot
152 1452 294 1493 improbi,
320 1459 364 1483 tot
388 1452 535 1487 audaces;
563 1461 695 1492 quorum
719 1461 808 1481 nemo
831 1450 888 1481 sibi
912 1457 976 1481 tam

84 1496 256 1532 vehemens,
273 1502 336 1526 tani
357 1501 474 1536 potens,
491 1501 554 1525 tam
570 1494 679 1525 nobilis
699 1494 780 1524 visus
795 1499 850 1531 est,
867 1494 921 1534 qui
936 1505 975 1524 ex

82 1538 136 1568 illo
148 1539 274 1569 sacrario
290 1539 459 1580 quidquam
474 1548 606 1579 poscere,
622 1543 676 1567 aut
690 1537 805 1572 tollere,
819 1542 872 1566 aut
883 1536 975 1566 attin-

83 1591 153 1621 gere
178 1581 309 1612 auderet.
343 1582 465 1618 Verres,
487 1581 569 1622 quod
591 1581 706 1621 ubique
732 1581 788 1610 erit
808 1579 976 1620 pulcherri-

84 1634 183 1661 mum,
197 1624 335 1655 auferet?
360 1625 450 1655 Nihil
464 1624 574 1654 habere
585 1630 729 1665 praeterea
744 1623 888 1663 cuiquam
903 1623 975 1653 lice-

84 1667 150 1697 bit?
174 1666 236 1698 Tot
260 1667 369 1698 domus
394 1667 644 1708 locupletissimas
670 1666 780 1696 domus
803 1666 889 1695 istius
913 1675 976 1695 una

83 1710 180 1750 capiet
190 1712 204 1741 ‚⁹
228 1710 344 1741 Idcirco
360 1721 449 1741 nemo
465 1710 654 1751 superiorum
668 1709 780 1749 attigit,
797 1714 832 1739 ut
846 1709 902 1739 iste
917 1708 975 1738 tol-

84 1753 158 1784 leret
171 1755 185 1783 ?
210 1753 283 1784 Ideo
299 1754 334 1785 C.
348 1753 496 1785 Claudius
508 1753 644 1785 Pulcher
659 1752 774 1791 retulit,
791 1757 825 1783 ut
841 1752 876 1783 C.
894 1751 973 1783 Ver-

667 1797 687 1826 2
700 1804 720 1826 L
737 1796 757 1825 3
