1181 1902
170 184 261 216 PRO
284 183 450 216 ROSCIO
473 183 708 214 AMERINO.
733 184 816 215 CAP.
833 185 885 216 38.
931 185 968 221 71

84 281 189 301 omnes
205 281 254 301 eos
266 270 361 301 colere
371 276 462 311 atque
477 271 633 300 observare
648 270 839 308 destiterunt,
852 282 886 302 ac
898 282 928 302 se
943 272 975 303 in

85 314 276 355 Chrysogoni
298 314 390 344 fidem
416 321 445 343 et
468 313 639 344 clientelam
663 315 864 345 contulerunt.
899 315 977 346 Haec

84 368 207 398 possum
224 357 327 387 omnia
342 367 409 387 vere
429 356 545 386 dicere:
571 356 633 393 sed,
655 357 685 386 in
707 357 763 387 hac
782 356 882 395 causii,
904 369 976 389 con-

80 399 196 440 jecturfi⁴
211 400 288 430 nihil
304 410 379 440 opus
401 407 453 430 est.
490 399 576 440 Ipsos
597 406 677 430 certo
700 400 759 430 scio
775 410 835 431 non
852 411 973 442 negare,

85 444 124 474 ad
139 443 203 474 haec
224 445 303 474 bona
324 443 558 483 Chrysogonum
579 443 733 473 accessisse
754 443 889 484 impulsu
910 455 975 476 suo.

86 487 119 517 Si
134 496 217 524 eum,
235 487 289 527 qui
304 486 407 516 indicii
421 492 538 526 partem
549 486 705 526 acceperit,
722 487 815 516 oculis
828 488 973 524 cernetis3

84 530 257 570 poteritisne
272 529 421 565 dubitare,
435 529 562 568 judices,
576 529 629 569 qui
640 529 780 559 indicarit
791 532 805 560 ?
827 530 893 567 Qui
905 537 976 562 sunt

84 572 178 612 igitur
193 573 224 602 in
240 572 303 602 istis
319 572 416 609 bonis,
433 572 544 612 quibus
559 578 676 612 partem
693 572 908 613 Chrysogonus
923 574 976 604 de-

86 615 163 646 derit
177 618 190 646 ?
214 615 275 645 duo
292 616 403 645 Roscii.
429 616 459 645 N
464 625 516 644 um
530 615 670 655 quisnam
686 616 849 656 praeterea?
873 617 976 647 Nemo

85 664 139 695 est,
151 659 276 698 judices.
302 659 390 688 Num
402 668 473 699 ergo
488 657 617 688 dubium
628 664 682 694 est,
693 658 768 699 quin
780 659 801 688 ii
811 660 976 690 obtulerint

82 701 161 732 hanc
176 702 311 742 praedam
327 701 535 743 Chrysogono,
558 702 611 742 qui
626 703 664 732 ab
681 712 714 731 eo
730 708 847 743 partem
862 703 974 744 praedae

84 745 245 776 tulerunt?

126 788 198 828 Age
220 797 312 826 nunc,
330 798 367 818 ex
387 788 481 829 ipsius
502 787 693 829 Chrysogoni
713 788 827 827 judicio
849 788 976 820 Roscio-

85 841 155 861 rum
179 832 294 862 factum
321 831 552 862 consideremus.
588 831 620 861 Si
643 831 719 861 nihil
741 832 773 861 in
795 831 852 862 ista
872 843 976 873 pugna

85 874 199 911 Roscii,
227 874 309 916 quod
334 885 432 915 operae
452 874 583 915 pretium
605 880 690 911 esset,
715 873 858 913 fecerant,
881 886 976 916 quam

84 919 123 948 ob
139 928 261 948 causam
277 928 295 947 a
310 917 507 958 Chrysogono
519 918 609 948 tantis
619 918 751 958 praemiis
761 918 976 950 donabantur?

85 961 119 991 Si
138 961 215 991 nihil
236 960 320 991 aliud
340 961 487 999 fecerunt,
508 961 566 991 nisi
586 971 650 990 rem
671 961 855 999 detulerunt,
877 972 979 993 nonne

86 1004 156 1034 satis
171 1004 241 1041 fuit,
257 1004 304 1034 his
322 1004 433 1044 gratias
453 1004 524 1044 agi?
547 1004 689 1044 denique,
706 1010 741 1034 ut
760 1005 978 1045 perliberaliter

85 1053 235 1087 ageretur,
258 1047 380 1077 honon's
400 1047 516 1088 aliquid
539 1047 669 1077 haberi?
702 1047 766 1077 Cur
786 1048 843 1078 tria
863 1048 978 1089 praedia

86 1096 179 1120 tantae
203 1090 340 1132 pecuniae
365 1090 468 1120 statim
492 1090 634 1131 Capitoni
659 1090 795 1121 dantur?
819 1102 883 1128 cur,
907 1102 977 1132 quae

86 1133 204 1174 reliqua
228 1139 308 1171 sunt,
334 1133 389 1163 iste
415 1133 543 1163 Roscius
564 1133 667 1163 omnia
687 1144 758 1163 cum
779 1134 978 1183 Chrysogono

86 1177 289 1207 communiter
314 1176 507 1217 possidet?l
495 1177 608 1206 Nonne
633 1176 827 1217 perspicuum
851 1183 904 1213 est,
927 1178 979 1216 ju-

86 1219 177 1258 dices,
194 1220 248 1250 has
262 1220 423 1250 manubias
436 1219 553 1250 Rosciis
565 1219 811 1260 Chrysogonum,
828 1230 860 1250 re
874 1221 978 1261 cogni-

86 1261 128 1300 ta,
145 1264 346 1294 concessisse?

131 1306 333 1337 XXXVIII.
351 1306 464 1337 Venit
456 1316 487 1336 m
499 1305 737 1347 Decem-primis
746 1306 881 1347 legatus'
872 1316 904 1336 111
916 1317 979 1337 cas-

86 1355 133 1380 tra
156 1349 274 1391 Capito.
307 1349 421 1379 Totam
442 1348 549 1387 vitam,
569 1356 723 1387 naturam,
744 1360 903 1390 moresque
923 1350 978 1380 ho-

88 1393 191 1431 minis,
209 1403 246 1423 ex
261 1392 326 1434 ipsi)⁴
340 1392 490 1433 legatione
505 1393 682 1433 cognoscite.
715 1393 785 1423 Nisi
796 1392 980 1423 intellexeri-

88 1436 138 1473 tis,
164 1436 291 1476 judices,
312 1436 435 1466 nullum
454 1446 516 1466 esse
536 1436 681 1473 officium,
703 1437 826 1466 nullum
844 1437 895 1475 jus
915 1442 980 1466 tam

87 1485 227 1509 sanctum
243 1485 334 1521 atque
348 1480 515 1519 integrum,
528 1479 611 1520 quod
626 1489 687 1509 non
700 1480 764 1519 ejus
778 1479 873 1509 scelus
888 1485 980 1520 atque

88 1522 216 1563 perfidia
231 1522 348 1553 violarit
363 1528 392 1553 et
403 1522 592 1552 imminuerit
605 1533 614 1558 ς
639 1522 739 1553 virum
755 1522 906 1563 optimum
919 1533 982 1553 esse

89 1575 161 1596 eum
174 1566 349 1605 judicatote.
380 1566 605 1606 Impedimento
621 1572 675 1603 est,
693 1576 754 1607 quo
769 1566 871 1596 minus
883 1566 920 1596 de
935 1565 983 1595 his

89 1610 180 1639 rebus
195 1610 282 1640 Sulla
297 1609 457 1640 doceatur:
482 1615 658 1639 caeterorum
673 1609 843 1650 legatorum
860 1608 985 1639 consilia

92 1657 122 1682 et
137 1652 324 1683 voluntatem
341 1652 539 1693 Chrysogono
555 1653 693 1683 enuntiat
707 1665 715 1683 :
740 1658 855 1689 monet,
868 1658 901 1682 ut
914 1662 985 1693 pro-

91 1694 203 1732 videat,
220 1705 258 1726 ne
273 1696 375 1737 palam
391 1706 437 1726 res
457 1702 584 1736 agatur:
609 1696 750 1732 ostendit,
773 1696 797 1725 si
813 1696 932 1725 sublata
947 1694 986 1725 sit

93 1738 226 1769 venditio
241 1741 404 1777 bonorum,
416 1739 506 1768 illum
522 1739 682 1780 pecuniam
695 1739 842 1780 grandem
858 1738 987 1769 amissu-

91 1791 174 1820 rum,
190 1792 252 1813 sese
264 1782 369 1823 capitis
384 1782 554 1823 periculum
567 1782 722 1812 aditurum
734 1794 741 1812 :
759 1783 848 1812 illum
861 1791 984 1815 acuerez

92 1823 158 1862 hos,
175 1825 229 1866 qui
244 1825 337 1856 simul
353 1831 437 1855 erant
452 1825 548 1862 missi,
565 1825 668 1856 fallere
683 1837 690 1856 ε
715 1826 805 1855 11111111
821 1824 987 1855 identidem

93 1876 226 1902 monere,
259 1875 293 1900 ut
319 1874 456 1902 caveret:
489 1869 570 1900 hisce
596 1868 738 1900 insidiose
764 1878 849 1902 spem
880 1867 988 1899 falsam
