1181 1902
0 0 1181 89 &fi

198 151 241 181 98
290 149 382 182 PRO
405 149 570 183 ROSCIO
592 150 812 183 COMOEDO.
836 150 921 182 CAP.
941 151 989 182 11.

198 241 232 267 tu
255 247 293 267 ex
308 236 378 268 arca
392 237 574 278 proferebas,
601 237 659 269 HS
688 246 839 269 eceman
862 247 900 268 ex
924 235 1086 277 disciplina

197 285 228 310 et
241 281 367 310 artificio
388 281 516 312 Roscius
537 283 705 322 promebat.
739 281 845 319 Quam
866 280 947 311 enim
968 289 1033 310 rem
1056 286 1087 310 et

197 323 464 364 exspectationem,
490 324 574 365 quod
596 325 744 361 studium,
769 331 799 355 et
820 334 913 364 quem
934 323 1084 361 favorem,

199 376 303 396 secum
326 367 359 396 in
383 377 503 397 scenam
527 368 630 398 attulit
657 368 843 408 Panurgus?
867 366 961 404 Quod
984 365 1088 396 Roscii

199 409 259 438 fuit
281 409 458 450 discipulus,
481 411 535 451 qui
555 411 722 450 diligebant
742 411 835 447 hunc,
856 409 901 439 illi
923 409 1088 444 favebant3

199 453 253 492 qui
274 453 502 483 admirabantur
521 454 614 491 hunc,
635 454 724 483 illum
744 454 935 494 probabant;
959 451 1013 493 qui
1035 451 1088 481 de-

197 495 291 535 niqne
316 496 410 536 hujus
434 506 545 526 nomen
569 497 738 534 audierant,
765 496 855 526 illum
879 495 1033 526 eruditum
1058 499 1090 524 et

197 539 367 578 perfectum
383 539 607 569 existimabant.
632 539 681 570 Sic
697 545 741 569 est
755 539 885 579 vulgus:
911 549 949 568 ex
964 537 1090 568 veritate

197 592 305 621 pauca,
323 593 359 612 ex
375 583 516 622 opinione
530 583 641 618 multa,
658 582 796 613 aestimat.
821 581 906 619 Quid
921 581 1008 611 sciret
1022 580 1087 617 ille,

198 625 341 665 perpauci
371 625 671 656 animadvertebant:
707 625 761 655 ubi
790 624 952 661 didicisset,
982 633 1090 654 omnes

198 669 384 707 quaerebant.
408 669 497 699 Nihil
513 670 551 699 ab
567 669 623 699 hoc
638 679 769 709 pravum
785 675 814 698 et
828 677 1003 708 perversum
1018 676 1089 707 pro-

198 710 269 741 duci
295 722 381 751 posse
410 712 644 742 arbitrabantur.
676 711 710 741 Si
736 711 849 742 veniret
879 712 917 740 ab
945 709 1087 745 Statium

198 754 318 784 tametsi
333 754 458 784 artificio
475 755 622 785 Roscium
645 760 809 795 superaret,
831 753 983 794 adspicere
997 762 1089 782 nemo

197 803 317 836 posset:
343 807 433 828 nemo
448 798 542 835 enirn,
559 797 636 828 sicut
651 808 689 828 ex
704 798 843 838 improbo
858 803 942 837 patre
956 796 1089 836 probum

196 839 296 869 filium
304 840 397 877 nasci,
405 840 446 871 sic
453 851 490 870 ex
501 841 631 881 pessimo
640 841 784 871 histrione
790 842 906 870 bonum
917 838 1089 869 comoedum

197 882 273 920 fieri,
291 893 377 923 posse
389 884 584 914 existimaret.
608 884 692 922 Quia
708 883 846 914 veniebat
855 894 871 914 a
885 882 1007 922 Roscio,
1020 882 1091 923 plus

198 925 292 956 etiam
308 926 392 964 scire,
409 937 503 967 quam
519 927 642 964 sciebat,
659 926 827 957 videbatur.
1154 949 1155 964 ¹

241 969 303 999 XI.
328 968 421 1007 Quod
431 970 504 1000 item
515 980 612 1010 nuper
621 970 653 1000 in
666 970 759 1000 Erote
771 968 905 999 comoedo
917 978 975 999 usu
987 967 1089 1003 venit3
1179 967 1181 1001 ι’

197 1011 263 1052 qui,
277 1018 478 1060 posteaquam
494 1023 509 1043 e
525 1013 625 1050 scena,
639 1023 699 1043 non
712 1012 804 1042 modo
816 1012 922 1049 sibilis,
934 1011 985 1042 sed
996 1011 1089 1041 etiam

198 1054 333 1085 convicio
356 1056 698 1096 ex1)lodebatur;sicut
720 1056 751 1085 in
777 1066 873 1093 aram,
897 1054 1035 1095 confugit
1056 1053 1090 1084 in

197 1097 291 1137 hujus
318 1098 459 1136 domum,
484 1099 690 1140 disciplinam,
721 1098 937 1139 patrocinium,
968 1106 1091 1127 nomen.

200 1141 311 1182 Itaque
326 1142 464 1181 perbrevi
484 1148 630 1183 tempore,
653 1142 706 1183 qui
722 1152 759 1172 ne
779 1142 812 1171 in
832 1140 1004 1171 novissimis
1021 1140 1091 1181 qui-

198 1183 268 1213 dem
285 1190 348 1214 erat
363 1185 570 1221 histrionibus,
587 1185 626 1215 ad.
641 1185 754 1226 primos
774 1195 847 1225 perv
849 1184 911 1214 enit
930 1183 1091 1214 comoedos

200 1227 282 1264 Quae
306 1238 352 1257 res
376 1228 486 1258 extulit
511 1230 607 1259 eum?
632 1229 704 1258 Una
728 1227 951 1258 commendatio
974 1227 1090 1266 hujus3

199 1270 253 1310 qui
275 1276 377 1300 tamen
397 1271 577 1311 Panurgum
601 1271 701 1309 illum,
724 1281 784 1301 non
810 1271 909 1301 solum
933 1275 968 1300 ut
989 1269 1092 1299 Roscii

195 1312 363 1353 discipulus
378 1313 470 1345 fuisse
485 1314 644 1352 diceretur,
661 1314 789 1344 domum
801 1313 922 1354 recepit,
935 1312 987 1343 sed
998 1313 1090 1343 etiam

198 1365 321 1385 summo
337 1366 407 1386 cum
427 1356 541 1395 labore,
567 1357 733 1394 stomacho,
758 1356 952 1397 miseriaque,
971 1355 1092 1386 erudiit.

197 1398 295 1436 Nam,
312 1410 373 1439 quo
389 1399 518 1440 quisque
533 1406 577 1430 est
599 1400 747 1430 sollertior
768 1406 797 1430 et
817 1399 1013 1440 ingeniosior,
1034 1398 1092 1429 hoc

197 1441 285 1471 docet
300 1442 475 1473 iracundius
491 1448 520 1473 et
535 1443 722 1473 laboriosius.
755 1443 849 1481 Quod
870 1442 952 1472 enim
966 1442 1031 1482 ipse
1045 1452 1094 1472 ce-

197 1484 299 1515 leriter
314 1485 454 1525 arripuit,
471 1486 502 1515 id
518 1496 588 1516 cum
609 1486 692 1516 tarde
712 1486 826 1527 percipi
842 1485 934 1523 videt,
950 1485 1094 1515 discruci-

197 1533 276 1558 atnr.
313 1528 412 1558 Paulo
427 1529 548 1569 longius
564 1529 658 1559 oratio
674 1539 743 1560 mea
762 1534 904 1570 provecta
925 1534 969 1559 est
984 1528 1040 1558 hac
1055 1528 1093 1558 de

196 1571 299 1609 eausa,
317 1577 352 1602 ut
367 1571 572 1603 conditionem
593 1573 741 1603 societatis
760 1572 921 1614 diligenter
935 1581 1095 1612 cognosce-

197 1614 277 1644 totis.

236 1656 317 1694 Quae
332 1657 442 1690 deinde
462 1664 534 1689 sunt
548 1661 735 1690 consecuta?
760 1659 955 1699 Panurgum,
973 1656 1089 1699 inquit,

191 1698 285 1737 hunc,
303 1711 423 1732 servum
439 1713 646 1741 communem,
664 1703 705 1740 Q.
718 1700 1090 1752 Flaviust'larquiniensis

194 1743 321 1782 quidam
344 1744 502 1776 interfecit.
528 1747 566 1776 In
582 1746 661 1776 hane
675 1757 751 1783 rem,
763 1746 875 1786 inquit,
892 1755 942 1774 me
958 1744 1095 1797 cognito:

195 1795 259 1815 nm
283 1786 413 1818 dedisti:
440 1789 494 1819 lite
516 1790 692 1827 contestata,
717 1789 833 1829 judicio
856 1787 962 1818 damni
982 1786 1097 1826 injuria

191 1829 367 1871 constituto,
384 1836 431 1873 tu,
445 1832 508 1865 sine
519 1843 580 1876 me,
597 1843 668 1865 cuni
684 1833 709 1864 1
711 1833 792 1866 lavio
805 1831 952 1864 decidisti.
975 1831 1093 1864 Utrum
