1181 1902
236 73 287 103 IN
311 73 507 105 VERREM
532 73 598 106 ΙΙΙ.
622 73 706 105 ΟΑΡ.
724 76 754 104 5.
875 74 938 105 219

45 157 133 195 culis,
149 157 174 188 si
189 157 358 190 decressent
368 160 543 201 legationes,
556 171 626 201 quae
638 166 742 190 contra
753 159 847 190 istum
859 159 939 190 ‹lice-

46 207 131 231 rent:
156 201 277 240 minari,
295 203 319 233 si
334 203 388 243 qui
403 211 500 234 essent
522 203 667 244 profecti:
693 203 770 252 aliis,
788 203 812 233 51
833 203 939 233 lauda-

46 250 125 280 rent,
142 245 356 285 benignissime
376 247 571 286 promittere:
596 246 788 287 gravissimos
809 246 940 287 privata-

50 296 120 316 rum
137 297 237 317 rerum
253 295 352 325 testes,
369 289 481 329 quibus
496 299 550 319 nos
565 289 764 330 praesentibus
780 289 941 319 denuntia-

48 328 160 365 vimus,
173 341 222 361 eos
238 331 267 361 vi
283 332 486 373 custodiisque
501 333 638 362 retinere.

92 372 132 403 V.
157 373 238 411 Quae
253 384 323 404 cum
335 375 438 405 onmia
448 375 526 405 facta
537 375 609 413 sint,
623 381 725 405 tamen
737 385 832 405 unam
845 375 941 406 solam

49 415 153 446 scitote
169 427 231 447 esse
246 417 398 448 civitatem
419 418 652 455 Mamertinam,
675 429 744 458 quae
764 418 885 458 publice
900 419 943 448 le-

48 465 146 498 gatos,
164 460 217 499 qui
232 460 325 490 istum
340 461 512 510 laudarent,
529 461 653 491 miserit.
686 460 765 499 Ejus
780 468 883 491 autem
899 462 942 491 le-

47 502 178 542 gationis
188 503 367 544 principem,
381 504 508 534 civitatis
518 504 752 541 nobilissimum,
765 504 800 534 C.
813 504 942 542 Heium,

43 545 181 583 juratum
197 545 294 576 dicere
309 547 447 585 audistis,
464 547 512 577 isti
525 557 633 577 navem
649 547 818 577 onerariam
839 547 940 577 maxi-

51 597 136 617 mam
153 588 305 619 Messanae
325 600 398 627 esse,
414 590 536 631 publice
557 590 665 621 coactis
685 589 794 631 operis,
815 590 944 621 aedifica-

49 635 133 661 tam:
159 631 302 673 idemque
321 633 578 664 Mamertinorum
593 634 722 674 legatus,
739 633 825 663 istius
836 632 943 663 lauda-

50 679 108 711 tor,
126 684 186 704 non
202 675 301 706 solum
316 676 410 706 istum
430 678 510 707 bona
531 687 596 714 sua,
613 686 719 707 verum
740 676 831 706 etiam
848 687 942 715 sacra,

50 715 195 766 Deosque
217 725 351 759 penates,
375 730 394 749 a
414 720 581 759 majoribus
603 719 738 757 traditos,
765 729 802 749 ex
827 719 943 750 aedibus

51 760 113 790 suis
129 761 271 801 eripuisse
286 762 373 792 dixit.
408 763 557 793 Praeclara
571 762 717 799 laudatio,
734 772 805 792 cum
825 762 944 793 duabus

50 802 84 832 in
107 805 197 834 rebus
217 805 387 846 legatorum
409 816 471 836 una
493 816 584 847 opera
603 805 802 839 consumitur..
823 805 856 835 in
877 806 945 836 lau-

52 845 153 877 dando
173 854 264 888 atque
284 849 455 889 repetendo.
487 850 594 890 Atque
615 859 650 879 ea
672 849 738 889 ipsa
756 848 859 879 civitas
883 849 946 890 qua

51 889 168 920 ratione
182 891 228 920 1111
243 892 340 922 amica
361 892 409 930 sit,
432 892 548 923 dicetur
569 898 648 922 certo
669 891 743 922 loco.
777 892 946 932 Reperietis

51 932 146 971 enim,
163 944 232 974 quae
247 945 344 965 causae
359 935 576 966 benevolentiae
592 935 652 965 sint
664 934 858 965 Mamertinis
874 945 945 975 erga

50 975 157 1013 istum,
174 987 222 1007 eas
238 977 317 1018 ipsas
332 988 436 1009 causas
451 979 521 1009 satis
539 979 636 1017 justas
653 988 714 1008 esse
730 978 944 1008 damnationis.

51 1018 127 1049 Alia
142 1019 245 1050 civitas
261 1021 357 1059 nulla,
371 1021 499 1070 judices,
516 1021 639 1062 publico
654 1021 778 1051 consilio
793 1021 908 1051 laudat.

97 1063 153 1092 Vis
173 1063 227 1093 ina
246 1065 360 1094 summi
380 1065 500 1105 imperii
520 1071 640 1094 tantum
661 1064 761 1105 potuit
781 1063 863 1112 apud
878 1074 947 1105 per-

52 1115 164 1146 paucos
179 1106 328 1156 homines,
345 1117 406 1138 non
422 1108 566 1144 civitates,
584 1114 618 1137 ut
639 1114 692 1137 aut
712 1106 769 1137 lev
753 1107 857 1137 issimi
878 1107 947 1148 qui-

50 1148 125 1179 dam
146 1159 184 1179 ex
206 1149 382 1181 miserrimis
402 1150 669 1191 desertissimisque
691 1150 810 1191 oppidis
830 1150 947 1180 inveni-

52 1198 169 1229 rentur,
186 1193 251 1234 qui,
267 1193 384 1232 injussu
400 1194 507 1235 populi
527 1204 562 1224 ac
577 1196 707 1230 senatus,
724 1193 947 1234 proficisceren-

53 1241 125 1271 tur;
149 1242 202 1266 aut
216 1236 249 1273 ii,
266 1237 319 1278 qui
335 1244 437 1267 contra
455 1237 548 1267 istum
569 1237 662 1277 legati
680 1236 790 1267 decreti
805 1242 901 1275 erant,
918 1242 948 1267 et

54 1278 262 1309 testimonium
279 1280 437 1320 publicum
453 1291 488 1311 ac
508 1280 652 1310 mandata
666 1286 852 1320 acceperant,
869 1279 899 1310 vi
913 1290 948 1310 ac

55 1328 140 1351 metu
162 1322 370 1353 retinerentur.
403 1323 496 1361 Quod
515 1334 569 1364 ego
590 1323 620 1352 in
642 1323 746 1363 paucis
766 1328 868 1352 tamen
889 1333 946 1352 usu

56 1365 171 1395 venisse
186 1375 248 1396 non
264 1366 389 1396 moleste
404 1366 478 1404 fero,
495 1377 556 1407 quo
576 1366 712 1407 reliquae,
735 1371 779 1396 tot
794 1372 824 1396 et
841 1366 946 1403 tantae,

57 1414 86 1438 et
101 1413 165 1438 tam
180 1419 285 1449 graves
300 1409 445 1446 civitates,
463 1416 525 1440 tota
536 1409 667 1450 denique
683 1409 784 1439 Sicilia
795 1409 865 1450 plus
877 1419 948 1439 auc-

55 1451 184 1482 toritatis
208 1452 291 1492 apud
315 1463 367 1482 vos
389 1453 524 1490 haberet,
549 1462 620 1483 cum
644 1452 794 1489 videretis,
813 1451 899 1481 nulla
919 1452 950 1483 vi

57 1494 189 1531 retineri,
206 1495 292 1525 nullo
306 1496 441 1536 periculo
456 1495 609 1537 prohiberi
625 1495 768 1536 potuisse,
785 1495 950 1536 quominus

59 1538 277 1578 experirentur,
300 1539 407 1579 ecquid
427 1539 510 1579 apud
529 1549 580 1569 vos
605 1538 802 1579 querimoniae
818 1539 952 1568 valerent

59 1581 340 1621 antiquissimorum
353 1581 658 1622 fidelissimorumque
669 1581 827 1612 sociorum.
852 1581 948 1619 Nam,

59 1625 143 1665 quod
164 1624 288 1654 fortasse
308 1634 369 1654 non
390 1635 481 1655 nemo
504 1627 635 1655 vestrum
657 1624 796 1662 audierit,
816 1624 911 1654 istum
933 1634 951 1654 a

59 1667 256 1707 Syracusanis
271 1668 391 1708 publice
411 1668 552 1704 laudari;
576 1667 619 1704 id,
636 1667 767 1705 tametsi,
783 1667 882 1708 priore
902 1677 951 1697 ac-

60 1710 153 1748 tione,
170 1721 208 1741 ex
225 1710 360 1742 Heraclii
375 1711 556 1752 Syracusani
575 1711 758 1748 testimonio,
780 1709 951 1749 cujusmodi

59 1758 147 1792 esset,
163 1753 365 1794 cognovistis3
390 1761 492 1785 tamen
508 1754 594 1785 vobis
615 1754 675 1785 alio
695 1754 773 1790 loco,
797 1759 832 1784 ut
847 1764 877 1784 se
893 1759 954 1784 tota
