1181 1902
127 99 170 134 96
236 100 327 133 PRO
350 99 516 133 ROSCIO
540 100 761 134 COMOEDO.
784 100 868 133 CAP.
884 103 915 134 9.

127 194 159 218 et
173 187 273 229 potuit
288 193 317 219 et
332 187 447 226 debuit,
468 187 492 218 si
507 193 604 228 potest
621 186 770 229 Dionysia
787 187 844 218 HS
863 195 1014 219 0001000

129 240 282 262 0001000
298 238 426 269 merere)
438 231 474 268 is,
487 241 541 271 per
561 241 715 261 summam
727 230 877 268 fraudem,
901 236 931 261 et
949 241 1017 261 ma-

125 274 238 311 iitiam,
250 280 278 304 et
283 273 458 322 perfidiam,
475 274 504 303 H
510 275 529 305 b
548 283 628 304 1000
646 273 793 315 appetiit?
831 273 874 303 Et
890 273 944 303 illa
958 273 1018 304 suit

128 317 258 357 pecunia
281 317 436 354 immanis,
459 317 522 347 haec
546 317 694 357 parvula;
718 317 770 347 illa
794 316 930 353 honesta,
951 316 1017 346 haec

129 360 271 395 sordida;
296 360 349 390 illa
357 360 504 398 jucunda,
516 360 546 389 h
548 370 580 389 ec
596 362 721 395 acerba;
746 360 799 389 issa
809 359 940 399 propria,
951 359 1018 389 haee

128 402 160 432 in
188 413 277 433 causa
301 409 330 433 et
351 403 383 432 in
401 403 514 442 judicio
535 403 687 432 collocata.
723 402 839 432 Decem
861 401 908 431 his
931 401 1019 432 annis

130 446 277 486 proximis
294 446 349 476 Hs
366 446 499 486 sexagies
515 446 723 476 honestissime
739 444 882 485 consequi
897 444 996 485 potuit
1006 455 1016 474 z

129 489 238 518 noluit.
272 489 422 519 Laborem
439 491 570 529 quaeststs
586 489 715 528 recepitg
741 495 893 528 quaestum
908 487 1019 517 laboris

130 532 240 570 rejecit.
265 532 384 572 Populo
400 533 541 561 Romano
557 531 655 561 adhuc
677 531 786 561 servire
806 541 866 560 non
883 530 1016 567 destitit;

129 574 188 604 sibi
214 575 321 605 servire
344 574 527 614 jampridem
552 573 674 603 destitit.
710 574 780 603 Hoc
807 579 840 603 tu
868 583 1017 613 unquam,

131 617 242 655 Fanni,
263 617 395 647 faceres?
418 623 457 655 et,
482 617 506 646 si
530 617 585 646 hos
603 623 735 657 quiestus
756 616 887 656 recipere
906 626 1018 656 posses,

130 670 192 690 non
215 660 319 690 eodem
339 666 473 700 tempore
493 665 522 689 et
544 665 662 699 gestum
685 666 714 689 et
735 659 869 689 animam
889 668 991 699 ageres
1004 660 1019 689 ?

130 703 190 734 Dic
212 713 293 733 nunc
315 709 345 733 te
374 704 411 733 ab
434 702 544 733 Roscio
570 703 624 733 Hs
655 712 736 733 1000
759 701 1021 742 circumscriptum

130 756 203 782 esse,
221 746 274 787 qui
291 752 388 776 tantas
404 752 433 775 et
449 751 512 775 tam
528 745 660 775 infinitas
676 745 831 786 pecunias,
852 754 913 774 non
929 754 1022 785 prop-

128 794 174 819 ter
188 789 328 819 inertiam
349 789 471 823 laboris,
488 788 540 818 sed
561 794 682 828 propter
702 787 961 827 magnificentiam
983 787 1022 817 li-

129 832 306 869 beralitatis,
314 831 487 873 repudiarit.
512 831 597 869 Quid
608 842 662 871 ego
675 841 755 861 nune
765 831 818 860 illa
827 830 938 867 dicam,
952 840 1022 870 quae

129 875 213 905 vobis
228 875 259 905 in
275 881 409 905 mentem
425 875 524 905 venire
545 880 624 904 certo
645 874 705 904 scio
715 874 729 902 ἶ)
754 873 929 904 Fraudabat
944 878 973 903 te
988 873 1022 903 in

130 918 270 948 societate
286 918 424 948 Roscius.
449 918 528 947 Sunt
541 918 622 956 jura,
636 922 707 947 sunt
718 917 859 946 formulae
869 916 906 946 de
921 916 1022 946 omni-

129 962 187 991 bus
202 962 290 991 rebus
300 960 482 998 constitutae,
496 970 534 990 ne
546 960 625 1000 quis,
643 966 696 990 aut
716 960 748 989 in
765 969 873 1000 genere
889 959 1021 997 injuriae,

129 1010 183 1033 aut
209 1004 323 1034 ratione
349 1003 484 1039 aetionis,
509 1013 605 1033 errare
628 1003 730 1043 possit.
766 1003 928 1042 Expressae
951 1007 1023 1032 sunt

129 1047 212 1076 enim
228 1057 265 1077 ex
286 1047 524 1086 uniuscujusque
544 1045 667 1083 damno,
684 1046 797 1082 dolore,
814 1044 1021 1081 incommodo,

129 1090 310 1126 calamitate,
327 1090 450 1128 injuria,
467 1089 598 1130 publicae
619 1099 637 1119 a
657 1095 785 1130 praetore
805 1088 959 1126 formulae‚
982 1087 1022 1118 ad

129 1143 206 1173 quas
220 1133 338 1173 privata
351 1133 388 1162 lis
404 1131 656 1163 accommodetur.

176 1176 234 1206 IX.
259 1176 339 1213 Quae
355 1186 424 1206 cum
440 1175 482 1205 ita
503 1175 573 1211 sint,
590 1185 643 1205 cur
658 1185 718 1205 non
733 1174 882 1205 arbitrum
898 1184 952 1215 pro
972 1184 1021 1204 so-

130 1218 176 1249 cio
200 1218 334 1259 adegeris
360 1218 401 1256 Q.
428 1218 585 1254 Roscium,
612 1228 724 1258 quaero.
757 1217 937 1247 Formulam
958 1227 1020 1247 non

131 1263 220 1291 miras
231 1262 245 1290 ,⁹
270 1261 438 1292 Notissima
453 1266 524 1291 erat.
557 1261 579 1291 J
582 1261 681 1291 udicio
696 1260 781 1301 gravi
792 1260 920 1300 experiri
936 1260 1022 1290 nole-

131 1305 205 1335 bas?
223 1304 309 1342 Quid
324 1304 385 1334 ita?
410 1305 536 1344 Propter
551 1303 788 1334 familiaritatem
800 1302 951 1333 veterem?
967 1313 1022 1334 cur

131 1357 203 1387 ergo
217 1347 326 1378 laedis?
352 1348 479 1387 Propter
499 1347 702 1387 integritatem
717 1345 870 1376 hominis?
894 1356 948 1376 cur
962 1345 1022 1386 igi-

132 1395 182 1420 tur
210 1390 369 1420 insimulas
383 1392 396 1421 ?
430 1390 557 1430 Propter
586 1389 830 1430 magnitudinem
860 1388 1018 1419 criminis?

134 1433 222 1463 Itane
241 1435 338 1463 vero?
362 1443 455 1473 quem
476 1443 530 1473 per
550 1432 699 1462 arbitrum
719 1432 936 1462 circumvenire
957 1441 1020 1462 non

130 1486 242 1516 posseS‚
259 1477 345 1515 cujus
361 1476 398 1506 de
414 1474 447 1506 ea
462 1486 494 1506 re
508 1475 666 1516 proprium
682 1481 745 1505 erat
757 1474 920 1514 judicium,
936 1474 1020 1506 hunc

131 1529 184 1558 per
196 1518 330 1557 judicem
345 1518 570 1555 condemnabis,
587 1519 674 1557 cujus
689 1518 727 1548 de
742 1517 776 1548 efi
791 1529 823 1548 re
838 1518 959 1548 nullum
975 1523 1020 1548 est

130 1561 289 1591 arbitrium
302 1563 315 1592 ‚⁹
340 1562 426 1599 Quin
442 1568 475 1592 tu
491 1562 547 1591 hoc
563 1561 676 1592 crimen
692 1567 746 1591 aut
761 1561 868 1600 objice,
882 1560 934 1591 ubi
950 1560 1020 1591 licet

131 1613 238 1643 agere;
268 1610 321 1634 aut
342 1605 439 1644 jacere
464 1604 538 1641 noli,
565 1604 618 1634 ubi
643 1614 703 1634 non
727 1610 844 1645 oportet
857 1615 866 1634 ε
899 1603 1020 1634 tametsi

126 1647 194 1686 jam
210 1647 266 1677 hoc
281 1653 334 1677 tuo
350 1647 520 1678 testimonio
535 1647 649 1677 crimen
665 1647 821 1677 sublatum
836 1652 889 1677 est.
921 1646 1020 1685 Nam,

131 1700 193 1730 quo
209 1695 241 1720 tu
258 1696 392 1731 tempore
406 1690 457 1720 illfi
473 1689 605 1721 ἴοι-11111111
624 1690 670 1720 uti
691 1690 826 1726 noluisti,
842 1689 918 1720 nihil
937 1689 1022 1719 hunc

132 1732 164 1762 in
179 1732 348 1763 societatem
364 1733 479 1764 fraudis
494 1733 596 1764 fecisse
610 1733 775 1764 ostendisti.
808 1733 893 1763 Fecit
906 1731 1021 1774 pactio-

133 1785 213 1806 nem.
237 1776 326 1808 Num
346 1777 465 1809 tabulas
485 1777 589 1817 habet,
610 1787 650 1808 an
671 1776 755 1809 non?
779 1776 812 1810 si
837 1786 897 1809 non
916 1775 1023 1814 habet,-

1121 0 1153 75 Π
