1181 1902
233 78 297 108 426
420 77 473 108 IN
497 76 695 109 VERREM
719 76 760 107 V.
785 75 869 107 CAP.
887 76 938 106 42.

228 164 301 193 toris
316 164 411 194 nostri
426 164 560 201 nomine,
576 174 637 195 non
652 162 803 193 dubitavit
823 161 949 192 auferre.
972 161 1031 192 Est
1050 172 1116 193 rna.

224 206 355 245 jestatis,
376 207 458 247 quod
474 207 594 248 imperii
612 206 706 237 nostri
723 205 825 245 gloriae
835 215 998 245 rerumque
1018 212 1116 245 gesta-

226 259 297 278 rum
313 250 503 280 monimenta
519 256 650 280 evertere
669 255 760 289 atque
780 254 930 288 asportare
946 258 1036 277 ausus
1058 254 1110 279 est.

227 290 286 321 Est
301 293 429 330 sceleris,
449 293 531 333 quod
553 293 710 332 religiones
732 291 882 321 maximas
902 290 1032 320 violavit.
1057 291 1115 321 Est

227 334 425 373 crudelitatis,
453 335 535 376 quod
558 336 590 365 in
613 334 768 365 hominem
789 334 991 369 innocentem,
1015 333 1046 363 in
1068 344 1115 364 so-

226 377 309 407 cium
335 384 472 408 nostrum
493 385 583 419 atque
606 378 750 415 amicum,
775 387 889 407 novum
909 386 944 406 ac
963 375 1115 416 singulare

227 420 402 460 supplicii
384 431 478 451 oenus
493 421 681 462 excogitavit.

271 463 355 492 Illud
380 474 449 493 vero
473 465 547 505 quid
571 465 619 501 sit,
639 465 704 503 jam
725 473 785 493 non
809 472 888 503 queo
909 462 1028 497 dicere;
1053 474 1114 503 quo

227 505 351 536 nomine
370 507 532 547 appellem,
555 507 664 543 nescio,
682 506 763 547 quod
783 507 814 536 in
838 506 873 534 (1¹.
891 505 1034 535 Marcelli
1054 512 1114 536 sta-

227 549 290 578 tua.
322 549 408 586 Quid
434 556 477 580 est
500 550 581 580 hoc?
608 550 797 579 Patronusne
821 547 903 588 quod
929 548 1015 577 erat?
1039 549 1114 589 quid

227 591 318 621 tum?
341 602 402 632 quo
423 592 454 622 id
478 595 618 633 spectat?
643 598 746 622 utrum
772 603 806 622 ea
830 601 875 621 res
899 591 937 620 ad
956 601 1056 631 opem,
1075 602 1114 622 an

226 634 265 664 ad
295 635 497 665 calamitatem
522 636 677 666 clientium
701 640 791 675 atque
820 633 988 674 hospitum,
1015 635 1113 665 valere

225 676 378 707 debebat?
401 678 455 707 An
476 684 510 707 ut
530 679 587 708 hoc
610 678 790 714 ostenderes,
810 684 913 707 contra
931 677 993 706 vim
1016 682 1112 715 tuam,

225 719 256 748 in
272 720 405 760 patronis
420 721 551 760 praesulii
563 721 638 750 nihil
654 721 737 750 esse?
760 720 839 757 Quis
855 720 911 750 hoc
926 729 986 749 non
1001 720 1113 750 intelli-

225 770 318 810 geret,
343 763 374 792 in
399 763 529 803 improbi
555 764 709 803 praesentis
733 763 859 803 imperio
882 763 1027 801 majorem
1050 773 1112 793 esse

225 805 300 842 vim,
324 816 417 845 quam
438 806 469 835 in
492 807 640 836 bonorum
659 806 829 836 absentium
845 805 1028 845 patrocinio
1021 807 1034 827 '³
1057 806 1112 836 An

224 858 295 877 vero
310 859 347 877 ex
363 849 419 878 hoc
434 849 487 878 illa
503 855 555 878 tua
571 849 730 889 singularis
745 848 788 888 sig,
778 848 929 878 nificatur
944 848 1112 885 insolentia,

225 891 377 930 superbia,
403 874 635 922 contumacia?n
645 892 811 921 Detrahere
834 890 971 921 videlicet
997 891 1114 931 aliquid

225 938 255 962 te
267 933 304 963 de
319 934 520 974 amplitudine
532 935 749 964 Marcellorum
762 934 885 974 putasti.
911 934 926 964 Ι
930 940 1020 973 taque
1032 943 1113 964 nunc

225 976 399 1006 Siculorum
426 977 567 1007 Marcelli
593 987 653 1007 non
680 983 751 1008 sunt
776 977 916 1017 patroni:
947 977 1057 1007 Verres
1080 977 1112 1007 in

225 1028 330 1049 eorum
346 1020 447 1050 locum
463 1020 642 1050 substitutus
657 1026 710 1051 est.

269 1063 374 1099 Quam
389 1063 421 1092 in
445 1069 474 1093 te
489 1069 606 1093 tantam
622 1063 764 1093 virtutem
781 1073 843 1093 esse
863 1068 916 1092 aut
931 1062 1110 1101 dignitatem

223 1105 385 1135 arbitratus
406 1116 447 1143 es,
469 1112 504 1136 ut
523 1116 661 1136 conarere
676 1106 845 1136 clientelam
866 1111 928 1135 tam
949 1105 1109 1143 illustrem,

224 1153 288 1178 tam
304 1148 468 1188 splendidae
482 1149 655 1189 provinciae,
671 1149 862 1179 transducere
877 1149 915 1178 ad
931 1154 970 1185 te,
993 1148 1110 1179 auferre

223 1200 242 1220 a
268 1191 438 1221 certissimis
467 1191 745 1233 antiquissimisque
770 1192 931 1232 patronis?
960 1190 1024 1228 Tu,
1052 1191 1110 1222 ista

223 1233 363 1271 stultitia,
387 1235 535 1275 nequitia,
551 1235 670 1272 inertia,
692 1245 751 1264 non
771 1235 862 1265 modo
879 1234 970 1264 totius
990 1234 1110 1271 Siciliae,

223 1276 274 1306 sed
290 1276 381 1306 unius
402 1277 570 1307 tenuissimi
590 1278 695 1315 Siculi,
713 1278 882 1308 clientelam
902 1277 979 1307 tueri
998 1283 1082 1317 potes
1094 1279 1108 1308 Ρ

223 1318 298 1348 Tibi
313 1319 454 1350 Marcelli
473 1325 571 1350 statua
590 1331 645 1361 pro
665 1321 801 1361 patibulo
825 1321 856 1350 in
879 1320 1001 1350 clientes
1021 1320 1109 1349 Mar-

222 1362 365 1391 cellorum
383 1363 468 1393 fuit?
492 1368 525 1392 tu
541 1374 578 1393 ex
596 1364 678 1393 illius
698 1364 810 1394 honore
825 1363 856 1393 in
878 1374 926 1393 eos
949 1363 1039 1403 ipsos,
1056 1363 1110 1403 qui

221 1404 368 1435 honorem
388 1405 433 1436 illi
457 1406 636 1442 habuerant,
653 1407 800 1447 supplicia
821 1407 998 1446 quaerebas?
1023 1406 1109 1443 Quid

222 1453 325 1487 postea
339 1450 352 1478 ἓ
376 1448 462 1485 Quid
478 1449 600 1479 tandem
621 1449 680 1479 tuis
696 1449 801 1479 statuis
821 1450 883 1479 fore
898 1448 1080 1479 arbitrabare
1093 1451 1108 1479 Ρ

221 1500 261 1519 an
277 1500 346 1520 vero
361 1490 404 1528 id,
417 1491 500 1532 quod
511 1491 639 1522 accidit?
663 1492 748 1522 Nam
763 1492 965 1532 Tyndaritani
977 1497 1108 1521 statuam

208 1532 319 1570 ¹istius,
346 1544 440 1574 quam
465 1534 522 1564 sibi
545 1540 666 1575 propter
687 1535 861 1572 Marcellos,
888 1534 991 1564 altiore
1017 1535 1108 1564 etiam

222 1576 298 1613 basi,
315 1576 388 1616 poni
408 1577 549 1616 jusserat,
565 1576 774 1617 deturbarunt,
791 1577 883 1608 simul
894 1587 928 1608 ac
937 1587 1107 1608 successum

223 1617 273 1648 isti
288 1619 458 1650 audierunt.

266 1661 377 1692 XLII.
402 1662 496 1692 Dedit
515 1663 609 1703 igitur
623 1664 679 1695 tibi
699 1674 780 1695 nunc
794 1663 916 1695 fortuna
935 1663 1106 1695 Siculorum

223 1703 260 1734 C.
278 1704 461 1735 Marcellum
474 1706 620 1745 judicem,
638 1713 683 1745 ut,
701 1709 788 1748 cujus
799 1708 837 1737 ad
853 1713 983 1738 statuam
1000 1707 1105 1744 Siculi,

205 1751 252 1777 ⁴te
275 1753 412 1788 praetore,
430 1748 645 1790 alligabantur,
670 1751 735 1789 ejus
750 1750 887 1791 religioni
912 1756 940 1782 te
965 1750 1106 1781 eumdem
