1181 1902
309 75 359 106 IN
385 74 581 106 VERREM
606 74 666 106 IV.
690 74 773 105 CAP.
789 75 842 105 32.
958 73 1022 104 319

116 166 192 201 post
214 161 320 201 populi
344 161 479 191 Romani
497 170 608 191 nomen
628 161 667 191 ab
690 159 799 191 Siculis
822 159 963 190 auditum
984 166 1014 190 et

121 203 289 243 cognitum,
311 203 519 244 Agyrinenses
540 210 643 234 contra
662 213 850 244 quemquam
869 203 1013 233 infimum

120 246 220 276 civem
236 247 414 276 Romanum
435 246 546 276 dixisse
563 253 616 276 aut
634 246 736 276 fecisse
751 246 910 287 quidpiam
924 257 933 282 ;
957 245 1011 286 qui

121 299 215 326 nunc,
232 296 336 319 contra
354 295 511 329 praetorem
531 290 638 329 populi
659 289 805 326 Romani,
827 289 947 329 magnis
963 289 1012 318 in-

118 331 207 371 juriis
232 338 261 362 et
286 342 399 372 magno
421 331 522 362 dolore
545 332 665 373 publice
686 332 892 362 testimonium
913 332 1011 362 dicere

121 381 306 415 cogerentur.
332 375 406 411 Uni,
432 375 615 412 mehercule,
642 374 713 404 huic
737 374 861 412 civitati,
888 374 1009 413 Verres,

120 418 262 448 obsistere
277 417 328 448 tufi
343 417 515 448 defensione
536 427 597 447 non
613 423 697 458 potes
711 428 719 446 ε
744 423 829 447 tanta
848 418 1009 448 auctoritas

121 466 165 490 est
179 461 211 490 in
225 471 331 491 eorum
347 460 508 490 hominum
528 460 683 497 fidelitate,
700 465 801 490 tantus
816 459 901 490 dolor
915 461 947 490 in
961 460 1010 490 in-

117 503 211 542 juria,
228 510 313 533 tanta
327 503 432 543 religio
447 503 479 533 in
491 503 672 533 testimonio.
697 503 814 533 Verum
827 512 887 533 non
904 513 965 533 una
980 510 1010 534 te

120 552 252 584 tantum,
265 546 316 576 sed
332 547 489 583 universae,
506 546 656 576 similibus
667 545 785 575 afflictae
797 546 1009 584 incommodis,

120 589 321 629 legationibus
337 599 371 619 ac
387 589 564 619 testimoniis
579 588 708 629 publicis
723 595 955 629 persequuntur.

162 632 312 663 XXXII.
336 632 461 662 Etenim
476 632 616 672 deinceps
633 631 801 668 videamus,
819 631 1010 663 Herbitensis

119 674 235 712 civitas,
262 675 398 711 honesta,
423 681 453 705 et
476 681 565 705 antea
590 675 720 716 copiosa,
746 674 1007 715 quemadmodum

117 718 245 759 spoliata
256 720 294 748 ab
309 718 366 748 isto
377 728 411 748 ac
427 725 535 749 vexata
549 718 596 748 sit.
619 719 666 748 At
677 727 807 758 quorum
818 717 978 748 hominum
993 721 1007 749 Ρ

117 771 307 791 summorum
324 768 489 798 aratorum,
505 761 775 791 remotissimorum
795 771 813 790 a
827 761 904 797 foro,
924 761 1008 800 judi-

117 804 180 841 ciis,
197 804 414 841 controversiis,
431 805 542 845 quibus
556 815 678 845 parcere
689 810 719 834 et
734 804 898 841 consulere,
915 803 1008 834 homo

116 847 332 888 impurissime,
358 853 387 877 et
405 848 487 888 quod
501 858 597 888 genus
616 847 777 877 hominum
792 847 1008 878 studiosissime

117 901 302 926 conservare,
313 890 452 921 debuisti.
475 891 581 920 Primo
593 901 672 921 anno
689 889 847 921 venierunt
862 891 926 929 ejus
941 891 1008 930 agri

116 934 253 964 decumae
267 933 357 964 tritici
373 933 563 963 medimnum
576 934 697 965 XVIII
711 932 856 963 millibus.
868 933 1008 972 Atidius,

116 977 202 1007 istius
217 977 291 1006 item
303 977 439 1007 minister
450 977 481 1006 in
497 977 643 1014 decumis,
657 987 727 1007 cum
739 975 869 1013 emisset,
886 983 916 1006 et
930 987 1008 1017 prae..

116 1019 187 1050 fecti
206 1019 329 1050 nomine
343 1030 414 1050 cum
435 1019 563 1050 venisset
581 1020 745 1050 Herbitam
760 1028 830 1048 611111
854 1019 1004 1058 Veneriis,

115 1063 259 1103 locusque
269 1063 296 1093 ei
307 1063 438 1103 publice,
450 1073 511 1104 quo
522 1063 572 1093 div
566 1069 728 1099 exteretur,
742 1063 830 1093 datus
842 1068 936 1099 esset3
957 1073 1008 1093 co-

115 1112 231 1145 guntur
247 1106 443 1136 Herbitenses
467 1106 494 1136 ei
516 1106 593 1136 lucri
616 1106 687 1136 dare
710 1105 800 1136 tritici
815 1105 1007 1137 medimnum
1029 1116 1031 1120 ’

116 1149 288 1179 XXXVII
303 1149 412 1185 millia,
429 1159 500 1179 cum
518 1149 656 1179 decumae
671 1151 822 1180 venissent
837 1149 927 1179 tritici
941 1158 1006 1179 me-

116 1193 257 1222 dimnum
272 1193 395 1223 XVIII
411 1192 556 1222 millibus.
585 1194 692 1233 Atque
712 1193 769 1223 hoc
792 1197 913 1222 tantum
929 1192 1006 1222 triti-

115 1246 186 1266 cum
200 1236 277 1266 lueri
291 1242 441 1276 coguntur
459 1235 530 1265 dare
544 1235 676 1276 publice,
694 1246 764 1266 cum
782 1236 848 1274 jam
863 1235 930 1275 priv
932 1236 1006 1265 atim

115 1285 246 1309 aratores
269 1289 307 1309 ex
333 1279 424 1319 agris,
444 1279 567 1319 spoliati
586 1284 678 1319 atque
698 1277 843 1320 exagitati
863 1278 1006 1309 decuma-

113 1332 223 1352 norum
239 1322 368 1361 injuriis,
384 1321 597 1370 profugissent.

157 1367 253 1395 Anno
278 1365 409 1395 secundo
438 1375 510 1395 cum
536 1365 656 1395 emisset
681 1364 840 1405 Apronius
863 1363 1007 1396 decumas

114 1408 205 1439 tritici
225 1408 416 1438 medimnum
432 1408 531 1438 XXV
546 1408 694 1445 millibus,
715 1415 745 1438 et
763 1408 827 1449 ipse
843 1407 1007 1440 Herbitam

115 1462 186 1482 cum
195 1450 248 1481 illa
257 1451 436 1491 praedonum
446 1451 533 1492 copia
542 1461 698 1491 manuque
708 1451 836 1482 venisset
846 1461 856 1486 ;
872 1452 1006 1492 populus

114 1494 236 1536 publice
251 1500 370 1524 coactus
382 1500 425 1524 est
435 1494 462 1524 ei
473 1494 607 1524 conferre
616 1494 692 1524 lucri
708 1494 799 1524 tritici
812 1495 1005 1525 medimnum

116 1537 235 1568 XXVI
247 1537 356 1574 millia,
367 1544 396 1567 et
405 1538 603 1567 accessionem
616 1537 672 1568 HS
686 1546 745 1568 cm
758 1546 828 1568 cm.
845 1537 895 1568 De
910 1548 1008 1568 acces-

116 1581 199 1611 sione
210 1580 328 1616 dubito,
341 1590 380 1610 an
396 1580 558 1621 Apronio'
550 1580 608 1620 ipsi
617 1580 688 1610 data
702 1580 751 1618 sit,
767 1590 880 1612 merces
895 1592 1005 1622 operae,

116 1624 310 1665 pretiumque
330 1622 537 1663 impudentiae.
562 1623 611 1653 De
630 1623 722 1653 tritici
737 1623 862 1664 quidem
878 1635 1006 1655 numero

117 1672 212 1705 tanto,
229 1666 297 1707 quis
308 1673 407 1707 potest
421 1666 570 1702 dubitare,
583 1666 659 1707 quin
670 1666 709 1696 ad
723 1666 817 1697 istum
832 1667 1006 1708 praedonem

118 1709 366 1748 frumentarium,
382 1710 460 1741 sicut
473 1709 667 1751 Agyrinense
685 1709 888 1749 frumentum,
904 1722 1009 1752 perve«
