1181 1902
199 71 260 103 162
391 68 442 100 IN
465 67 663 100 VERREM
687 69 734 101 11.
757 68 842 101 CAP.
858 72 889 102 9.

187 162 244 194 set,
272 155 413 187 nonnulli
435 155 577 196 suspicati
600 161 682 194 sunt,
709 165 770 186 non
794 155 859 187 sine
881 155 972 188 causa
992 156 1076 189 illius

187 199 350 230 consihum
365 204 429 228 tam
444 205 567 240 repente
581 209 643 229 esse
658 204 823 229 mutatum.

234 242 295 272 IX.
319 242 424 279 Nunc,
441 252 479 272 ne
494 252 571 272 novo
586 242 785 282 querimoniae
799 252 907 282 genere
922 243 968 273 uti
983 244 1078 284 possit

190 284 384 323 Hortensius,
401 290 430 315 et
445 295 480 315 ea
494 284 602 321 dicere,
618 284 749 325 opprimi
764 295 861 323 reum,
873 285 910 315 de
925 296 986 326 quo
1001 287 1079 317 nihil

189 327 271 358 dicat
286 333 459 363 accusator;
482 327 559 357 nihil
574 338 636 357 esse
651 334 714 357 tam
730 328 933 368 periculosum
948 329 1079 361 fortunis

189 371 409 408 innocentium,
426 381 519 411 quam
541 376 637 400 tacere
657 370 860 406 adversarios3
885 376 913 401 et
928 381 966 401 ne
981 373 1079 411 aliter,

190 424 285 455 quam
301 424 356 454 ego
372 414 474 450 velim,
491 423 597 443 meum
608 413 711 443 laudet
723 413 891 453 ingenium,
905 424 975 444 cum
988 415 1078 455 dicat,

191 467 253 495 me,
281 456 306 486 si
329 456 428 486 multa
452 456 607 493 dixissem,
631 456 860 486 sublevaturum
882 456 975 487 fuisse
996 468 1080 497 eum,

191 509 285 541 quem
299 506 402 530 contra
413 499 543 529 dicerem
554 509 563 535 ς
588 499 660 538 quia
671 508 732 528 non
744 499 886 537 dixerim,
898 500 1080 540 perdidisse;

190 553 308 572 morem
323 542 368 572 illi
378 552 481 582 geram
493 553 501 572 ε
519 548 587 571 utar
599 541 733 571 oratione
747 542 913 582 perpetui&
931 552 992 573 non
1004 555 1082 585 quo-

190 585 276 615 niam
291 585 347 615 hoc
362 585 400 615 sit
414 595 552 620 necesse;
577 595 682 614 verum
699 591 733 614 ut
747 585 894 625 experiar,
911 592 1016 616 utrum
1030 587 1083 617 ille

191 628 268 659 ferat
285 628 450 665 molestius,
467 638 517 657 me
533 633 605 657 tunc
622 627 758 665 tacuisse,
776 638 814 657 an
834 638 915 658 nunc
929 628 1037 660 dicere.

236 671 300 701 Hic
315 677 349 701 tu
370 671 494 701 fortasse
512 670 569 700 eris
584 670 723 710 diligens,
740 680 778 700 ne
792 681 887 711 quam
903 681 958 712 ego
973 672 1081 703 horam

191 713 230 744 de
244 714 319 744 meis
334 713 477 754 legitimis
488 713 568 743 horis
580 713 732 743 remittam
744 724 751 742 :
770 714 827 743 nisi
839 714 922 744 omni
934 720 1080 756 tempore,

192 756 275 797 quod
290 756 367 786 mihi
382 757 447 796 lege
463 766 636 786 concessum
653 763 707 793 est,
724 757 836 786 abusus
856 767 917 795 ero,
934 760 1079 798 querere:

192 798 297 830 Dessm
313 805 404 839 atque
419 799 580 829 hominum
596 798 686 828 fidem
698 799 892 839 implorabis:
917 800 1083 832 circumve·-

192 842 252 872 niri
268 842 303 872 C.
318 842 457 879 Verrem,
475 841 557 882 quod
573 847 726 871 accusator
740 842 816 872 nolit
831 842 960 880 tamdiu,
973 854 1084 884 quam-

192 885 247 914 diu
262 885 360 923 liceat,
377 884 484 914 dicere.
508 884 601 922 Quod
616 884 693 914 mihi
711 884 761 914 lex
779 884 849 914 mea
864 886 954 915 causa
968 886 1030 925 det,
1047 897 1082 918 eo

193 927 271 958 mihi
285 937 346 958 non
363 927 407 957 uti
422 937 483 957 non
498 927 622 957 licebit?
646 927 731 957 Nam
748 927 906 958 accusandi
918 928 994 958 mihi
1006 935 1084 960 tem-

193 981 252 1011 pus
270 970 339 1001 mea
360 970 450 1000 causa
468 970 575 1000 datum
595 975 649 1007 est,
666 975 701 999 ut
721 980 840 1010 possem
861 971 994 1002 oratione
1014 973 1084 1003 mea

193 1013 322 1044 crimina
336 1023 519 1053 causamque
534 1012 692 1053 explicare.
726 1012 795 1043 Hoc
811 1013 835 1043 si
850 1023 910 1043 non
926 1024 1005 1050 utor,
1022 1025 1083 1046 non

194 1056 251 1087 tibi
266 1056 410 1096 injuriam
424 1056 521 1093 facio;
546 1055 597 1086 sed
612 1055 650 1086 de
664 1065 732 1085 meo
744 1056 814 1095 jure
824 1056 941 1097 aliquid
956 1065 985 1089 et
1000 1068 1083 1089 com-

194 1099 286 1129 modo
301 1099 435 1129 detraho.

238 1142 371 1172 Causam
396 1141 476 1172 enim
502 1141 628 1183 (inquit)
655 1141 792 1181 cognosci
816 1148 942 1182 oportet.
979 1142 1028 1174 ΕΞ
1051 1155 1084 1175 re

194 1185 332 1226 quidem,
357 1185 441 1225 quod
461 1185 546 1215 aliter
570 1184 764 1214 condemnari
784 1195 863 1223 reus,
885 1187 1024 1226 quamvis
1045 1187 1083 1218 sit

194 1238 316 1266 nocens,
333 1237 393 1257 non
409 1233 515 1268 potest.
540 1227 578 1258 Id
593 1227 686 1267 igitur
697 1233 730 1257 tu
745 1228 869 1257 moleste
883 1229 989 1267 tulisti,
1003 1240 1021 1259 a
1032 1240 1083 1260 me

194 1271 312 1311 aliquid
327 1270 442 1301 factum
468 1281 542 1307 esse,
558 1270 722 1311 quominus
736 1270 792 1301 iste
806 1270 999 1301 condemnari
1013 1283 1082 1313 pos-

195 1316 264 1344 set?
289 1314 385 1351 Nam,
410 1313 501 1343 causa
526 1312 657 1353 cognita,
681 1313 773 1342 multi
796 1319 923 1354 possunt
946 1315 1081 1346 absolvi:

194 1356 349 1396 incognita.
364 1356 502 1396 quidem,
519 1355 714 1385 condemnari
729 1365 818 1386 nemo
834 1362 939 1396 potest.

237 1399 356 1429 Adimo
377 1398 457 1428 enim
474 1398 783 1438 comperendinatum.
821 1399 915 1436 Quod
929 1400 1021 1431 habet
1034 1401 1085 1432 lex

194 1440 227 1471 in
251 1452 283 1472 se
305 1441 563 1479 molestissimum,
588 1441 635 1471 bis
657 1447 692 1471 ut
714 1452 804 1471 causa
827 1442 954 1481 dicatur,
978 1443 1010 1473 id
1033 1449 1087 1474 aut

193 1484 264 1514 mea
279 1484 369 1514 causa
383 1484 484 1524 potius
499 1489 543 1514 est
557 1483 767 1523 constitutum,
784 1494 877 1525 quam
893 1485 958 1523 tua,
974 1493 1028 1517 aut
1039 1487 1086 1517 ni-

194 1527 258 1557 hilo
279 1527 333 1557 tua
353 1527 465 1567 potius,
486 1536 580 1567 quam
595 1527 673 1556 inea.
704 1527 800 1563 Nam,
817 1527 842 1557 si
859 1527 905 1558 bis
926 1528 1023 1559 dicere
1043 1535 1087 1560 est

192 1569 403 1607 commodum,
425 1575 502 1600 certe
517 1569 676 1610 utriusque
690 1579 852 1600 commune
866 1576 918 1600 est.
953 1571 987 1602 Si
1001 1582 1084 1610 eum,

194 1613 249 1654 qui
268 1612 419 1663 posterius
442 1612 530 1649 dixit,
558 1622 634 1652 opus
657 1619 701 1642 est
722 1613 882 1653 redargui;
906 1615 1085 1646 accusatoris

193 1665 293 1694 causa,
317 1661 352 1685 ut
373 1655 419 1686 bis
439 1660 589 1695 ageretur,
613 1655 811 1685 constitutum
826 1662 879 1686 est.
903 1656 1034 1695 Verum,
1051 1664 1086 1688 ut

193 1698 311 1738 opinor,
335 1698 464 1728 Glaucia
483 1698 600 1738 primus
620 1698 701 1729 tulit.
723 1704 757 1728 ut
772 1699 1086 1739 comperendinaretur

195 1751 282 1772 reus:
307 1747 395 1771 antea
416 1741 462 1772 vel
481 1740 610 1780 judicari
630 1741 729 1782 primo
749 1747 876 1782 poterat,
899 1742 947 1773 vel
969 1744 991 1762 ‘⁶
1007 1744 1086 1774 Am-
