<?xml version="1.0" encoding="UTF-8"?>
<!DOCTYPE html PUBLIC "-//W3C//DTD XHTML 1.0 Transitional//EN"
    "http://www.w3.org/TR/xhtml1/DTD/xhtml1-transitional.dtd">
<html xmlns="http://www.w3.org/1999/xhtml" xml:lang="en" lang="en">
 <head>
  <title>
</title>
<meta http-equiv="Content-Type" content="text/html;charset=utf-8" />
  <meta name='ocr-system' content='tesseract 3.04.00' />
  <meta name='ocr-capabilities' content='ocr_page ocr_carea ocr_par ocr_line ocrx_word'/>
</head>
<body>
  <div class='ocr_page' id='page_1' title='image "./operaern05ciceuoft_0213.png"; bbox 0 0 1181 1902; ppageno 0'>
   <div class='ocr_carea' id='block_1_1' title="bbox 268 74 965 114">
    <p class='ocr_par' dir='ltr' id='par_1_1' title="bbox 268 74 965 114">
     <span class='ocr_line' id='line_1_1' title="bbox 268 74 965 114; baseline -0.01 -2"><span class='ocrx_word' id='word_1_1' title='bbox 268 81 320 113; x_wconf 91' lang='lat' dir='ltr'>IN</span> <span class='ocrx_word' id='word_1_2' title='bbox 344 80 541 114; x_wconf 86' lang='lat' dir='ltr'><strong>VERREM</strong></span> <span class='ocrx_word' id='word_1_3' title='bbox 567 81 612 112; x_wconf 92' lang='lat'>11.</span> <span class='ocrx_word' id='word_1_4' title='bbox 630 80 714 112; x_wconf 68' lang='lat' dir='ltr'>CAP.</span> <span class='ocrx_word' id='word_1_5' title='bbox 732 80 784 112; x_wconf 81' lang='grc'>49.</span> <span class='ocrx_word' id='word_1_6' title='bbox 907 74 965 106; x_wconf 83' lang='grc'>201</span> 
     </span>
    </p>
   </div>
   <div class='ocr_carea' id='block_1_2' title="bbox 82 165 1000 1802">
    <p class='ocr_par' dir='ltr' id='par_1_2' title="bbox 82 165 974 294">
     <span class='ocr_line' id='line_1_2' title="bbox 82 165 973 208; baseline 0.002 -12"><span class='ocrx_word' id='word_1_7' title='bbox 82 170 150 196; x_wconf 74' lang='grc' dir='ltr'>ωτι]</span> <span class='ocrx_word' id='word_1_8' title='bbox 164 165 270 198; x_wconf 82' lang='lat' dir='ltr'>fuisset</span> <span class='ocrx_word' id='word_1_9' title='bbox 285 167 429 206; x_wconf 89' lang='lat' dir='ltr'>edictum,</span> <span class='ocrx_word' id='word_1_10' title='bbox 449 167 573 198; x_wconf 84' lang='lat' dir='ltr'>fortasse</span> <span class='ocrx_word' id='word_1_11' title='bbox 596 167 744 208; x_wconf 85' lang='lat' dir='ltr'>Ligurem</span> <span class='ocrx_word' id='word_1_12' title='bbox 766 165 973 198; x_wconf 65' lang='lat' dir='ltr'>haereditatem</span> 
     </span>
     <span class='ocr_line' id='line_1_3' title="bbox 83 208 974 251; baseline 0.003 -13"><span class='ocrx_word' id='word_1_13' title='bbox 83 208 240 240; x_wconf 83' lang='lat' dir='ltr'>aditurum</span> <span class='ocrx_word' id='word_1_14' title='bbox 255 220 316 241; x_wconf 89' lang='lat' dir='ltr'>non</span> <span class='ocrx_word' id='word_1_15' title='bbox 330 211 433 241; x_wconf 84' lang='lat' dir='ltr'>fuisse.</span> <span class='ocrx_word' id='word_1_16' title='bbox 471 211 578 251; x_wconf 84' lang='lat' dir='ltr'>AEqua</span> <span class='ocrx_word' id='word_1_17' title='bbox 592 209 766 251; x_wconf 82' lang='lat' dir='ltr'>postulatio,</span> <span class='ocrx_word' id='word_1_18' title='bbox 782 219 905 242; x_wconf 85' lang='lat' dir='ltr'>summa</span> <span class='ocrx_word' id='word_1_19' title='bbox 918 211 974 241; x_wconf 93' lang='lat' dir='ltr'>ho-</span> 
     </span>
     <span class='ocr_line' id='line_1_4' title="bbox 86 251 733 294; baseline 0.002 -13"><span class='ocrx_word' id='word_1_20' title='bbox 86 251 207 282; x_wconf 86' lang='lat' dir='ltr'>minum</span> <span class='ocrx_word' id='word_1_21' title='bbox 223 254 395 292; x_wconf 77' lang='lat' dir='ltr'>auctoritas,</span> <span class='ocrx_word' id='word_1_22' title='bbox 411 254 507 294; x_wconf 87' lang='lat' dir='ltr'>pretio</span> <span class='ocrx_word' id='word_1_23' title='bbox 525 254 733 294; x_wconf 80' lang='lat' dir='ltr'>superabatur.</span> 
     </span>
    </p>

    <p class='ocr_par' dir='ltr' id='par_1_3' title="bbox 85 295 985 940">
     <span class='ocr_line' id='line_1_5' title="bbox 130 295 977 338; baseline 0.001 -12"><span class='ocrx_word' id='word_1_24' title='bbox 130 295 224 326; x_wconf 88' lang='lat' dir='ltr'>Venit</span> <span class='ocrx_word' id='word_1_25' title='bbox 250 297 385 327; x_wconf 86' lang='lat' dir='ltr'><strong>Romam</strong></span> <span class='ocrx_word' id='word_1_26' title='bbox 409 297 527 337; x_wconf 81' lang='lat' dir='ltr'>Ligur:</span> <span class='ocrx_word' id='word_1_27' title='bbox 556 306 617 326; x_wconf 90' lang='lat' dir='ltr'>non</span> <span class='ocrx_word' id='word_1_28' title='bbox 642 296 812 334; x_wconf 82' lang='lat' dir='ltr'>dubitabat,</span> <span class='ocrx_word' id='word_1_29' title='bbox 837 297 923 338; x_wconf 87' lang='lat' dir='ltr'>quin,</span> <span class='ocrx_word' id='word_1_30' title='bbox 951 297 977 327; x_wconf 90' lang='lat' dir='ltr'>si</span> 
     </span>
     <span class='ocr_line' id='line_1_6' title="bbox 85 337 978 380; baseline 0.002 -13"><span class='ocrx_word' id='word_1_31' title='bbox 85 337 150 378; x_wconf 87' lang='lat' dir='ltr'>ipse</span> <span class='ocrx_word' id='word_1_32' title='bbox 166 338 294 370; x_wconf 86' lang='lat' dir='ltr'>Verrem</span> <span class='ocrx_word' id='word_1_33' title='bbox 309 340 506 377; x_wconf 80' lang='lat' dir='ltr'>convenisset,</span> <span class='ocrx_word' id='word_1_34' title='bbox 531 339 673 380; x_wconf 66' lang='lat' dir='ltr'>aequitate</span> <span class='ocrx_word' id='word_1_35' title='bbox 692 349 788 369; x_wconf 87' lang='lat' dir='ltr'>causae</span> <span class='ocrx_word' id='word_1_36' title='bbox 804 346 833 369; x_wconf 92' lang='lat' dir='ltr'>et</span> <span class='ocrx_word' id='word_1_37' title='bbox 848 339 978 370; x_wconf 83' lang='lat' dir='ltr'>auctori-</span> 
     </span>
     <span class='ocr_line' id='line_1_7' title="bbox 88 382 978 422; baseline 0.003 -12"><span class='ocrx_word' id='word_1_38' title='bbox 88 386 149 411; x_wconf 86' lang='lat' dir='ltr'>tate</span> <span class='ocrx_word' id='word_1_39' title='bbox 164 382 219 412; x_wconf 57' lang='lat' dir='ltr'>su&amp;</span> <span class='ocrx_word' id='word_1_40' title='bbox 236 393 426 413; x_wconf 89' lang='lat' dir='ltr'>commovere</span> <span class='ocrx_word' id='word_1_41' title='bbox 447 382 604 412; x_wconf 85' lang='lat' dir='ltr'>hominem</span> <span class='ocrx_word' id='word_1_42' title='bbox 627 388 736 422; x_wconf 89' lang='lat' dir='ltr'>posset.</span> <span class='ocrx_word' id='word_1_43' title='bbox 774 382 914 412; x_wconf 83' lang='lat' dir='ltr'>Domum</span> <span class='ocrx_word' id='word_1_44' title='bbox 939 382 978 413; x_wconf 91' lang='lat' dir='ltr'>ad</span> 
     </span>
     <span class='ocr_line' id='line_1_8' title="bbox 88 424 979 465; baseline 0.001 -11"><span class='ocrx_word' id='word_1_45' title='bbox 88 433 160 454; x_wconf 89' lang='lat' dir='ltr'>eum</span> <span class='ocrx_word' id='word_1_46' title='bbox 175 425 274 456; x_wconf 84' lang='lat' dir='ltr'>venit:</span> <span class='ocrx_word' id='word_1_47' title='bbox 300 436 364 456; x_wconf 90' lang='lat' dir='ltr'>rem</span> <span class='ocrx_word' id='word_1_48' title='bbox 379 425 584 456; x_wconf 86' lang='lat' dir='ltr'>demonstrat:</span> <span class='ocrx_word' id='word_1_49' title='bbox 610 435 703 465; x_wconf 86' lang='lat' dir='ltr'>quam</span> <span class='ocrx_word' id='word_1_50' title='bbox 713 424 831 465; x_wconf 88' lang='lat' dir='ltr'>pridem</span> <span class='ocrx_word' id='word_1_51' title='bbox 844 426 901 456; x_wconf 88' lang='lat' dir='ltr'>sibi</span> <span class='ocrx_word' id='word_1_52' title='bbox 916 425 979 455; x_wconf 88' lang='lat' dir='ltr'>hae-</span> 
     </span>
     <span class='ocr_line' id='line_1_9' title="bbox 87 466 980 509; baseline 0.002 -13"><span class='ocrx_word' id='word_1_53' title='bbox 87 466 198 498; x_wconf 79' lang='lat' dir='ltr'>reditas</span> <span class='ocrx_word' id='word_1_54' title='bbox 213 468 351 507; x_wconf 82' lang='lat' dir='ltr'>venisset,</span> <span class='ocrx_word' id='word_1_55' title='bbox 368 468 462 500; x_wconf 85' lang='lat' dir='ltr'>docet.</span> <span class='ocrx_word' id='word_1_56' title='bbox 486 468 580 506; x_wconf 88' lang='lat' dir='ltr'>Quod</span> <span class='ocrx_word' id='word_1_57' title='bbox 595 467 681 498; x_wconf 78' lang='lat' dir='ltr'>facile</span> <span class='ocrx_word' id='word_1_58' title='bbox 696 467 727 497; x_wconf 84' lang='lat' dir='ltr'>in</span> <span class='ocrx_word' id='word_1_59' title='bbox 743 469 833 498; x_wconf 46' lang='lat' dir='ltr'>causa&amp;</span> <span class='ocrx_word' id='word_1_60' title='bbox 845 468 980 509; x_wconf 82' lang='lat' dir='ltr'>aequissi-</span> 
     </span>
     <span class='ocr_line' id='line_1_10' title="bbox 88 509 980 552; baseline 0.003 -13"><span class='ocrx_word' id='word_1_61' title='bbox 88 509 141 539; x_wconf 55' lang='lat' dir='ltr'>mit</span> <span class='ocrx_word' id='word_1_62' title='bbox 156 509 273 541; x_wconf 85' lang='lat' dir='ltr'>homini</span> <span class='ocrx_word' id='word_1_63' title='bbox 288 511 443 552; x_wconf 88' lang='lat' dir='ltr'>ingenioso</span> <span class='ocrx_word' id='word_1_64' title='bbox 457 511 528 548; x_wconf 90' lang='lat' dir='ltr'>fuit,</span> <span class='ocrx_word' id='word_1_65' title='bbox 544 511 654 547; x_wconf 87' lang='lat' dir='ltr'>multa,</span> <span class='ocrx_word' id='word_1_66' title='bbox 676 521 745 551; x_wconf 86' lang='lat' dir='ltr'>quae</span> <span class='ocrx_word' id='word_1_67' title='bbox 760 512 899 552; x_wconf 87' lang='lat' dir='ltr'>quemvis</span> <span class='ocrx_word' id='word_1_68' title='bbox 913 521 980 542; x_wconf 91' lang='lat' dir='ltr'>mo-</span> 
     </span>
     <span class='ocr_line' id='line_1_11' title="bbox 89 554 982 595; baseline 0.001 -12"><span class='ocrx_word' id='word_1_69' title='bbox 89 562 159 583; x_wconf 86' lang='lat' dir='ltr'>vere</span> <span class='ocrx_word' id='word_1_70' title='bbox 180 560 312 594; x_wconf 78' lang='lat' dir='ltr'><strong>possent,</strong></span> <span class='ocrx_word' id='word_1_71' title='bbox 336 554 423 584; x_wconf 79' lang='lat' dir='ltr'>dixit.</span> <span class='ocrx_word' id='word_1_72' title='bbox 447 554 502 584; x_wconf 92' lang='lat' dir='ltr'>Ad</span> <span class='ocrx_word' id='word_1_73' title='bbox 517 561 688 584; x_wconf 80' lang='lat' dir='ltr'>extremum</span> <span class='ocrx_word' id='word_1_74' title='bbox 704 560 804 594; x_wconf 84' lang='lat' dir='ltr'>petere</span> <span class='ocrx_word' id='word_1_75' title='bbox 826 554 926 595; x_wconf 86' lang='lat' dir='ltr'>coepit,</span> <span class='ocrx_word' id='word_1_76' title='bbox 943 564 982 585; x_wconf 90' lang='lat' dir='ltr'>ne</span> 
     </span>
     <span class='ocr_line' id='line_1_12' title="bbox 89 597 982 638; baseline 0.002 -13"><span class='ocrx_word' id='word_1_77' title='bbox 89 605 187 636; x_wconf 91' lang='lat' dir='ltr'>usque</span> <span class='ocrx_word' id='word_1_78' title='bbox 202 606 237 626; x_wconf 89' lang='lat' dir='ltr'>eo</span> <span class='ocrx_word' id='word_1_79' title='bbox 259 608 346 628; x_wconf 88' lang='lat' dir='ltr'>suam</span> <span class='ocrx_word' id='word_1_80' title='bbox 366 598 576 628; x_wconf 84' lang='lat' dir='ltr'>auctoritatem</span> <span class='ocrx_word' id='word_1_81' title='bbox 599 597 774 637; x_wconf 86' lang='lat' dir='ltr'>despiceret,</span> <span class='ocrx_word' id='word_1_82' title='bbox 790 597 982 638; x_wconf 84' lang='lat' dir='ltr'>gratiamque</span> 
     </span>
     <span class='ocr_line' id='line_1_13' title="bbox 90 639 983 679; baseline 0.002 -11"><span class='ocrx_word' id='word_1_83' title='bbox 90 644 305 677; x_wconf 84' lang='lat' dir='ltr'>contemneret,</span> <span class='ocrx_word' id='word_1_84' title='bbox 318 647 354 671; x_wconf 90' lang='lat' dir='ltr'>ut</span> <span class='ocrx_word' id='word_1_85' title='bbox 369 651 398 672; x_wconf 86' lang='lat' dir='ltr'>se</span> <span class='ocrx_word' id='word_1_86' title='bbox 410 640 494 671; x_wconf 55' lang='lat' dir='ltr'>tanta}</span> <span class='ocrx_word' id='word_1_87' title='bbox 514 640 628 679; x_wconf 51' lang='lat' dir='ltr'>injuria</span> <span class='ocrx_word' id='word_1_88' title='bbox 643 639 781 670; x_wconf 82' lang='lat' dir='ltr'>afficeret.</span> <span class='ocrx_word' id='word_1_89' title='bbox 806 640 911 670; x_wconf 89' lang='lat' dir='ltr'>Homo</span> <span class='ocrx_word' id='word_1_90' title='bbox 928 640 983 670; x_wconf 88' lang='lat' dir='ltr'>Li-</span> 
     </span>
     <span class='ocr_line' id='line_1_14' title="bbox 90 682 983 724; baseline 0.002 -13"><span class='ocrx_word' id='word_1_91' title='bbox 90 691 200 721; x_wconf 88' lang='lat' dir='ltr'>gurem</span> <span class='ocrx_word' id='word_1_92' title='bbox 226 693 364 714; x_wconf 86' lang='lat' dir='ltr'>accusare</span> <span class='ocrx_word' id='word_1_93' title='bbox 384 684 483 724; x_wconf 68' lang='lat' dir='ltr'>coepit,</span> <span class='ocrx_word' id='word_1_94' title='bbox 505 684 570 724; x_wconf 91' lang='lat' dir='ltr'>qui,</span> <span class='ocrx_word' id='word_1_95' title='bbox 591 682 624 713; x_wconf 91' lang='lat' dir='ltr'>in</span> <span class='ocrx_word' id='word_1_96' title='bbox 647 693 679 713; x_wconf 88' lang='lat' dir='ltr'>re</span> <span class='ocrx_word' id='word_1_97' title='bbox 700 683 869 713; x_wconf 60' lang='lat' dir='ltr'>adventicia</span> <span class='ocrx_word' id='word_1_98' title='bbox 891 689 983 724; x_wconf 86' lang='lat' dir='ltr'>atque</span> 
     </span>
     <span class='ocr_line' id='line_1_15' title="bbox 92 723 984 767; baseline 0.003 -14"><span class='ocrx_word' id='word_1_99' title='bbox 92 723 291 763; x_wconf 69' lang='lat' dir='ltr'>haereditarizi,</span> <span class='ocrx_word' id='word_1_100' title='bbox 305 732 368 756; x_wconf 82' lang='lat' dir='ltr'>tam</span> <span class='ocrx_word' id='word_1_101' title='bbox 383 727 524 767; x_wconf 70' lang='lat' dir='ltr'>diligens,</span> <span class='ocrx_word' id='word_1_102' title='bbox 546 732 610 756; x_wconf 89' lang='lat' dir='ltr'>tam</span> <span class='ocrx_word' id='word_1_103' title='bbox 625 732 757 756; x_wconf 83' lang='lat' dir='ltr'>attentus</span> <span class='ocrx_word' id='word_1_104' title='bbox 773 732 848 757; x_wconf 82' lang='lat' dir='ltr'>esset</span> <span class='ocrx_word' id='word_1_105' title='bbox 861 738 869 756; x_wconf 90' lang='lat'><strong>:</strong></span> <span class='ocrx_word' id='word_1_106' title='bbox 894 726 984 756; x_wconf 89' lang='lat' dir='ltr'>debe-</span> 
     </span>
     <span class='ocr_line' id='line_1_16' title="bbox 92 769 984 811; baseline 0.003 -15"><span class='ocrx_word' id='word_1_107' title='bbox 92 777 124 797; x_wconf 88' lang='lat' dir='ltr'>re</span> <span class='ocrx_word' id='word_1_108' title='bbox 139 777 210 798; x_wconf 90' lang='lat' dir='ltr'>eum</span> <span class='ocrx_word' id='word_1_109' title='bbox 230 769 329 800; x_wconf 84' lang='lat' dir='ltr'>aiebat</span> <span class='ocrx_word' id='word_1_110' title='bbox 344 780 431 800; x_wconf 87' lang='lat' dir='ltr'>suam</span> <span class='ocrx_word' id='word_1_111' title='bbox 447 780 569 811; x_wconf 88' lang='lat' dir='ltr'>quoque</span> <span class='ocrx_word' id='word_1_112' title='bbox 583 769 731 799; x_wconf 85' lang='lat' dir='ltr'>rationem</span> <span class='ocrx_word' id='word_1_113' title='bbox 746 769 855 799; x_wconf 91' lang='lat' dir='ltr'>ducere</span> <span class='ocrx_word' id='word_1_114' title='bbox 868 780 877 805; x_wconf 74' lang='lat'>3</span> <span class='ocrx_word' id='word_1_115' title='bbox 902 769 984 799; x_wconf 91' lang='lat' dir='ltr'>mul-</span> 
     </span>
     <span class='ocr_line' id='line_1_17' title="bbox 92 810 985 853; baseline 0.003 -14"><span class='ocrx_word' id='word_1_116' title='bbox 92 815 125 839; x_wconf 86' lang='lat' dir='ltr'>ta</span> <span class='ocrx_word' id='word_1_117' title='bbox 139 810 196 841; x_wconf 84' lang='lat' dir='ltr'>sibi</span> <span class='ocrx_word' id='word_1_118' title='bbox 211 822 287 852; x_wconf 88' lang='lat' dir='ltr'>opus</span> <span class='ocrx_word' id='word_1_119' title='bbox 302 823 376 851; x_wconf 88' lang='lat' dir='ltr'>esse,</span> <span class='ocrx_word' id='word_1_120' title='bbox 395 814 494 843; x_wconf 76' lang='lat' dir='ltr'>multa</span> <span class='ocrx_word' id='word_1_121' title='bbox 515 812 641 845; x_wconf 82' lang='lat' dir='ltr'>canibus</span> <span class='ocrx_word' id='word_1_122' title='bbox 663 812 736 850; x_wconf 86' lang='lat' dir='ltr'>suis,</span> <span class='ocrx_word' id='word_1_123' title='bbox 753 822 829 853; x_wconf 91' lang='lat' dir='ltr'>quos</span> <span class='ocrx_word' id='word_1_124' title='bbox 853 813 931 843; x_wconf 85' lang='lat' dir='ltr'>circa</span> <span class='ocrx_word' id='word_1_125' title='bbox 953 822 985 842; x_wconf 82' lang='lat' dir='ltr'>se</span> 
     </span>
     <span class='ocr_line' id='line_1_18' title="bbox 92 851 985 898; baseline 0.003 -16"><span class='ocrx_word' id='word_1_126' title='bbox 92 851 227 884; x_wconf 86' lang='lat' dir='ltr'>haberet.</span> <span class='ocrx_word' id='word_1_127' title='bbox 265 855 339 886; x_wconf 88' lang='lat' dir='ltr'>Non</span> <span class='ocrx_word' id='word_1_128' title='bbox 363 867 487 896; x_wconf 86' lang='lat' dir='ltr'>possum</span> <span class='ocrx_word' id='word_1_129' title='bbox 510 856 564 886; x_wconf 81' lang='lat' dir='ltr'>issa</span> <span class='ocrx_word' id='word_1_130' title='bbox 586 855 707 898; x_wconf 86' lang='lat' dir='ltr'>planius</span> <span class='ocrx_word' id='word_1_131' title='bbox 735 865 985 893; x_wconf 86' lang='lat' dir='ltr'>commemorare,</span> 
     </span>
     <span class='ocr_line' id='line_1_19' title="bbox 92 897 984 940; baseline 0.002 -14"><span class='ocrx_word' id='word_1_132' title='bbox 92 906 188 936; x_wconf 88' lang='lat' dir='ltr'>quam</span> <span class='ocrx_word' id='word_1_133' title='bbox 203 897 305 938; x_wconf 87' lang='lat' dir='ltr'>ipsum</span> <span class='ocrx_word' id='word_1_134' title='bbox 319 899 467 939; x_wconf 85' lang='lat' dir='ltr'><strong>Ligurem</strong></span> <span class='ocrx_word' id='word_1_135' title='bbox 482 909 537 940; x_wconf 85' lang='lat' dir='ltr'>pro</span> <span class='ocrx_word' id='word_1_136' title='bbox 552 898 723 929; x_wconf 82' lang='lat' dir='ltr'>testimonio</span> <span class='ocrx_word' id='word_1_137' title='bbox 735 898 832 929; x_wconf 83' lang='lat' dir='ltr'>dicere</span> <span class='ocrx_word' id='word_1_138' title='bbox 847 898 984 929; x_wconf 78' lang='lat' dir='ltr'>audistis.</span> 
     </span>
    </p>

    <p class='ocr_par' dir='ltr' id='par_1_4' title="bbox 94 939 997 1616">
     <span class='ocr_line' id='line_1_20' title="bbox 138 939 987 982; baseline 0.002 -13"><span class='ocrx_word' id='word_1_139' title='bbox 138 939 224 977; x_wconf 85' lang='lat' dir='ltr'>Quid</span> <span class='ocrx_word' id='word_1_140' title='bbox 239 941 333 980; x_wconf 88' lang='lat' dir='ltr'>enim,</span> <span class='ocrx_word' id='word_1_141' title='bbox 351 942 486 973; x_wconf 79' lang='lat' dir='ltr'>Verres?</span> <span class='ocrx_word' id='word_1_142' title='bbox 521 948 626 972; x_wconf 90' lang='lat' dir='ltr'>utrum</span> <span class='ocrx_word' id='word_1_143' title='bbox 642 951 680 971; x_wconf 89' lang='lat' dir='ltr'>ne</span> <span class='ocrx_word' id='word_1_144' title='bbox 694 941 741 971; x_wconf 89' lang='lat' dir='ltr'>his</span> <span class='ocrx_word' id='word_1_145' title='bbox 757 941 882 982; x_wconf 91' lang='lat' dir='ltr'>quidem</span> <span class='ocrx_word' id='word_1_146' title='bbox 903 941 987 972; x_wconf 87' lang='lat' dir='ltr'>testi-</span> 
     </span>
     <span class='ocr_line' id='line_1_21' title="bbox 94 982 987 1025; baseline 0.002 -13"><span class='ocrx_word' id='word_1_147' title='bbox 94 982 153 1012; x_wconf 85' lang='lat' dir='ltr'>bus</span> <span class='ocrx_word' id='word_1_148' title='bbox 168 984 304 1014; x_wconf 86' lang='lat' dir='ltr'>credetur</span> <span class='ocrx_word' id='word_1_149' title='bbox 315 986 329 1015; x_wconf 83' lang='lat'>?</span> <span class='ocrx_word' id='word_1_150' title='bbox 362 995 401 1015; x_wconf 87' lang='lat' dir='ltr'>an</span> <span class='ocrx_word' id='word_1_151' title='bbox 415 985 480 1016; x_wconf 85' lang='lat' dir='ltr'>haec</span> <span class='ocrx_word' id='word_1_152' title='bbox 495 985 534 1015; x_wconf 87' lang='lat' dir='ltr'>ad</span> <span class='ocrx_word' id='word_1_153' title='bbox 549 995 613 1015; x_wconf 85' lang='lat' dir='ltr'>rem</span> <span class='ocrx_word' id='word_1_154' title='bbox 629 994 690 1014; x_wconf 87' lang='lat' dir='ltr'>non</span> <span class='ocrx_word' id='word_1_155' title='bbox 714 985 865 1025; x_wconf 84' lang='lat' dir='ltr'>pertinent</span> <span class='ocrx_word' id='word_1_156' title='bbox 879 986 892 1015; x_wconf 68' lang='lat'>‚⁹</span> <span class='ocrx_word' id='word_1_157' title='bbox 925 994 987 1014; x_wconf 91' lang='lat' dir='ltr'>non</span> 
     </span>
     <span class='ocr_line' id='line_1_22' title="bbox 96 1023 987 1068; baseline 0.004 -14"><span class='ocrx_word' id='word_1_158' title='bbox 96 1023 146 1055; x_wconf 88' lang='lat' dir='ltr'>M.</span> <span class='ocrx_word' id='word_1_159' title='bbox 164 1025 317 1059; x_wconf 72' lang='lat' dir='ltr'>Octaw&#39;o?</span> <span class='ocrx_word' id='word_1_160' title='bbox 350 1038 411 1058; x_wconf 89' lang='lat' dir='ltr'>non</span> <span class='ocrx_word' id='word_1_161' title='bbox 434 1028 473 1058; x_wconf 79' lang='lat' dir='ltr'>L.</span> <span class='ocrx_word' id='word_1_162' title='bbox 491 1028 626 1068; x_wconf 79' lang='lat' dir='ltr'>Liguri?</span> <span class='ocrx_word' id='word_1_163' title='bbox 657 1027 737 1065; x_wconf 85' lang='lat' dir='ltr'>Quis</span> <span class='ocrx_word' id='word_1_164' title='bbox 757 1028 844 1058; x_wconf 86' lang='lat' dir='ltr'>nobis</span> <span class='ocrx_word' id='word_1_165' title='bbox 862 1027 987 1058; x_wconf 84' lang='lat' dir='ltr'>credet?</span> 
     </span>
     <span class='ocr_line' id='line_1_23' title="bbox 95 1067 990 1111; baseline 0.003 -14"><span class='ocrx_word' id='word_1_166' title='bbox 95 1067 146 1097; x_wconf 83' lang='lat' dir='ltr'>cui</span> <span class='ocrx_word' id='word_1_167' title='bbox 169 1078 223 1100; x_wconf 88' lang='lat' dir='ltr'>nos</span> <span class='ocrx_word' id='word_1_168' title='bbox 237 1071 250 1100; x_wconf 83' lang='lat'>?</span> <span class='ocrx_word' id='word_1_169' title='bbox 274 1070 359 1108; x_wconf 90' lang='lat' dir='ltr'>Quid</span> <span class='ocrx_word' id='word_1_170' title='bbox 375 1077 429 1109; x_wconf 85' lang='lat' dir='ltr'>est,</span> <span class='ocrx_word' id='word_1_171' title='bbox 446 1071 568 1108; x_wconf 87' lang='lat' dir='ltr'>Verres,</span> <span class='ocrx_word' id='word_1_172' title='bbox 585 1071 668 1111; x_wconf 89' lang='lat' dir='ltr'>quod</span> <span class='ocrx_word' id='word_1_173' title='bbox 683 1071 811 1111; x_wconf 87' lang='lat' dir='ltr'>planum</span> <span class='ocrx_word' id='word_1_174' title='bbox 827 1071 891 1101; x_wconf 87' lang='lat' dir='ltr'>fieri</span> <span class='ocrx_word' id='word_1_175' title='bbox 907 1070 990 1100; x_wconf 87' lang='lat' dir='ltr'>testi-</span> 
     </span>
     <span class='ocr_line' id='line_1_24' title="bbox 96 1111 991 1154; baseline 0.003 -14"><span class='ocrx_word' id='word_1_176' title='bbox 96 1111 154 1141; x_wconf 91' lang='lat' dir='ltr'>bus</span> <span class='ocrx_word' id='word_1_177' title='bbox 169 1112 272 1152; x_wconf 86' lang='lat' dir='ltr'>possit,</span> <span class='ocrx_word' id='word_1_178' title='bbox 290 1114 315 1143; x_wconf 90' lang='lat' dir='ltr'>si</span> <span class='ocrx_word' id='word_1_179' title='bbox 330 1114 387 1144; x_wconf 92' lang='lat' dir='ltr'>hoc</span> <span class='ocrx_word' id='word_1_180' title='bbox 399 1124 460 1144; x_wconf 90' lang='lat' dir='ltr'>non</span> <span class='ocrx_word' id='word_1_181' title='bbox 476 1114 511 1144; x_wconf 87' lang='lat' dir='ltr'>fit</span> <span class='ocrx_word' id='word_1_182' title='bbox 525 1116 538 1144; x_wconf 73' lang='grc' dir='ltr'><strong><em>Ρ</em></strong></span> <span class='ocrx_word' id='word_1_183' title='bbox 562 1114 617 1144; x_wconf 89' lang='lat' dir='ltr'>An</span> <span class='ocrx_word' id='word_1_184' title='bbox 633 1113 674 1151; x_wconf 82' lang='lat' dir='ltr'>id,</span> <span class='ocrx_word' id='word_1_185' title='bbox 692 1113 775 1154; x_wconf 88' lang='lat' dir='ltr'>quod</span> <span class='ocrx_word' id='word_1_186' title='bbox 791 1113 907 1151; x_wconf 83' lang='lat' dir='ltr'>dicunt,</span> <span class='ocrx_word' id='word_1_187' title='bbox 923 1114 991 1143; x_wconf 87' lang='lat' dir='ltr'>leve</span> 
     </span>
     <span class='ocr_line' id='line_1_25' title="bbox 97 1153 991 1198; baseline 0.002 -14"><span class='ocrx_word' id='word_1_188' title='bbox 97 1153 163 1184; x_wconf 75' lang='lat' dir='ltr'>est?</span> <span class='ocrx_word' id='word_1_189' title='bbox 186 1155 264 1185; x_wconf 85' lang='lat' dir='ltr'>nihil</span> <span class='ocrx_word' id='word_1_190' title='bbox 277 1156 384 1195; x_wconf 87' lang='lat' dir='ltr'>levius,</span> <span class='ocrx_word' id='word_1_191' title='bbox 402 1167 496 1198; x_wconf 86' lang='lat' dir='ltr'>quam</span> <span class='ocrx_word' id='word_1_192' title='bbox 511 1163 670 1197; x_wconf 77' lang='lat' dir='ltr'>praetorem</span> <span class='ocrx_word' id='word_1_193' title='bbox 686 1156 770 1187; x_wconf 85' lang='lat' dir='ltr'>urbis</span> <span class='ocrx_word' id='word_1_194' title='bbox 785 1157 842 1187; x_wconf 90' lang='lat' dir='ltr'>hoc</span> <span class='ocrx_word' id='word_1_195' title='bbox 861 1157 937 1196; x_wconf 89' lang='lat' dir='ltr'>juris</span> <span class='ocrx_word' id='word_1_196' title='bbox 958 1156 991 1186; x_wconf 89' lang='lat' dir='ltr'>in</span> 
     </span>
     <span class='ocr_line' id='line_1_26' title="bbox 96 1199 991 1241; baseline 0.003 -15"><span class='ocrx_word' id='word_1_197' title='bbox 96 1206 152 1227; x_wconf 87' lang='lat' dir='ltr'>suo</span> <span class='ocrx_word' id='word_1_198' title='bbox 167 1199 346 1239; x_wconf 85' lang='lat' dir='ltr'>magistratu</span> <span class='ocrx_word' id='word_1_199' title='bbox 362 1200 552 1237; x_wconf 82' lang='lat' dir='ltr'>constituere,</span> <span class='ocrx_word' id='word_1_200' title='bbox 569 1200 712 1230; x_wconf 85' lang='lat' dir='ltr'>omnibus</span> <span class='ocrx_word' id='word_1_201' title='bbox 732 1200 780 1238; x_wconf 85' lang='lat' dir='ltr'>iis,</span> <span class='ocrx_word' id='word_1_202' title='bbox 799 1200 910 1241; x_wconf 91' lang='lat' dir='ltr'>quibus</span> <span class='ocrx_word' id='word_1_203' title='bbox 928 1199 991 1229; x_wconf 82' lang='lat' dir='ltr'>hae-</span> 
     </span>
     <span class='ocr_line' id='line_1_27' title="bbox 97 1240 991 1284; baseline 0.002 -14"><span class='ocrx_word' id='word_1_204' title='bbox 97 1240 208 1272; x_wconf 86' lang='lat' dir='ltr'>reditas</span> <span class='ocrx_word' id='word_1_205' title='bbox 227 1243 352 1280; x_wconf 87' lang='lat' dir='ltr'>venerit,</span> <span class='ocrx_word' id='word_1_206' title='bbox 369 1243 556 1273; x_wconf 78' lang='lat' dir='ltr'>cohaeredeui</span> <span class='ocrx_word' id='word_1_207' title='bbox 578 1249 738 1284; x_wconf 83' lang='lat' dir='ltr'>praetorem</span> <span class='ocrx_word' id='word_1_208' title='bbox 761 1253 823 1273; x_wconf 86' lang='lat' dir='ltr'>esse</span> <span class='ocrx_word' id='word_1_209' title='bbox 845 1249 991 1283; x_wconf 84' lang='lat' dir='ltr'>oportere.</span> 
     </span>
     <span class='ocr_line' id='line_1_28' title="bbox 97 1283 993 1327; baseline 0.003 -14"><span class='ocrx_word' id='word_1_210' title='bbox 97 1283 154 1313; x_wconf 91' lang='lat' dir='ltr'>An</span> <span class='ocrx_word' id='word_1_211' title='bbox 175 1295 243 1315; x_wconf 91' lang='lat' dir='ltr'>vero</span> <span class='ocrx_word' id='word_1_212' title='bbox 266 1285 454 1323; x_wconf 84' lang='lat' dir='ltr'>dubitamus,</span> <span class='ocrx_word' id='word_1_213' title='bbox 471 1296 532 1327; x_wconf 91' lang='lat' dir='ltr'>quo</span> <span class='ocrx_word' id='word_1_214' title='bbox 559 1297 609 1316; x_wconf 91' lang='lat' dir='ltr'>ore</span> <span class='ocrx_word' id='word_1_215' title='bbox 633 1286 688 1316; x_wconf 88' lang='lat' dir='ltr'>iste</span> <span class='ocrx_word' id='word_1_216' title='bbox 710 1292 830 1316; x_wconf 89' lang='lat' dir='ltr'>caeteros</span> <span class='ocrx_word' id='word_1_217' title='bbox 853 1285 993 1316; x_wconf 83' lang='lat' dir='ltr'>homines</span> 
     </span>
     <span class='ocr_line' id='line_1_29' title="bbox 97 1325 994 1369; baseline 0.003 -14"><span class='ocrx_word' id='word_1_218' title='bbox 97 1325 239 1358; x_wconf 87' lang='lat' dir='ltr'>inferiore</span> <span class='ocrx_word' id='word_1_219' title='bbox 259 1328 336 1366; x_wconf 82' lang='lat' dir='ltr'>loco,</span> <span class='ocrx_word' id='word_1_220' title='bbox 353 1330 541 1367; x_wconf 84' lang='lat' dir='ltr'>auctoritate,</span> <span class='ocrx_word' id='word_1_221' title='bbox 561 1329 676 1365; x_wconf 76' lang='lat' dir='ltr'>ordine,</span> <span class='ocrx_word' id='word_1_222' title='bbox 699 1339 760 1369; x_wconf 94' lang='lat' dir='ltr'>quo</span> <span class='ocrx_word' id='word_1_223' title='bbox 782 1339 832 1359; x_wconf 90' lang='lat' dir='ltr'>ore</span> <span class='ocrx_word' id='word_1_224' title='bbox 855 1328 994 1359; x_wconf 84' lang='lat' dir='ltr'>homines</span> 
     </span>
     <span class='ocr_line' id='line_1_30' title="bbox 99 1369 994 1413; baseline 0.002 -14"><span class='ocrx_word' id='word_1_225' title='bbox 99 1369 265 1402; x_wconf 84' lang='lat' dir='ltr'>rusticanos</span> <span class='ocrx_word' id='word_1_226' title='bbox 281 1382 319 1402; x_wconf 88' lang='lat' dir='ltr'>ex</span> <span class='ocrx_word' id='word_1_227' title='bbox 334 1372 518 1413; x_wconf 81' lang='lat' dir='ltr'>municipiis,</span> <span class='ocrx_word' id='word_1_228' title='bbox 536 1383 597 1413; x_wconf 90' lang='lat' dir='ltr'>quo</span> <span class='ocrx_word' id='word_1_229' title='bbox 612 1372 742 1413; x_wconf 86' lang='lat' dir='ltr'>denique</span> <span class='ocrx_word' id='word_1_230' title='bbox 754 1382 815 1409; x_wconf 88' lang='lat' dir='ltr'>ore,</span> <span class='ocrx_word' id='word_1_231' title='bbox 827 1382 903 1413; x_wconf 85' lang='lat' dir='ltr'>quos</span> <span class='ocrx_word' id='word_1_232' title='bbox 915 1381 994 1401; x_wconf 90' lang='lat' dir='ltr'>nun-</span> 
     </span>
     <span class='ocr_line' id='line_1_31' title="bbox 100 1414 996 1456; baseline 0.002 -14"><span class='ocrx_word' id='word_1_233' title='bbox 100 1422 195 1452; x_wconf 85' lang='lat' dir='ltr'>quam</span> <span class='ocrx_word' id='word_1_234' title='bbox 215 1414 324 1445; x_wconf 87' lang='lat' dir='ltr'>liberos</span> <span class='ocrx_word' id='word_1_235' title='bbox 345 1416 474 1456; x_wconf 84' lang='lat' dir='ltr'>putavit,</span> <span class='ocrx_word' id='word_1_236' title='bbox 495 1415 651 1446; x_wconf 84' lang='lat' dir='ltr'>libertinos</span> <span class='ocrx_word' id='word_1_237' title='bbox 671 1415 820 1451; x_wconf 84' lang='lat' dir='ltr'>homines,</span> <span class='ocrx_word' id='word_1_238' title='bbox 837 1416 942 1445; x_wconf 80' lang='lat' dir='ltr'>solitus</span> <span class='ocrx_word' id='word_1_239' title='bbox 957 1414 996 1444; x_wconf 90' lang='lat' dir='ltr'>sit</span> 
     </span>
     <span class='ocr_line' id='line_1_32' title="bbox 100 1456 996 1499; baseline 0.001 -13"><span class='ocrx_word' id='word_1_240' title='bbox 100 1456 264 1497; x_wconf 84' lang='lat' dir='ltr'>appellare,</span> <span class='ocrx_word' id='word_1_241' title='bbox 278 1458 342 1499; x_wconf 89' lang='lat' dir='ltr'>qui,</span> <span class='ocrx_word' id='word_1_242' title='bbox 356 1459 394 1488; x_wconf 94' lang='lat' dir='ltr'>ob</span> <span class='ocrx_word' id='word_1_243' title='bbox 405 1460 456 1497; x_wconf 87' lang='lat' dir='ltr'>jus</span> <span class='ocrx_word' id='word_1_244' title='bbox 467 1458 642 1495; x_wconf 87' lang='lat' dir='ltr'>dicendum,</span> <span class='ocrx_word' id='word_1_245' title='bbox 657 1458 705 1488; x_wconf 86' lang='lat' dir='ltr'>M.</span> <span class='ocrx_word' id='word_1_246' title='bbox 717 1458 883 1489; x_wconf 83' lang='lat' dir='ltr'>Octavium</span> <span class='ocrx_word' id='word_1_247' title='bbox 897 1458 996 1498; x_wconf 83' lang='lat' dir='ltr'>Ligu-</span> 
     </span>
     <span class='ocr_line' id='line_1_33' title="bbox 100 1500 994 1539; baseline 0.002 -11"><span class='ocrx_word' id='word_1_248' title='bbox 100 1509 178 1537; x_wconf 84' lang='lat' dir='ltr'>rem,</span> <span class='ocrx_word' id='word_1_249' title='bbox 200 1500 356 1531; x_wconf 84' lang='lat' dir='ltr'>hominem</span> <span class='ocrx_word' id='word_1_250' title='bbox 382 1501 609 1531; x_wconf 84' lang='lat' dir='ltr'>ornatissimum</span> <span class='ocrx_word' id='word_1_251' title='bbox 633 1501 710 1539; x_wconf 85' lang='lat' dir='ltr'>loco,</span> <span class='ocrx_word' id='word_1_252' title='bbox 727 1501 842 1539; x_wconf 90' lang='lat' dir='ltr'>ordine,</span> <span class='ocrx_word' id='word_1_253' title='bbox 859 1501 994 1536; x_wconf 83' lang='lat' dir='ltr'>nomine,</span> 
     </span>
     <span class='ocr_line' id='line_1_34' title="bbox 103 1541 997 1586; baseline 0.001 -14"><span class='ocrx_word' id='word_1_254' title='bbox 103 1541 225 1581; x_wconf 86' lang='lat' dir='ltr'>virtute,</span> <span class='ocrx_word' id='word_1_255' title='bbox 246 1544 380 1585; x_wconf 88' lang='lat' dir='ltr'>ingenio,</span> <span class='ocrx_word' id='word_1_256' title='bbox 401 1545 505 1585; x_wconf 76' lang='lat' dir='ltr'>copiis,</span> <span class='ocrx_word' id='word_1_257' title='bbox 521 1555 640 1585; x_wconf 85' lang='lat' dir='ltr'>poscere</span> <span class='ocrx_word' id='word_1_258' title='bbox 655 1545 817 1586; x_wconf 86' lang='lat' dir='ltr'>pecuniam</span> <span class='ocrx_word' id='word_1_259' title='bbox 829 1554 890 1574; x_wconf 90' lang='lat' dir='ltr'>non</span> <span class='ocrx_word' id='word_1_260' title='bbox 906 1544 997 1574; x_wconf 90' lang='lat' dir='ltr'>dubi-</span> 
     </span>
     <span class='ocr_line' id='line_1_35' title="bbox 104 1584 202 1616; baseline 0.01 -1"><span class='ocrx_word' id='word_1_261' title='bbox 104 1584 202 1616; x_wconf 51' lang='lat' dir='ltr'>terit?</span> 
     </span>
    </p>

    <p class='ocr_par' dir='ltr' id='par_1_5' title="bbox 106 1628 1000 1802">
     <span class='ocr_line' id='line_1_36' title="bbox 150 1628 998 1673; baseline 0 -14"><span class='ocrx_word' id='word_1_262' title='bbox 150 1628 277 1660; x_wconf 81' lang='lat' dir='ltr'>XLIX.</span> <span class='ocrx_word' id='word_1_263' title='bbox 313 1630 352 1660; x_wconf 90' lang='lat' dir='ltr'>In</span> <span class='ocrx_word' id='word_1_264' title='bbox 368 1631 454 1661; x_wconf 83' lang='lat' dir='ltr'>sartis</span> <span class='ocrx_word' id='word_1_265' title='bbox 468 1631 553 1662; x_wconf 81' lang='lat' dir='ltr'>tectis</span> <span class='ocrx_word' id='word_1_266' title='bbox 568 1641 637 1662; x_wconf 86' lang='lat' dir='ltr'>vero</span> <span class='ocrx_word' id='word_1_267' title='bbox 652 1630 913 1673; x_wconf 83' lang='lat' dir='ltr'>quemadmodum</span> <span class='ocrx_word' id='word_1_268' title='bbox 935 1639 998 1660; x_wconf 85' lang='lat' dir='ltr'>sese</span> 
     </span>
     <span class='ocr_line' id='line_1_37' title="bbox 106 1672 997 1715; baseline 0 -14"><span class='ocrx_word' id='word_1_269' title='bbox 106 1672 242 1713; x_wconf 73' lang='lat' dir='ltr'>gesserit,</span> <span class='ocrx_word' id='word_1_270' title='bbox 263 1673 338 1714; x_wconf 86' lang='lat' dir='ltr'>quid</span> <span class='ocrx_word' id='word_1_271' title='bbox 353 1684 408 1715; x_wconf 90' lang='lat' dir='ltr'>ego</span> <span class='ocrx_word' id='word_1_272' title='bbox 423 1674 545 1705; x_wconf 83' lang='lat' dir='ltr'>dicam?</span> <span class='ocrx_word' id='word_1_273' title='bbox 576 1673 742 1713; x_wconf 83' lang='lat' dir='ltr'>Dixerunt,</span> <span class='ocrx_word' id='word_1_274' title='bbox 759 1674 813 1715; x_wconf 90' lang='lat' dir='ltr'>qui</span> <span class='ocrx_word' id='word_1_275' title='bbox 831 1679 997 1704; x_wconf 85' lang='lat' dir='ltr'>senserunt.</span> 
     </span>
     <span class='ocr_line' id='line_1_38' title="bbox 109 1715 999 1757; baseline 0.001 -13"><span class='ocrx_word' id='word_1_276' title='bbox 109 1716 190 1745; x_wconf 69' lang='lat' dir='ltr'>Sunt</span> <span class='ocrx_word' id='word_1_277' title='bbox 203 1715 266 1754; x_wconf 85' lang='lat' dir='ltr'>alii,</span> <span class='ocrx_word' id='word_1_278' title='bbox 283 1717 337 1757; x_wconf 89' lang='lat' dir='ltr'>qui</span> <span class='ocrx_word' id='word_1_279' title='bbox 351 1717 462 1748; x_wconf 82' lang='lat' dir='ltr'>dicant.</span> <span class='ocrx_word' id='word_1_280' title='bbox 500 1718 532 1747; x_wconf 92' lang='lat' dir='ltr'>N</span> <span class='ocrx_word' id='word_1_281' title='bbox 535 1723 591 1748; x_wconf 84' lang='lat' dir='ltr'>otae</span> <span class='ocrx_word' id='word_1_282' title='bbox 606 1728 663 1755; x_wconf 88' lang='lat' dir='ltr'>res,</span> <span class='ocrx_word' id='word_1_283' title='bbox 685 1728 719 1748; x_wconf 81' lang='lat' dir='ltr'>ac</span> <span class='ocrx_word' id='word_1_284' title='bbox 734 1717 913 1754; x_wconf 65' lang='lat' dir='ltr'>manifestae,</span> <span class='ocrx_word' id='word_1_285' title='bbox 929 1726 999 1756; x_wconf 91' lang='lat' dir='ltr'>pro-</span> 
     </span>
     <span class='ocr_line' id='line_1_39' title="bbox 106 1757 1000 1802; baseline 0 -13"><span class='ocrx_word' id='word_1_286' title='bbox 106 1757 179 1790; x_wconf 81' lang='lat' dir='ltr'>latae</span> <span class='ocrx_word' id='word_1_287' title='bbox 193 1764 276 1799; x_wconf 87' lang='lat' dir='ltr'>sunt,</span> <span class='ocrx_word' id='word_1_288' title='bbox 299 1765 329 1790; x_wconf 90' lang='lat' dir='ltr'>et</span> <span class='ocrx_word' id='word_1_289' title='bbox 349 1760 552 1802; x_wconf 86' lang='lat' dir='ltr'>proferuntur.</span> <span class='ocrx_word' id='word_1_290' title='bbox 585 1760 676 1791; x_wconf 85' lang='lat' dir='ltr'>Dixit</span> <span class='ocrx_word' id='word_1_291' title='bbox 691 1761 727 1792; x_wconf 64' lang='grc' dir='ltr'>(Σ.</span> <span class='ocrx_word' id='word_1_292' title='bbox 744 1760 892 1797; x_wconf 80' lang='lat' dir='ltr'>Fannius,</span> <span class='ocrx_word' id='word_1_293' title='bbox 909 1768 1000 1801; x_wconf 84' lang='lat' dir='ltr'>eques</span> 
     </span>
    </p>
   </div>
  </div>
 </body>
</html>
