1181 1902
226 109 291 141 300
409 112 460 143 IN
485 111 681 143 VERREM
706 111 766 143 IV.
791 110 875 141 CAP.
895 111 943 141 13.

225 194 328 226 deberi
348 197 498 237 professus
514 204 598 228 esset.
623 198 726 228 Immo
741 207 821 235 vero,
845 203 960 234 contra,
979 197 1115 237 rapiebat

226 244 256 267 et
271 242 454 279 asportabat,
471 247 620 282 quantum
634 252 652 270 a
661 251 783 281 quoque
795 240 924 277 volebat,
936 240 1092 280 Apronius
1104 251 1112 269 ε

226 283 369 313 omnibus
384 290 487 314 autem
503 284 574 314 locis
592 290 721 314 aratores
737 283 856 324 spoliati
871 293 905 312 ac
926 283 1025 313 vexati
1041 293 1115 323 que-

225 325 391 355 rebantur·
383 338 392 361 ς
417 337 515 367 neque
530 333 631 356 tamen
647 327 747 356 01111111
760 326 911 365 judicium
926 325 1098 365 reperietur.

270 367 356 405 Quid
369 376 412 399 est
421 370 497 400 1100.
491 377 502 391 ³
526 370 589 399 Tot
604 369 659 399 viri
672 370 774 407 fortes,
785 369 913 406 honesti,
925 368 1057 408 gratiosi,
1071 374 1117 398 tot

224 409 330 448 Siculi,
353 417 397 442 tot
415 413 530 461 equites
545 412 690 449 Romani,
712 413 750 441 ab
773 421 835 441 uno
849 412 973 442 homine
993 411 1116 452 nequis-

225 452 302 483 simo
326 465 360 484 ac
384 455 557 503 turpissimo
580 455 655 492 laesi,
677 465 798 495 poenam
819 455 944 494 octupli,
967 454 1030 484 sine
1051 453 1115 484 ulla

225 495 413 528 dubitatione
429 498 632 534 commissam,
649 508 709 527 non
729 498 1005 538 persequebantur.
999 504 1010 518 θ
1035 497 1115 534 Quae

225 548 315 569 causa
329 542 342 570 ἶν’
366 551 434 581 quze
446 542 521 571 ratio
534 547 577 571 est
589 543 601 571 Ρ
627 540 698 570 Una
710 541 773 577 illa,
784 541 911 589 judices⁷
926 550 1017 581 quam
1032 539 1115 569 vide-

226 581 284 611 tis·
275 605 284 617 ,
309 584 391 623 quod
407 585 487 614 ultro
508 584 598 614 etiam
615 584 719 613 illusos
740 594 770 613 se
785 590 814 613 et
829 583 929 613 irrisos
944 584 982 613 ab
1000 582 1116 621 judicio

225 624 405 656 discessuros
424 627 576 657 videbant.
601 627 726 656 Etenim
748 626 830 667 quod
853 632 929 656 esset
952 625 1114 673 judicium,

224 677 307 703 011111,
325 679 341 699 0
352 669 455 699 Verris
468 676 538 710 turp
540 670 642 700 issimo
652 669 945 709 flagitiosissimoque
958 668 1115 716 comitatu,

224 716 283 740 tres
300 719 540 752 recuperatorum
556 713 678 742 nomine
688 712 876 748 assedissent,
888 712 1005 741 asseclae
1017 711 1114 748 istius,

224 763 285 783 non
301 765 319 784 a
330 762 415 796 patre
431 756 457 785 ei
467 755 579 793 traditi,
594 756 645 785 sed
658 766 675 785 a
684 755 875 785 meretricula&
887 754 1089 785 commendati
1101 756 1115 784 Ρ

268 797 383 836 Ageret
394 798 530 828 videlicet
541 808 662 828 causam
675 804 772 827 arator
783 810 791 827 z
817 798 893 827 nihil
904 797 960 827 sibi
969 797 1116 826 frumenti

225 841 264 870 ab
280 840 420 880 Apronio
433 841 583 878 relictum,
600 842 680 871 bona
692 851 745 870 sua
758 841 848 870 etiam
861 841 987 880 direpta,
1001 851 1032 870 se
1047 840 1117 880 pul-

225 889 325 912 satum
352 885 603 924 verberatumque
624 884 742 913 diceret.
767 884 947 914 Conferrent
967 883 1024 912 viri
1044 883 1117 912 boni

224 926 342 966 capita:
367 926 404 956 de
420 927 628 957 comissatione
650 927 846 967 loquerentur
868 927 945 955 inter
961 936 1001 963 se,
1026 936 1060 955 ac
1080 925 1117 955 de

225 969 423 1003 mulierculis,
435 970 459 999 51
472 980 546 1010 quas
557 980 574 999 a
585 976 711 1010 praetore
724 971 867 999 abeuntes
879 975 999 1009 possent
1011 968 1116 1009 depre-

224 1011 364 1042 hendere.
390 1012 452 1042 Res
477 1013 526 1052 agi
553 1013 712 1042 videretur.
736 1012 921 1042 Suri-exisset
945 1012 1114 1052 Apronius,

225 1064 304 1084 nova
319 1055 450 1095 dignitas
466 1055 631 1095 publicani,
656 1065 728 1091 non,
751 1061 785 1084 ut
805 1055 1002 1090 decumanus,
1026 1065 1116 1095 squa-

225 1097 297 1127 10115
312 1098 419 1137 plenus
443 1109 477 1128 ac
494 1098 637 1138 pulveris,
655 1098 706 1127 sed
722 1098 885 1138 unguentis
905 1098 1028 1133 oblitus,
1046 1098 1116 1127 vino

224 1140 577 1189 vigiliisquelanguidus.
602 1140 729 1179 Omnia,
746 1141 845 1181 primo
861 1147 946 1170 motu
959 1151 992 1170 ac
1007 1140 1115 1180 spiritu

225 1193 292 1221 suo,
306 1183 380 1220 vini,
397 1184 556 1224 unguenti,
574 1184 704 1224 corporis
720 1184 809 1213 odore
825 1183 1012 1224 complesset.
1038 1183 1117 1212 Dix-

227 1226 298 1256 isset
314 1226 388 1263 haec,
406 1238 474 1267 quae
490 1227 582 1267 vulgo
598 1227 694 1256 dicere
711 1227 835 1263 solebat,
852 1236 911 1256 non
929 1237 959 1256 se
974 1226 1116 1256 decumas

227 1269 344 1306 01111550,
362 1269 412 1299 sed
428 1271 507 1300 bona
530 1270 725 1310 fortunasque
741 1276 914 1304 aratorum;
939 1279 999 1299 non
1019 1280 1049 1299 se
1064 1269 1116 1299 de-

227 1322 393 1342 cumanum
420 1324 482 1343 esse
508 1313 697 1353 Apronium,
725 1313 777 1342 sed
808 1312 936 1342 Verrem
971 1312 1113 1349 alterum,

226 1355 388 1385 dominum
403 1356 525 1385 illorum
543 1366 577 1385 ac
593 1362 766 1395 tyrannum.
791 1355 871 1393 Quae
886 1365 957 1385 00111
980 1355 1114 1393 dixisset,

225 1397 272 1427 illi
288 1398 343 1427 viri
363 1399 482 1438 optimi,
502 1399 539 1429 de
560 1399 680 1428 cohorte
700 1398 786 1428 istius
807 1404 1038 1439 recuperatores,
1055 1407 1115 1427 non

227 1440 265 1470 de
281 1442 463 1471 absolvendo
478 1442 618 1482 Apronio
637 1441 847 1479 deliberarent,
864 1441 916 1471 sed
936 1446 1114 1481 quaererent,

227 1494 322 1524 ecquo
342 1484 433 1514 modo
457 1485 616 1525 petitorem
636 1484 737 1524 ipsum
757 1484 898 1525 Apronio
917 1484 1115 1514 condemnare

227 1533 358 1567 possent.

271 1569 371 1599 XIII.
398 1570 488 1601 Hanc
497 1576 530 1600 tu
542 1570 694 1600 licentiam
707 1570 946 1610 diripiendorum
962 1575 1115 1599 aratorum

226 1622 298 1643 cum
321 1613 505 1651 decumanis,
531 1613 588 1643 hoc
607 1620 660 1651 est,
683 1613 834 1653 Apronio,
855 1613 1050 1653 permisisses,
1069 1619 1114 1649 ut,

226 1662 377 1696 quantum
395 1657 494 1693 vellet,
511 1663 663 1696 poscerem
688 1662 838 1697 quantum
854 1656 1045 1696 poposcisset,
1062 1666 1116 1685 au-

227 1699 317 1728 ferret
331 1709 340 1734 3
365 1698 421 1729 hoc
436 1699 491 1729 tibi
511 1699 690 1729 defensionis
710 1699 749 1728 ad
761 1699 912 1737 judicium
929 1705 1016 1728 tuum
1034 1708 1117 1728 com-

228 1743 366 1781 parabas,
383 1741 522 1772 habuisse
538 1748 566 1772 te
582 1742 727 1779 edictum,
741 1748 960 1782 recuperatores
972 1741 1116 1771 daturum

226 1784 257 1814 in
274 1784 431 1825 octuplum
446 1786 460 1815 ?
483 1785 528 1821 si,
543 1785 727 1823 mehercule,
740 1795 777 1815 ex
790 1785 874 1815 omni
889 1784 976 1825 copia
988 1793 1118 1814 conven-
