1181 1902
235 86 286 117 IN
309 85 508 117 VERREM
525 86 573 117 ΙΙ.
586 85 670 118 Ciu).
686 87 739 117 21.
878 85 940 121 173

52 171 257 215 spectantibus
276 172 431 211 omnibus,
446 171 589 213 plaustris
611 178 713 204 evecta
734 177 948 216 asportataque

56 227 129 248 esse.
151 215 260 256 Atque
274 215 366 246 etiam
381 215 472 246 illum
486 215 682 256 Aspendium
698 215 895 255 citharistam,
911 217 950 248 de

59 269 121 301 quo
135 269 214 300 saepe
228 258 356 289 audistis
375 257 418 297 id,
435 258 518 307 quod
538 264 583 289 est
598 258 713 289 Graecis
727 259 925 291 hominibus*
917 270 951 291 in

59 301 230 343 proverbio,
257 311 350 342 quem
375 301 479 331 onmia
501 301 584 332 intus
598 311 704 332 canere
718 301 868 341 dicebant,
885 314 951 334 sus-

60 345 143 383 tulit,
159 350 189 375 et
202 344 235 374 in
250 344 365 375 intimis
380 344 441 375 suis
456 343 571 375 aedibus
579 345 700 385 posuit,
717 351 753 376 ut
761 345 853 376 etiam
862 347 952 377 illum

60 388 163 430 ipsum
178 387 303 418 artificio
318 397 372 418 suo
387 386 541 428 superasse
556 387 702 418 videatur.

119 431 226 471 Pergae
254 430 363 461 fanum
391 430 639 471 antiquissimum
669 437 699 462 et
728 431 951 463 sanctissimum

62 474 174 504 Dianae
188 474 299 504 scimus
314 484 395 504 esse:
418 473 451 503 id
463 484 585 514 quoque
595 484 614 504 a
623 482 652 504 te
668 474 819 505 nudatum
834 486 869 506 ac
884 486 954 516 spo-

62 517 171 547 liatum
187 527 270 553 esse;
294 527 332 547 ex
347 516 413 557 ipsa
432 516 547 555 Diana,
564 517 647 558 quod
660 517 792 548 habebat
806 519 884 555 auri,
901 519 954 549 de-

63 566 194 591 tractum
209 566 300 600 atque
311 560 449 590 ablatum
464 570 526 590 esse
541 559 617 590 dico.
641 560 722 598 Quae
732 561 864 595 (malum
876 561 899 599 !)
910 568 955 593 est

63 603 120 634 ista
134 609 218 633 tanta
232 602 358 633 audacia
378 610 470 644 atque
485 603 639 633 amentia?
663 614 738 644 quas
754 604 836 634 enim
859 605 955 636 socio-

62 656 130 676 rum
147 653 238 687 atque
253 646 421 676 amicorum
436 647 525 676 urbes
547 646 639 676 adisti
659 647 818 696 legationis
835 649 904 687 jure
927 654 957 678 et

62 689 197 727 nomine,
221 689 246 719 si
261 689 293 719 in
308 700 357 719 eas
372 689 402 719 vi
417 699 488 720 cum
504 689 637 719 exercitu
657 689 846 731 imperioque
869 691 957 721 inva-

62 733 165 768 sisses3
183 738 296 770 tamen,
313 732 430 773 opinor,
447 743 517 773 quae
529 732 614 773 signa
629 738 721 773 atque
730 740 908 764 ornamenta
919 744 957 764 ex

62 775 109 806 his
132 776 259 806 urbibus
283 775 463 812 sustulisses,
479 775 544 806 haec
568 785 629 806 non
651 775 683 805 in
707 781 793 806 tuam
816 777 956 825 domum,

64 828 162 859 neque
177 818 209 848 in
225 819 400 848 suburbana
414 819 595 857 amicorum,
611 819 664 849 sed
679 819 816 850 Romam
840 820 874 850 in
897 831 956 861 pu-

64 862 192 900 blicum,
209 861 266 902 dep
269 862 404 892 ortasses.

109 904 204 935 XXI.
234 873 321 942 quid
336 915 391 944 ego
406 904 444 934 de
459 904 508 935 Μ.
526 904 676 935 Marcello
690 904 810 946 loquar,
827 905 882 946 qui
898 906 919 937 S

67 958 197 986 racusas,
223 949 331 977 urbem
356 947 591 987 ornatissimam,
615 948 719 989 cepit?
756 948 832 989 quid
855 948 894 979 de
918 917 958 979 {a

67 991 218 1032 Scipione,
234 991 288 1031 qui
302 990 446 1021 bellum*
437 1001 470 1020 111
485 991 564 1021 Asia
577 992 679 1031 gessit,
692 991 958 1032 Antiochumque,

67 1044 171 1074 regem
200 1033 456 1074 potentissimum,
482 1034 579 1064 vicit?
614 1034 689 1075 quid
713 1034 750 1064 de
771 1034 959 1071 Flaminino,

68 1077 123 1118 qui
138 1086 239 1117 regem
256 1076 436 1117 Philippum
447 1083 476 1106 et
488 1076 704 1107 Macedoniam
714 1077 834 1117 subegit
847 1079 861 1108 ?
885 1077 961 1118 quid

65 1120 104 1151 de
119 1119 156 1149 L.
175 1119 284 1156 Paulo,
300 1119 355 1160 qui
369 1129 471 1160 regem
487 1120 599 1150 Persen
614 1120 645 1150 vi
660 1129 695 1150 ac
711 1120 820 1150 virtute
836 1131 960 1161 supera-

68 1163 112 1194 vit
125 1164 139 1193 ?
162 1162 237 1203 quid
257 1162 295 1193 de
321 1162 360 1193 L.
385 1162 556 1200 Mummio,
581 1163 636 1204 qui
659 1164 767 1193 urbem
793 1163 962 1203 pulcherri-

67 1215 152 1236 mam
167 1211 259 1246 atque
280 1205 514 1244 ornatissimam,
539 1206 734 1243 Corinthum,
750 1206 959 1246 plenissimam

68 1259 171 1279 rerum
185 1248 336 1286 omnium,
353 1249 486 1287 sustulit,
502 1250 652 1290 urbesque
674 1249 804 1279 Acha‘iae
818 1249 960 1279 Boeotiae-

69 1302 130 1333 que
143 1292 257 1321 multas
272 1293 328 1322 sub
343 1291 508 1332 imperium
528 1293 635 1333 populi
650 1292 785 1322 Romani
800 1291 962 1322 ditionem-

69 1345 130 1376 que
145 1334 305 1374 subjunxit
317 1336 331 1365 Ρ
355 1345 487 1375 quorum
502 1335 623 1373 domus,
643 1345 714 1365 curn
729 1335 843 1365 honore
859 1341 888 1365 et
903 1335 962 1365 vir-

69 1384 134 1408 tute
156 1377 306 1416 florerent,
326 1377 419 1418 signis
442 1383 472 1408 et
495 1378 607 1408 tabulis
629 1378 716 1418 pictis
739 1383 824 1408 erant
847 1388 961 1408 vacuae.

70 1422 117 1450 At
137 1431 206 1451 vero
229 1421 337 1450 urbem
360 1426 468 1458 totam,
490 1421 605 1461 templa
627 1421 777 1457 Deorum,
796 1431 964 1462 omnesque

71 1463 171 1494 Italiae
185 1469 296 1504 partes,
306 1463 430 1494 illorum
445 1463 532 1495 donis
546 1474 581 1495 ac
595 1464 791 1495 monimentis
805 1471 964 1494 exornatas

72 1506 221 1537 videmus.

116 1549 242 1587 Vereor,
258 1559 297 1580 ne
318 1549 383 1580 haec
404 1548 482 1580 forte
504 1549 649 1591 cuiquam
673 1549 765 1580 nimis
785 1549 911 1590 antiqua
935 1555 965 1580 et

70 1593 137 1632 jam
159 1593 294 1623 obsoleta
314 1593 493 1623 videantur:
517 1592 560 1623 ita
580 1593 663 1623 enim
685 1599 753 1623 tum
777 1592 967 1633 aequabiliter

72 1644 178 1665 ornnes
193 1641 278 1666 erant
291 1635 480 1675 hujusmodi,
496 1642 531 1666 ut
545 1636 610 1666 haec
624 1636 692 1667 laus
707 1635 827 1666 eximiae
845 1635 966 1666 virtutis

73 1684 105 1708 et
129 1678 319 1716 innocentiae,
344 1688 403 1709 non
429 1679 528 1709 solum
548 1678 723 1716 hominum,
743 1688 849 1709 verum
873 1678 966 1708 etiam

74 1727 246 1761 temporum
268 1721 404 1761 illorum,
426 1732 488 1753 esse
503 1722 649 1753 videatur.
682 1722 718 1752 P.
743 1721 963 1758 Servihus‚v1r

72 1763 267 1803 clarissimus,
282 1764 426 1796 maximis
441 1766 532 1796 rebus
546 1765 649 1806 gestis,
670 1764 776 1795 adest:
801 1764 839 1795 de
854 1769 883 1795 te
901 1773 967 1794 sen-

652 1816 676 1840 Q
691 1808 711 1838 3
