1181 1902
284 60 335 93 IN
358 60 555 94 VERREM
580 61 608 92 1.
625 59 709 93 CAP.
726 61 758 91 2.
905 59 966 90 135

76 147 184 178 multa:
198 147 276 178 mihi
289 158 308 178 a
323 148 359 179 C.
376 147 473 179 Verre
491 147 610 178 insidiae
631 148 711 179 terra
725 146 864 188 marique
880 145 967 176 factae

77 192 149 229 sint,
174 202 250 232 quas
272 192 383 232 partim
398 191 468 221 mea
487 191 646 232 diligentia
662 191 834 230 devitarim,
856 190 970 231 partim

75 235 244 265 amicorum
256 235 355 265 studio
370 234 528 275 officioque
539 235 723 275 repulerim3
747 243 907 275 nunquam
923 239 969 263 ta-

77 287 149 307 men
165 287 263 318 neque
278 284 398 308 tantum
419 278 589 319 periculum
604 278 681 307 mihi
693 277 774 308 adire
790 277 870 307 visus
886 286 967 314 sum,

77 329 177 361 neque
198 327 353 361 tantopere
375 321 530 361 pertimui,
549 327 584 351 ut
606 331 687 351 nunc
710 321 741 350 in
763 320 828 361 ipso
843 319 968 359 judicio.

78 363 191 404 Neque
206 370 326 394 tantum
337 374 387 394 me
399 364 580 404 exspectatio
592 364 788 394 accusationis
800 373 886 401 meae,
898 372 969 393 con-

78 415 244 448 cursusque
264 413 356 437 tantae
377 406 595 445 multitudinis,
616 407 728 448 quibus
743 416 799 447 ego
813 407 903 436 rebus
918 416 970 436 ve-

77 449 304 480 hementissime
324 451 494 491 perturbor,
511 456 692 487 commovet,
711 455 861 491 quantum
883 449 970 479 istius

77 492 195 523 insidiae
210 493 342 531 nefariae,
367 504 442 534 quas
458 503 519 524 uno
534 499 671 534 tempore
684 493 772 530 mihi,
794 492 890 529 vobis,
918 492 970 522 M’

80 536 241 566 Glabrioni
256 536 388 577 praetori,
405 536 501 575 sociis,
523 538 632 567 exteris
654 537 839 574 nationibus,
858 535 969 584 ordini,

77 579 198 609 nomini
223 579 355 620 denique
377 580 536 618 senatorio,
555 580 652 610 facere
672 585 819 615 conaturg
852 578 906 619 qui
928 578 972 608 ita

76 621 207 660 dictitat,
229 622 264 653 iis
285 633 347 653 esse
369 623 582 661 metuendum,
607 623 673 664 qui,
696 622 779 664 quod
802 622 876 671 ipsis
901 621 973 652 solis

78 665 150 695 satis
172 671 259 704 esset,
282 666 517 707 surripuissent:
542 677 573 696 se
590 672 712 696 tantum
727 665 873 706 rapuisse,
889 670 924 694 ut
939 664 972 694 id

78 708 185 738 multis
208 709 279 739 satis
305 719 368 740 esse
390 709 506 750 possit:
538 709 616 740 nihil
642 719 704 739 esse
730 715 793 740 tam
818 714 970 745 sanctum,

79 751 162 793 quod
177 761 238 782 non
256 752 370 803 violari,
386 752 465 783 nihil
479 758 543 784 tam
557 752 726 792 munitum,
743 752 826 794 quod
839 761 902 782 non
917 761 973 781 ex-

76 795 211 836 pugnari
225 794 353 836 pecunia
367 796 470 836 possit.

123 838 218 876 Quod
233 838 269 876 si,
285 849 379 880 quam
391 839 493 870 audax
505 845 550 870 est
563 838 602 870 ad
617 839 802 877 conandum,
818 843 882 868 tam
898 842 975 868 esset

79 882 225 912 obscurus
247 882 279 911 in
295 882 435 922 agendo3
459 882 583 913 fortasse
601 883 663 924 aliq
665 894 706 913 ua
727 882 760 912 in
783 892 816 912 re
839 891 894 911 nos
918 880 974 911 ali-

80 924 204 966 quando
226 924 390 956 fefellisset.
421 926 541 957 Verum
561 926 619 956 1100
642 926 742 956 adhuc
761 924 975 966 percommode

76 967 173 1006 uadit,
189 968 272 1008 quod
287 978 358 999 cum
380 969 550 1000 incredibili
572 970 637 1009 ejus
657 969 784 999 audacia
810 967 974 1008 singularis

81 1011 211 1041 stultitia
220 1012 382 1052 conjuncta
396 1020 450 1044 est.
475 1013 572 1049 Nam,
590 1019 623 1042 ut
639 1019 759 1053 apertus
770 1012 802 1040 in
812 1011 977 1051 corripien-

82 1053 129 1084 dis
150 1054 286 1095 pecuniis
309 1055 379 1094 fuit,
407 1056 459 1093 sic,
483 1056 516 1086 in
542 1066 595 1096 spe
620 1054 834 1096 corrumpendi
854 1054 975 1094 judicii,

82 1097 240 1139 perspicua
255 1108 310 1128 sua
324 1099 448 1130 consilia
459 1104 645 1147 conatusque
659 1099 802 1129 omnibus
816 1097 896 1128 fecit.
920 1098 975 1128 Se-

83 1141 157 1178 mel,
181 1140 234 1180 ait,
251 1151 282 1171 se
305 1141 337 1172 in
360 1142 422 1173 vita
436 1142 638 1183 pertimuisse,
655 1147 734 1180 tum,
751 1151 821 1172 cuin
836 1140 925 1181 prim
921 1151 975 1170 im

77 1194 152 1214 *reus
167 1194 185 1213 a
202 1194 252 1214 me
267 1184 364 1215 factus
379 1185 439 1222 sit3
463 1185 557 1243 quod,
574 1196 645 1216 cum
661 1196 677 1215 e
699 1184 854 1226 provincia
873 1193 976 1214 recens

84 1233 171 1264 esset,
195 1227 371 1270 invidiaque
391 1235 420 1259 et
434 1229 563 1259 infamia
578 1239 640 1259 non
657 1228 781 1266 recenti,
802 1227 854 1257 sed
876 1233 975 1257 vetere

86 1280 122 1300 ac
137 1270 283 1301 diuturna
298 1272 448 1312 flagraret,
466 1279 545 1311 tuni,
561 1272 600 1302 ad
612 1271 764 1311 judicium
779 1280 976 1311 corrumpen-

82 1313 172 1351 dum,
184 1320 310 1362 'tempus
325 1316 459 1345 alienum
481 1315 655 1345 offenderet.
680 1315 800 1355 Itaque,
825 1323 896 1344 eum
920 1324 977 1353 ego

84 1356 190 1386 diem
181 1367 213 1386 m
224 1356 402 1407 ·[Siciliam]
426 1358 601 1399 inquirendi
621 1358 819 1399 perexiguam
841 1357 977 1397 postula-

77 1399 207 1438 vissein,
222 1400 337 1431 invenit
351 1401 418 1440 iste,
435 1402 489 1443 qui
504 1402 583 1432 sibi
574 1412 607 1432 in
622 1401 777 1431 Achaiam
794 1400 889 1430 biduo
909 1401 978 1429 bre-

85 1442 200 1473 viorem
216 1443 297 1474 diem
319 1446 506 1485 postularet:
530 1455 592 1475 non
614 1450 649 1474 ut
670 1445 696 1474 is
716 1444 798 1474 idem
821 1452 875 1473 001
879 1442 979 1473 ficeret

86 1484 245 1526 diligentia
260 1493 290 1517 et
304 1487 453 1518 industria
471 1498 538 1526 sua,
555 1488 638 1537 quod
653 1498 708 1528 ego
730 1497 800 1517 meo
821 1486 924 1516 labore
948 1491 979 1516 et

87 1528 198 1570 Vigiliis
214 1537 390 1561 consecutus
405 1541 496 1561 sum·
521 1531 632 1562 etenim
645 1531 696 1560 ille
707 1529 884 1560 Achai'cus'
877 1529 980 1570 inqui-

88 1571 160 1601 sitor
175 1582 214 1602 ne
226 1573 429 1604 Brundisium
445 1574 570 1615 quidem
584 1574 742 1615 pervenit;
767 1583 823 1613 ego
844 1572 980 1603 Siciliam

89 1620 186 1644 totam
200 1616 424 1665 quinquaginta
438 1617 544 1648 diebus
559 1617 601 1648 sic
615 1617 688 1653 obii,
705 1622 740 1646 ut
760 1616 900 1646 omnium
925 1625 981 1656 po-

76 1657 231 1698 pulorum
246 1660 495 1702 privatorumque
508 1661 628 1691 litei-as'
620 1659 808 1700 injuriasque
820 1668 981 1698 cognosce-

87 1710 174 1730 rem·
165 1723 175 1738 ‚
197 1707 234 1733 ut
248 1703 442 1744 peispicuum
453 1704 548 1735 cuivis
563 1714 626 1735 esse
640 1708 751 1745 posset,
767 1702 923 1734 hominem
935 1703 978 1733 ab
