1181 1902
0 0 1181 116 ——

226 193 269 231 76
317 193 408 225 PRO
433 193 599 226 ROSCIO
621 193 853 225 AMERINO.
871 193 955 225 CM».
971 194 1025 224 43.

1155 216 1156 241 1

1155 263 1156 275 l

222 280 298 310 tatio
312 280 457 321 permissa
468 280 581 311 Erucio
596 286 650 319 est,
664 286 693 311 et
708 280 739 310 in
755 279 924 316 audaciam,
942 281 1028 319 cujus
1043 277 1121 320 paiz*
1155 277 1157 308 ῐ

224 329 268 354 tes
285 324 401 353 Rosciis
416 324 564 364 impositae
576 329 654 353 sunt.
679 323 840 363 Quidquid
855 323 1006 359 maleficii,
1023 324 1115 353 scele-
1155 335 1156 340 ¹

224 366 276 403 ris,
294 366 381 396 caedis
396 366 461 403 erit,
477 367 634 407 proprium
650 366 681 396 id
703 367 883 396 Rosciorum
900 376 962 396 esse
980 366 1113 396 debebit.
1154 343 1156 407 J

225 409 364 439 Nimiam
375 409 501 449 gratiam
514 409 741 450 potentiamque
758 409 958 449 Chrysogoni,
972 409 1114 445 dicimus,
1154 408 1156 446 ἶ

225 458 255 482 et
275 452 361 481 nobis
381 453 508 489 obstare,
526 459 554 482 et
569 452 692 492 perferri
713 452 798 481 nullo
814 451 904 481 modo
919 462 1026 492 posse;
1051 458 1080 481 et
1096 462 1116 481 a
1154 451 1155 491 ᾗ

225 495 310 525 vobis
326 495 483 535 (quoniam
504 501 634 535 potestas
657 495 727 524 data
749 501 817 531 est),
834 504 893 524 non
917 494 1008 524 modo
1030 494 1116 524 infir·
1154 493 1155 531 1

223 537 312 573 mari,
329 548 434 568 verum
450 539 539 568 etiam
556 538 710 575 vindicari,
727 543 870 577 oportere.
1154 540 1155 562 1

270 580 339 620 Ego
355 581 395 611 sic
415 581 576 616 existinm3
600 581 653 621 qui
675 581 769 621 qumi
795 581 866 610 velit
893 591 930 610 ex
960 580 1006 615 iis,
1038 590 1114 621 quos
1154 578 1155 610 ἒ

224 629 350 659 constat,
367 634 436 654 cum
452 624 546 654 caedes
561 624 639 653 facta
655 623 702 659 sit,
716 623 846 659 affuisse,
860 633 929 653 eum
943 633 1050 663 cupere
1063 634 1114 653 ve-
1154 641 1155 648 1

223 676 293 696 rum
317 666 451 697 invenire
464 677 472 702 ;
498 667 551 707 qui
576 673 702 704 recuset,
728 676 798 696 eum
823 666 966 706 profecto,
995 666 1114 695 tametsi
1153 677 1155 700 ,1

224 710 314 740 verbo
329 719 389 739 non
406 709 525 745 audeat,
550 716 650 739 tamen
676 720 707 739 re
731 709 797 750 ipsa
823 709 861 738 de
887 709 1034 738 maleficio
1058 719 1113 739 suo
1153 720 1155 737 e

223 752 368 782 confiteri.
406 752 482 782 Dixi
498 753 594 789 initio,
608 752 734 791 judices,
759 752 839 782 nolle
854 762 903 781 me
918 751 1006 791 plura
1021 751 1058 781 de
1073 751 1114 781 is-
1153 757 1154 765 ¹

223 800 325 825 torum
341 795 449 825 scelere
469 795 575 833 dicere,
592 806 686 835 quam
706 805 795 825 causa
813 795 988 835 postularet,
1005 805 1039 824 ac
1060 804 1114 824 ne-

222 838 345 868 cessitas
360 838 425 879 ipsa
444 844 571 878 cogeret.
604 839 688 868 Nam
704 844 733 868 et
748 838 854 868 multae
869 848 914 867 res
930 837 1029 867 afferri
1044 848 1114 877 pos-
1152 871 1154 879 s

223 886 307 919 sunt,
335 887 364 911 et
382 891 574 922 unaquaeque
592 891 696 911 earum
719 881 824 910 multis
840 890 909 910 cum
925 881 1113 920 argumentis

222 923 283 954 dici
298 930 404 964 potest.
442 924 560 955 Verum
576 934 642 964 ego,
659 924 741 964 quod
762 924 874 953 invitus
890 934 924 953 ac
947 923 1112 954 necessario

222 967 312 1005 facio,
343 976 441 1008 neque
467 966 520 996 diu
550 977 647 1008 neque
671 967 829 1006 diligenter
854 966 950 996 facere
975 976 1111 1006 possum.
1152 967 1153 971 ’

222 1009 306 1047 Quae
320 1009 466 1058 praeteriri
481 1010 567 1039 nullo
581 1009 672 1039 modo
686 1015 835 1049 poterant,
853 1020 887 1039 ea
901 1009 1016 1045 leviter,
1028 1009 1113 1047 judi-
1152 1006 1153 1010 ¹

222 1063 282 1090 ces,
295 1053 401 1093 attigi:
426 1063 495 1093 quae
506 1052 603 1093 posita
618 1058 689 1082 sunt
697 1052 729 1081 111
741 1052 970 1092 suspicionibus,
983 1052 1032 1085 (de
1043 1052 1114 1092 qui-

221 1096 280 1126 bus
295 1095 318 1125 si
334 1106 448 1136 coepero
463 1095 569 1132 dicere,
584 1095 721 1136 pluribus
734 1095 830 1125 verbis
842 1095 880 1125 sit
889 1094 1111 1133 disserendum)
1151 1103 1153 1136 ,j

223 1149 259 1169 ea
274 1139 377 1169 vestris
391 1139 519 1179 ingeniis
534 1139 772 1179 conjectura‘que
787 1138 953 1168 committo.
1151 1137 1153 1168 ι’

266 1181 398 1212 XLIII.
433 1181 532 1212 Venio
560 1191 642 1211 nunc
671 1181 709 1211 ad
735 1181 812 1210 illud
841 1191 951 1211 nomen
982 1191 1110 1211 aureum
1150 1212 1152 1218 Α

221 1224 423 1265 Chrysogoni,
440 1226 496 1255 sub
512 1235 573 1265 quo
588 1225 710 1254 nomine
726 1230 788 1254 tota
803 1224 924 1253 societas
946 1223 1108 1259 statuitur3

220 1267 259 1298 de
275 1278 346 1307 quo,
366 1268 494 1307 judices,
510 1277 608 1308 neque
623 1267 775 1308 quomodo
790 1267 900 1304 dicam,
917 1276 1015 1307 neque
1033 1277 1110 1307 quo-

221 1310 313 1340 modo
332 1317 459 1348 taceam,
476 1311 603 1351 reperire
617 1320 751 1351 possum.
789 1310 821 1340 Si
837 1310 917 1339 enim
934 1315 1035 1344 taceo;
1061 1310 1109 1339 vel

221 1353 391 1383 maximam
408 1360 524 1395 partem
535 1353 672 1393 relinquo
685 1365 692 1383 ε
717 1353 873 1382 sinautem
887 1352 953 1382 dico
967 1363 976 1387 ;
994 1362 1107 1387 vereor,

224 1405 263 1426 ne
278 1406 339 1425 non
358 1397 409 1426 ille
431 1397 511 1427 solus
528 1396 584 1433 (id,
601 1396 682 1436 quod
699 1396 737 1425 ad
759 1405 808 1425 me
820 1395 897 1424 nihil
913 1395 1043 1430 attinet),
1061 1395 1113 1424 sed

220 1439 272 1468 alii
289 1450 410 1480 quoque
422 1440 523 1480 plures
538 1439 623 1469 laesos
639 1449 669 1469 se
685 1449 746 1469 esse
756 1444 872 1479 putent.
912 1438 1049 1467 Tametsi
1065 1438 1109 1467 ita

220 1492 251 1511 se
273 1492 317 1511 res
333 1482 434 1518 habet,
459 1488 493 1512 ut
507 1482 583 1511 mihi
605 1482 636 1511 in
653 1492 847 1512 communem
870 1491 990 1510 causam
1013 1487 1107 1511 secto·-
1149 1503 1151 1519 ς

219 1535 289 1554 rum
305 1525 465 1555 dicendum
482 1525 557 1555 nihil
573 1535 754 1565 magnopere
766 1524 912 1554 videatur.
938 1524 1015 1553 Haec
1024 1524 1106 1554 8111111
1149 1535 1151 1544 ·

219 1577 310 1597 causa
321 1578 398 1597 nova
414 1568 546 1609 profecto
556 1574 585 1598 et
600 1567 759 1607 singularis
775 1574 828 1597 est.

264 1611 423 1640 Bonorum
455 1613 523 1640 Sex.
556 1611 658 1640 Roscii
688 1619 785 1640 emtor
809 1616 851 1640 est
881 1609 1107 1650 Chrysogonus.

220 1653 360 1683 Primum
377 1653 432 1683 hoc
456 1654 620 1689 videamus,
638 1654 702 1692 ejus
723 1653 854 1682 hominis
875 1654 954 1682 bona
975 1653 1036 1692 qua
1058 1663 1106 1682 ra-
1148 1667 1150 1680 ι

218 1696 299 1726 tione
326 1697 493 1732 venierunt,
520 1703 572 1726 aut
602 1696 754 1736 quomodo
785 1696 885 1726 venire
914 1697 1104 1735 potuerunt?

218 1739 392 1779 Atquehoc
406 1749 466 1769 non
479 1740 521 1769 ita
537 1749 682 1780 quaeram,
694 1739 820 1777 judices,
838 1744 872 1768 ut
887 1738 917 1768 id
932 1738 1031 1768 dicam
1042 1748 1106 1769 esse
1147 1742 1149 1778 j

216 1781 390 1822 indignum,
407 1782 537 1812 hominis
552 1782 717 1812 innocentis
732 1783 811 1812 bona
826 1782 950 1811 venisse.
975 1781 1007 1811 si
1022 1781 1104 1811 enim

216 1824 281 1855 haec
300 1824 471 1861 audientur,
496 1834 530 1855 ac
553 1825 646 1855 libere
666 1825 825 1860 dicentum
850 1834 910 1854 non
926 1823 984 1853 fuit
1000 1829 1102 1854 tantus

216 1867 308 1900 homo
323 1868 394 1900 Sex.
411 1867 539 1900 Roscius
553 1867 585 1899 in
600 1868 729 1902 civitate,
746 1873 780 1899 ut
795 1867 832 1899 de
854 1877 889 1899 eo
911 1866 1101 1902 notissimum
1147 1875 1148 1902 1
