1181 1902
178 136 241 167 308
360 135 411 166 IN
435 135 632 167 VERREM
656 136 717 168 IV.
741 135 825 168 CAP.
842 137 894 168 20.

181 221 360 252 cerviculam
375 222 572 260 jactaturum,
587 229 616 253 et
630 223 743 263 populo
755 233 786 253 se
801 233 836 253 ac
851 232 968 253 coronae
982 221 1071 253 datu-

183 266 277 295 rum?
303 264 379 294 Haec
397 276 449 296 vos
464 272 562 301 antea,
576 266 703 305 judices,
719 266 865 296 audistis:
890 275 995 296 verum
1010 266 1072 296 for-

184 313 261 337 tasse
285 307 327 337 ita
350 308 486 346 audistis,
504 314 539 338 ut
559 314 712 339 auctorem
736 319 889 339 rumorem
910 309 1070 347 haberetis,

185 360 415 391 sermonemque
439 352 586 381 omnium.
611 352 789 392 Cognoscite
814 361 907 388 nunc,
930 351 1072 382 innume-

185 393 312 423 rabilem
327 394 487 433 pecuniam
502 394 699 425 frumentario
714 394 837 425 nomine
858 399 990 435 ereptam
1004 405 1014 430 ς
1038 400 1073 425 ut

186 435 276 466 simu]
293 436 377 466 illam
390 447 511 478 quoque
523 438 587 476 ejus
597 448 699 468 vocem
711 438 882 478 improbam
893 437 1072 477 agnoscatis,

186 479 240 519 qui
261 490 292 509 se
312 490 373 509 uno
395 486 512 520 quaestu
533 480 730 511 decumarum
745 481 848 511 omnia
863 491 918 511 sua
940 480 1074 521 pericula

186 521 394 552 redemturum
412 533 474 553 esse
488 523 613 554 dicebat.

230 565 305 595 XX.
329 565 486 596 Audimus
496 566 552 596 hoc
564 566 695 605 jamdiu,
709 566 826 606 judices
840 577 847 596 ε
873 576 950 606 nego
966 576 1073 607 quem-

186 618 280 647 quam
297 618 358 638 esse
373 610 516 644 vestrum,
534 609 607 650 quin
626 620 704 650 saepe
719 609 857 645 audierit,
875 609 968 639 socios
987 609 1074 639 istius

186 650 278 681 fuisse
290 651 485 682 decumanos.
510 652 599 682 Nihil
614 652 698 682 aliud
713 653 840 682 arbitror
852 652 882 681 in
893 652 986 682 istum
998 651 1074 683 falso

186 703 249 723 esse
263 693 379 724 dictum
394 696 432 724 ab
447 695 494 733 iis,
511 695 565 736 qui
576 696 656 725 male
670 695 707 726 de
722 696 778 725 isto
793 695 1006 731 existimarint,
1017 695 1075 725 nisi

186 735 262 766 hoc:
287 747 358 767 nam
375 738 445 768 socii
459 738 587 778 putandi
599 744 680 776 sunt,
694 749 769 779 quos
784 738 861 768 inter
876 749 922 768 res
937 748 1075 768 commu-

187 779 287 809 nicata
312 786 365 810 est.
394 780 463 820 Ego
484 791 548 810 rem
575 787 681 817 totam,
702 781 899 822 fortunasque
921 786 1076 811 aratorum

187 832 303 859 omnes,
330 823 414 853 istius
435 823 526 853 fuisse
548 823 634 854 dico:
659 824 848 865 Apronium,
869 824 1076 864 Veneriosque

188 875 298 903 servos,
316 866 398 906 quod
414 866 470 896 isto
484 872 611 907 pra-tore
626 867 686 896 fuit
700 876 814 897 novum
830 877 925 906 genus
940 867 1077 907 publica-

187 918 310 945 norum,
337 914 519 950 caeterosque
542 909 736 947 decumanos,
760 915 965 950 procuratores
990 909 1076 940 istius

187 953 319 991 quaestfrs
346 956 375 981 et
398 952 551 982 ministros
571 953 747 993 rapinarum
770 952 863 982 fuisse
889 952 964 982 dico.
988 952 1076 990 Quo-

187 993 278 1023 modo
293 994 350 1024 hoc
365 994 451 1025 doces
464 997 477 1025 ?
501 1006 562 1036 quo
578 996 668 1026 modo
680 1006 718 1026 ex
729 996 876 1026 locatione
890 996 945 1025 illa
960 996 1076 1025 colum-

187 1046 297 1066 narum
322 1037 411 1067 docui
432 1038 526 1068 istum
547 1049 608 1069 esse
626 1039 823 1079 praedatum?
847 1038 964 1079 opinor,
982 1049 1020 1068 ex
1040 1049 1077 1069 eo

186 1079 333 1117 maxime,
361 1081 443 1121 quod
466 1081 605 1122 iniquam
627 1082 725 1122 legem
746 1091 917 1122 novamque
940 1081 1074 1111 dixisset.

188 1123 268 1160 Quis
284 1123 365 1153 enim
390 1134 527 1164 unquam
546 1130 670 1155 conatus
685 1131 729 1155 est
748 1126 819 1164 jura
836 1124 939 1154 omnia
960 1130 989 1154 et
1004 1134 1076 1154 con-

187 1166 379 1196 suetudinem
395 1168 534 1197 omnium
550 1175 737 1198 commutare
752 1178 821 1198 cum
844 1167 1074 1208 vituperatione,

187 1208 251 1238 sine
267 1215 383 1249 quaestu
397 1212 411 1240 P
438 1211 580 1251 Pergam,
597 1217 688 1252 atque
703 1211 844 1251 insequar
858 1210 988 1251 longius.
1021 1211 1076 1241 In-

186 1251 260 1291 iqua
270 1253 334 1292 lege
345 1253 505 1290 vendebas,
517 1264 577 1294 quo
587 1254 683 1294 pluris
692 1254 842 1284 venderes.
861 1254 936 1289 Cur,
945 1255 1010 1292 jam
1021 1253 1075 1283 ad-

186 1294 273 1325 dictis
289 1302 318 1325 et
333 1296 461 1326 venditis
476 1297 622 1334 decumis,
639 1308 708 1327 cum
718 1298 784 1336 jam
799 1296 838 1327 ad
853 1307 1007 1327 summam
1023 1296 1075 1326 de-

186 1347 345 1368 cumarum
362 1339 449 1377 nihil,
471 1339 509 1369 ad
530 1345 618 1370 tuum
634 1346 785 1381 quaestum
805 1340 952 1377 multum,
976 1345 1076 1380 posset

186 1381 335 1419 accedere,
353 1382 452 1412 subito
473 1388 564 1423 atque
580 1393 617 1413 ex
633 1389 767 1424 tempore
783 1393 861 1414 nova
876 1384 1076 1413 nascebantur

186 1423 307 1454 edicta?
333 1425 428 1463 Nam,
452 1432 486 1456 ut
501 1426 710 1456 vadimonium
726 1426 905 1463 decumano,
927 1435 1076 1466 quocum-

186 1477 247 1507 que
261 1467 286 1497 is
302 1468 402 1505 vellet,
424 1469 650 1509 promitteretur
663 1480 672 1506 ς
698 1475 732 1499 ut
747 1480 784 1499 ex
799 1469 879 1505 area,
897 1468 954 1498 nisi
968 1474 1075 1509 pactus

186 1515 272 1548 esset,
289 1516 388 1540 arator
403 1521 440 1541 ne
456 1512 572 1542 tolleret
585 1523 594 1547 ;
619 1518 664 1549 ut,
680 1518 749 1542 ante
771 1511 920 1542 calendas
935 1511 1075 1549 Sextiles,

185 1552 328 1583 decumas
354 1553 523 1594 deportatas
546 1555 690 1591 haberet;
714 1555 778 1585 haec
807 1555 921 1592 omnia,
948 1554 1077 1585 venditis

185 1594 331 1633 decumis,
348 1606 428 1627 anno
443 1598 531 1627 tertio
549 1597 584 1628 te‘
598 1598 725 1628 edixisse
740 1598 822 1628 dico:
847 1609 916 1638 quae
932 1597 956 1627 si
976 1597 1076 1638 reipu-

186 1638 273 1668 blicae
290 1639 380 1669 causa
400 1640 522 1678 faceres,
533 1640 564 1670 in
580 1641 736 1671 vendendo
751 1646 848 1671 essent
859 1640 1054 1681 pronuntiata
1066 1651 1076 1670 ε

186 1681 260 1721 quia
275 1682 328 1712 tua
343 1683 434 1712 causa
448 1683 589 1721 faciebas,
603 1685 685 1725 quod
701 1690 764 1714 erat
777 1683 984 1724 imprudentia
998 1694 1075 1724 prae-

186 1724 371 1796 termimum,
389 1725 432 1764 id,
449 1732 567 1767 quaestu
583 1737 617 1758 ac
630 1734 766 1768 tempore
777 1727 963 1766 admonitus,
976 1736 1075 1767 repre-

198 1767 328 1798 rendisti.

230 1810 314 1841 Illud
331 1822 400 1844 vero
415 1812 463 1844 cui
474 1813 593 1854 probari
606 1820 703 1854 potest
718 1816 730 1845 :³
755 1821 794 1853 te,
810 1814 872 1844 sine
885 1819 937 1844 tuo
946 1818 1076 1853 quaestu,
