1181 1902
191 152 233 182 42
288 152 379 185 PRO
402 153 570 186 ROSCIO
592 152 825 185 AMERINO.
849 154 932 186 cAr.
949 156 980 187 6.

194 243 262 268 sant
287 238 320 277 ii,
337 250 413 281 quos
436 241 567 282 populus
592 241 706 282 poscit:
730 250 852 271 causam
875 240 948 271 dicit
969 241 1006 282 is,
1023 241 1082 283 qui

196 291 276 311 unus
291 283 412 314 relictus
427 294 465 314 ex
480 284 601 314 illorum
617 283 731 313 nefaria
746 284 825 313 caede
839 290 939 314 restat.

239 324 357 365 Atque,
374 333 408 356 ut
423 327 538 356 facilius
553 327 719 366 intelligere
734 326 863 366 possitis,
881 327 1009 366 judices,
1035 338 1081 365 ea,

197 378 266 408 quae
296 368 375 399 facta
399 375 479 406 sunt,
507 369 677 409 indigniora
702 380 774 405 esse,
798 380 890 409 quam
913 370 977 400 haec
1000 376 1082 408 sunt,

196 421 266 451 quae
289 411 439 447 dicimus;
463 414 501 442 ab
528 412 624 447 initio,
647 422 691 441 res
718 412 976 451 quemadmodum
999 419 1083 452 gesta

196 453 245 490 sit,
262 455 346 484 vobis
364 465 569 495 exponemus,
595 465 655 495 quo
678 454 795 484 facilius
818 460 847 484 et
869 455 960 493 hujus
982 455 1084 485 homi-

196 496 243 525 nis
275 496 511 527 innocentissimi
534 497 679 533 miserias,
707 503 736 526 et
765 497 886 526 illorum
913 498 1082 538 audaciam,

195 548 371 578 cognoscere
386 541 514 581 possitis,
532 546 560 569 et
575 539 747 579 reipublicae
762 540 974 570 calamitatem.

239 582 269 611 V
272 582 298 612 Ι.
322 585 391 612 Sex.
404 584 542 619 Roscius,
559 588 643 622 pater
659 582 794 620 hujusce,
812 583 968 623 municeps
983 584 1083 614 Ame-

196 623 280 654 rinus
295 625 364 661 fuit,
382 636 451 655 cum
467 635 575 665 genere
593 630 622 654 et
643 625 799 654 nobilitate
818 631 846 655 et
862 626 1000 665 pecunia,
1020 637 1081 657 non

197 667 288 696 modo
301 668 345 697 sui
357 668 525 708 municipii,
543 678 647 697 verum
664 667 754 697 etiam
770 669 834 706 ejus
850 669 1020 705 vicinitatis,
1037 669 1083 699 fa-

196 710 252 739 cile
267 711 394 749 primus,
412 717 479 740 tum
494 710 591 750 gratia
607 716 697 750 atque
712 710 848 750 hospitiis
865 711 972 742 florens
984 712 1083 742 homi·-

195 762 272 782 num
289 753 554 783 nobilissimorum.
590 753 673 784 Nam
687 763 756 783 cum
773 753 919 791 Metellis,
937 755 1081 791 Serviliis,

196 795 398 835 ScipionibuS,
430 802 493 826 erat
516 797 543 826 ei
570 806 629 826 non
654 796 744 825 modo
770 796 946 837 hospitium,
975 808 1081 828 verum

195 838 286 868 etiam
308 839 489 869 domesticus
511 850 583 869 usus
605 845 634 869 et
654 839 858 869 consuetudo:
884 851 959 880 quas
980 844 1028 874 (ut
1043 852 1083 871 ae-

195 891 293 922 quum
310 888 365 919 est)
382 882 523 920 familias,
540 882 702 912 honestatis
723 882 993 923 amplitudinisque
1014 895 1084 923 gra-

194 925 237 955 tia
249 925 382 955 nomino.
408 926 528 965 Itaque,
545 936 582 956 ex
598 925 658 954 suis
673 925 815 955 omnibus
831 926 1008 963 commotus,
1025 927 1082 957 hoc

195 968 294 998 solum
319 968 382 997 filio
407 968 548 1009 reliquit:
584 977 655 997 nam
680 967 897 1008 patrimonium
927 969 1082 1000 domestici

193 1011 350 1053 praedones
376 1011 405 1041 vi
429 1017 565 1051 ereptum
581 1010 752 1051 possident:
777 1010 859 1040 fama
874 1016 903 1040 et
919 1012 980 1041 vita
994 1012 1083 1043 inno-

193 1054 287 1086 centis
302 1056 340 1084 ab
355 1054 523 1094 hospitibus
539 1053 702 1094 amicisque
718 1054 848 1094 paternis
863 1053 1044 1085 defenditur.

238 1097 300 1129 Hic
323 1107 392 1127 cum
408 1097 492 1127 omni
510 1102 644 1137 tempore
662 1096 826 1127 nobilitatis
844 1097 944 1126 fautor
964 1097 1079 1137 fuisset,

194 1147 262 1172 tum
277 1141 334 1170 hoc
352 1140 488 1170 tumultu
510 1140 661 1180 proximo,
678 1150 748 1170 cum
771 1140 909 1169 omnium
930 1141 1080 1171 nobilium

193 1185 325 1225 dignitas
341 1189 369 1213 et
385 1184 464 1213 salus
482 1183 513 1212 in
529 1182 688 1213 discrimen
705 1183 828 1219 veniret,
842 1189 950 1222 praeter
961 1189 1081 1214 caeteros

192 1227 224 1257 in
240 1228 276 1257 ea
290 1226 452 1262 vicinitate,
470 1236 535 1255 eam
552 1232 668 1265 partem
689 1235 872 1265 causamque
891 1227 993 1266 opera,
1017 1233 1081 1256 stu-

192 1270 254 1308 dio,
276 1269 464 1306 auctoritate,
485 1268 627 1298 defendit,
662 1268 786 1298 Etenim
806 1274 921 1298 rectum
942 1271 1080 1309 putabat,

191 1326 247 1356 pro
263 1323 367 1344 eorum
382 1312 537 1342 honestate
553 1322 582 1341 se
602 1321 749 1351 pugnare,
771 1317 892 1351 propter
918 1322 993 1352 quos
1016 1312 1081 1353 ipse

191 1356 419 1388 honestissimus
434 1355 511 1384 inter
531 1364 599 1384 suos
614 1355 839 1384 numerabatur.
875 1354 1080 1395 Posteaquam

191 1400 315 1432 victoria
330 1398 491 1429 constituta
506 1403 560 1432 est,
574 1398 612 1427 ab
628 1397 779 1437 armisque
791 1397 985 1434 recessimus;
1010 1408 1080 1429 cum

191 1443 445 1485 proscriberentur
465 1440 613 1477 homines,
631 1446 721 1479 atque
740 1450 778 1469 ex
796 1439 880 1469 omni
895 1440 1016 1480 regione
1031 1451 1081 1471 ca-

192 1491 335 1528 perentur
357 1484 379 1513 ii
403 1483 455 1524 qui
482 1482 643 1512 adversarii
667 1482 759 1513 fuisse
783 1484 990 1522 putabantur;
1015 1489 1078 1514 erat

191 1530 244 1560 ille
261 1529 369 1558 Romae
383 1526 544 1566 frequens3
569 1531 660 1566 atque
680 1525 712 1554 in
733 1525 808 1561 foro,
833 1530 862 1555 et
887 1525 918 1555 in
942 1536 993 1556 ore
1013 1537 1079 1556 om-

192 1573 291 1607 nium,
308 1569 441 1610 quotidie
457 1569 649 1603 versabatur;
673 1568 770 1607 magis
783 1574 817 1597 ut
827 1568 975 1598 exsultare
987 1569 1079 1599 victo-

192 1616 239 1646 ria
250 1612 415 1644 nobilitatis
431 1611 592 1647 videretur,
610 1621 703 1651 quam
719 1611 835 1649 timere,
851 1621 890 1641 ne
901 1611 976 1652 quid
991 1622 1028 1642 ex
1044 1611 1079 1643 ea

189 1656 368 1689 calamitatis
383 1654 439 1684 sibi
455 1653 608 1684 accideret.

234 1700 333 1730 Erant
352 1698 378 1728 ei
398 1703 510 1727 veteres
534 1696 699 1726 inimicitia¹
723 1707 793 1726 cum
818 1696 936 1726 duobus
961 1697 1078 1729 Rosciis

189 1741 356 1778 Amerinis,
379 1750 509 1781 quorum
534 1739 662 1769 alterum
689 1739 789 1769 sedere
813 1739 844 1769 in
871 1745 1077 1771 accusatorum

189 1784 337 1817 subselliis
352 1783 450 1821 video,
466 1783 595 1814 alterum
611 1782 668 1813 tria
682 1781 809 1822 hujusce
822 1782 936 1823 praedia
944 1783 1077 1824 posside-
