1181 1902
191 190 232 225 72
281 187 372 219 PRO
396 185 561 219 ROSCIO
584 185 815 218 AMERINO.
841 186 924 218 CAP.
940 187 992 219 39.

189 275 363 306 ostendere:
388 284 457 304 cum
474 273 526 304 illo
541 278 644 303 contra
655 273 709 303 hos
721 273 796 303 inire
807 273 950 309 consilia;
966 273 1077 303 horum

190 319 313 349 consilia
329 317 373 347 illi
390 317 565 347 enuntiare:
592 326 661 346 cum
679 316 731 346 illo
746 323 863 356 partem
884 327 968 346 suam
986 316 1078 356 depa-

190 362 259 392 cisci
271 373 279 397 3
304 361 395 397 hisce,
412 360 514 400 aliquit
530 360 623 389 fretus
635 359 720 396 hora,
734 370 851 399 semper
863 370 966 389 omnes
978 359 1078 389 aditus

190 404 230 434 ad
257 404 373 434 Sullam
401 402 607 433 intercludere.
644 403 811 437 Postremo,
836 403 892 432 isto
914 402 1077 439 hortatore,

189 453 321 482 auctore,
338 446 538 481 intercessore,
556 445 593 474 ad
610 445 727 474 Sullam
744 445 834 484 legati
850 455 910 474 non
926 445 1075 474 adierunt.

192 490 288 519 Istius
304 489 372 525 fide,
395 499 429 518 ac
444 489 543 529 potius
560 487 696 528 perfidia,
714 488 840 527 decepti,
866 488 921 525 (id,
939 487 1020 528 quod
1041 498 1078 517 ex

190 533 262 573 ipsis
285 542 459 572 cognoscere
482 531 626 571 poteritis,
643 531 666 559 si
683 538 836 560 accusator
851 531 979 560 voluerit
994 530 1077 560 testi-

189 576 327 605 monium
349 575 390 605 eis
410 574 600 609 denuntiare)
621 583 675 613 pro
700 584 731 603 re
752 574 842 611 certa,
866 583 950 614 spem
968 573 1077 603 falsam

188 618 315 648 domum
331 618 506 648 retulerunt.

232 662 269 691 In
286 661 408 701 privatis
424 662 523 695 rebus,
541 659 564 689 si
580 659 633 699 qui
649 669 711 688 rem
724 659 900 689 mandatam
912 669 972 689 non
984 658 1077 689 modo

187 704 367 734 malitiosius
382 703 528 744 gessisset,
542 703 587 732 sui
603 704 734 742 quaestns
746 709 799 732 aut
811 702 962 732 commodi
974 701 1074 738 causii,

187 757 293 777 verum
317 747 408 776 etiam
430 745 650 786 negligentius;
675 755 745 774 eum
766 746 895 783 majores
916 755 1075 774 summum

186 790 341 820 admisisse
353 789 480 819 dedecus
493 788 714 818 existimabant.
741 789 849 828 Itaque
859 788 994 817 mandati
1004 798 1075 818 con-

187 833 327 863 stitutum
345 838 387 862 est
400 831 636 871 judici-1111,non
651 831 752 860 minus
765 837 863 871 turpe,
878 841 970 871 quam
980 831 1073 860 furti·
1063 853 1073 865 ,

186 876 286 912 credo,
300 881 467 923 propterea,
481 854 574 914 quod,
588 874 722 914 quibus
715 884 745 903 m
759 876 846 903 rebus
863 874 919 922 ipsi
935 874 1075 903 interesse

187 929 247 948 non
258 929 430 959 possumus,
441 918 471 946 in
482 917 540 954 his,
554 927 652 957 operae
664 923 771 946 nostrae
782 917 900 952 vicaria,
914 917 986 946 fides
999 917 1075 946 ami-

188 972 292 992 corum
310 961 510 1001 supponiturg
535 970 627 1000 quam
649 960 702 999 qui
723 959 815 994 lcdi,t
832 966 989 1000 oppugnat
1009 969 1076 989 om-

186 1005 273 1034 nium
289 1014 451 1034 commune
466 1003 652 1043 praesidium,
670 1008 709 1039 et,
726 1009 875 1042 quantum
892 1003 922 1031 in
939 1003 1004 1043 ipso
1019 1009 1074 1039 est,

185 1048 335 1077 disturbat
345 1047 413 1076 vitae
423 1046 602 1076 societatem.
625 1046 656 1074 N
659 1055 696 1074 on
710 1045 790 1075 enim
803 1056 963 1085 possumus
972 1045 1076 1075 omnia

185 1101 239 1131 per
251 1100 304 1120 nos
317 1100 418 1129 agere:
444 1089 521 1118 alius
530 1089 561 1117 in
574 1088 633 1117 alifi
643 1094 685 1118 est
696 1099 726 1118 re
738 1089 834 1128 magis
844 1089 935 1118 utilis.
958 1088 1075 1118 Idcirco

186 1133 326 1163 amicitiae
342 1138 566 1172 comparantur,
580 1137 613 1160 ut
625 1141 787 1160 commune
799 1131 993 1161 commodum
1005 1141 1075 1161 mu-

185 1176 245 1206 tuis
260 1175 364 1205 officiis
379 1177 572 1215 gubernetur.
606 1174 690 1211 Quid
710 1174 815 1214 recipis
835 1175 1026 1208 mandatum,
1049 1174 1075 1204 si

185 1226 239 1249 aut
254 1219 455 1258 neglecturus,
472 1223 525 1247 aut
540 1217 578 1247 ad
595 1222 682 1246 tuum
705 1217 899 1247 commodum
916 1227 1074 1247 conversu-

185 1273 236 1292 rus
252 1273 282 1291 es
296 1264 309 1292 ἲ
335 1262 398 1291 Cur
413 1260 489 1290 mihi
506 1266 534 1291 te
549 1260 648 1296 offers,
665 1270 698 1289 ac
720 1260 793 1289 meis
814 1260 990 1296 commodis,
1008 1260 1073 1290 offi-

185 1305 231 1335 cio
253 1305 406 1339 simulato,
433 1304 525 1333 officis
549 1309 577 1333 et
603 1304 727 1332 obstas?
752 1302 870 1332 Recede
895 1303 931 1333 de
952 1303 1071 1332 medio:

184 1358 238 1388 per
253 1348 348 1377 alium
365 1347 537 1386 ῐῑαι]5ἰιζε.ιιῃ
573 1346 705 1385 ‚Suscipis
727 1356 802 1375 onus
824 1345 923 1380 officii,
946 1346 1027 1386 quod
1045 1352 1074 1376 te

183 1398 273 1431 putas
293 1390 439 1420 sustinere
461 1400 569 1438 posse3
595 1389 676 1429 quod
697 1389 793 1418 minin
795 1399 823 1418 ie
844 1388 962 1418 videtur
982 1399 1073 1429 grave

184 1434 231 1470 iis,
249 1433 302 1473 qui
317 1433 444 1462 minime
459 1433 515 1472 ipsi
532 1433 610 1462 leves
626 1438 705 1461 sunt.

228 1476 391 1506 XXXIX.
416 1476 499 1515 Ergo
515 1475 623 1505 ideirco
636 1475 731 1515 turpis
743 1475 806 1504 haec
818 1475 907 1515 culpa
922 1480 976 1512 est,
989 1475 1071 1515 quod

183 1520 259 1549 duas
269 1530 314 1549 res
324 1518 524 1548 sanctissimas
536 1518 638 1553 violat,
652 1518 815 1547 amicitiam
829 1524 857 1548 et
870 1518 976 1547 fidem:
999 1527 1072 1548 nam

183 1573 282 1603 neque
297 1561 422 1591 mandat
434 1561 596 1601 quisquam
612 1561 683 1595 fere,
698 1560 754 1589 nisi
767 1561 883 1595 amic0;
901 1571 999 1601 neque
1009 1571 1071 1591 cre-

181 1606 237 1641 dit,
255 1605 311 1634 nisi
328 1605 364 1639 ei,
382 1614 473 1644 quem
488 1604 606 1633 fidelem
623 1609 718 1643 putat.
746 1603 943 1633 Perditissimi
959 1610 1001 1633 est
1014 1604 1071 1644 igi-

181 1655 232 1679 tur
247 1647 389 1682 hominis,
403 1647 494 1676 simul
511 1652 540 1676 et
555 1646 718 1676 amicitiam
735 1646 905 1681 dissolvere,
923 1652 951 1676 et
966 1647 1070 1676 fallere

181 1702 263 1725 eum,
281 1690 334 1731 qui
349 1691 437 1719 laesus
454 1699 513 1719 non
527 1697 612 1725 esset,
626 1689 682 1719 nisi
695 1689 874 1719 credidisset.
900 1690 986 1719 Itane
1002 1690 1069 1720 est?

180 1735 211 1764 in
227 1733 361 1763 minimis
377 1734 476 1768 rebus,
493 1733 546 1773 qui
562 1732 740 1762 mandatum
762 1732 938 1772 neglexerit,
959 1732 1069 1772 turpis-

181 1778 258 1807 simo
276 1776 391 1815 judicio
412 1776 639 1811 condemnetur,
657 1785 774 1805 necesse
790 1782 852 1805 est:
876 1775 908 1804 in
927 1786 958 1804 re
973 1775 1068 1813 tanta,

178 1830 249 1851 curn
266 1819 301 1855 is,
319 1819 366 1848 cui
383 1819 465 1848 fama
479 1819 603 1855 mortui,
620 1818 748 1848 fortunae
764 1818 834 1854 vivi,
852 1818 1070 1848 commendatae

178 1869 248 1894 surt
276 1868 367 1902 atque
391 1861 578 1899 concreditae,
606 1860 732 1901 [damno
750 1862 884 1902 virumn]
902 1860 1070 1901 ignominia
