<?xml version="1.0" encoding="UTF-8"?>
<!DOCTYPE html PUBLIC "-//W3C//DTD XHTML 1.0 Transitional//EN"
    "http://www.w3.org/TR/xhtml1/DTD/xhtml1-transitional.dtd">
<html xmlns="http://www.w3.org/1999/xhtml" xml:lang="en" lang="en">
 <head>
  <title>
</title>
<meta http-equiv="Content-Type" content="text/html;charset=utf-8" />
  <meta name='ocr-system' content='tesseract 3.04.00' />
  <meta name='ocr-capabilities' content='ocr_page ocr_carea ocr_par ocr_line ocrx_word'/>
</head>
<body>
  <div class='ocr_page' id='page_1' title='image "./operaern05ciceuoft_0219.png"; bbox 0 0 1181 1902; ppageno 0'>
   <div class='ocr_carea' id='block_1_1' title="bbox 232 72 943 114">
    <p class='ocr_par' dir='ltr' id='par_1_1' title="bbox 232 72 943 114">
     <span class='ocr_line' id='line_1_1' title="bbox 232 72 943 114; baseline 0.003 -2"><span class='ocrx_word' id='word_1_1' title='bbox 232 81 284 113; x_wconf 89' lang='lat' dir='ltr'>IN</span> <span class='ocrx_word' id='word_1_2' title='bbox 307 81 506 114; x_wconf 87' lang='lat' dir='ltr'><strong>VERREM</strong></span> <span class='ocrx_word' id='word_1_3' title='bbox 530 82 577 113; x_wconf 92' lang='lat'>11.</span> <span class='ocrx_word' id='word_1_4' title='bbox 593 81 677 113; x_wconf 74' lang='lat' dir='ltr'>CAP.</span> <span class='ocrx_word' id='word_1_5' title='bbox 693 82 746 112; x_wconf 85' lang='lat'>55.</span> <span class='ocrx_word' id='word_1_6' title='bbox 879 72 943 114; x_wconf 77' lang='grc'>207</span> 
     </span>
    </p>
   </div>
   <div class='ocr_carea' id='block_1_2' title="bbox 41 165 951 1806">
    <p class='ocr_par' dir='ltr' id='par_1_2' title="bbox 43 165 943 458">
     <span class='ocr_line' id='line_1_2' title="bbox 43 165 941 210; baseline 0 -14"><span class='ocrx_word' id='word_1_7' title='bbox 43 175 145 196; x_wconf 83' lang='lat' dir='ltr'>meam</span> <span class='ocrx_word' id='word_1_8' title='bbox 160 167 334 207; x_wconf 85' lang='lat' dir='ltr'>pecuniam,</span> <span class='ocrx_word' id='word_1_9' title='bbox 345 178 396 199; x_wconf 88' lang='lat' dir='ltr'>me</span> <span class='ocrx_word' id='word_1_10' title='bbox 410 168 517 207; x_wconf 86' lang='lat' dir='ltr'>invito,</span> <span class='ocrx_word' id='word_1_11' title='bbox 531 168 665 210; x_wconf 85' lang='lat' dir='ltr'><strong>adspirat</strong></span> <span class='ocrx_word' id='word_1_12' title='bbox 674 168 689 197; x_wconf 82' lang='lat'>?</span> <span class='ocrx_word' id='word_1_13' title='bbox 712 166 787 209; x_wconf 87' lang='lat' dir='ltr'>quid</span> <span class='ocrx_word' id='word_1_14' title='bbox 800 165 914 197; x_wconf 88' lang='lat' dir='ltr'>accedit</span> <span class='ocrx_word' id='word_1_15' title='bbox 926 167 941 196; x_wconf 70' lang='grc' dir='ltr'>Ρ</span> 
     </span>
     <span class='ocr_line' id='line_1_3' title="bbox 43 208 942 253; baseline -0.001 -14"><span class='ocrx_word' id='word_1_16' title='bbox 43 208 179 240; x_wconf 85' lang='lat' dir='ltr'>Locatur</span> <span class='ocrx_word' id='word_1_17' title='bbox 196 221 273 251; x_wconf 89' lang='lat' dir='ltr'>opus</span> <span class='ocrx_word' id='word_1_18' title='bbox 295 211 338 249; x_wconf 79' lang='lat' dir='ltr'>id,</span> <span class='ocrx_word' id='word_1_19' title='bbox 361 212 444 253; x_wconf 89' lang='lat' dir='ltr'>quod</span> <span class='ocrx_word' id='word_1_20' title='bbox 467 223 504 242; x_wconf 84' lang='lat' dir='ltr'>ex</span> <span class='ocrx_word' id='word_1_21' title='bbox 527 213 597 243; x_wconf 66' lang='lat' dir='ltr'>mea</span> <span class='ocrx_word' id='word_1_22' title='bbox 620 211 750 253; x_wconf 59' lang='lat' dir='ltr'>pecunia</span> <span class='ocrx_word' id='word_1_23' title='bbox 771 209 942 240; x_wconf 80' lang='lat' dir='ltr'>reficiatur:</span> 
     </span>
     <span class='ocr_line' id='line_1_4' title="bbox 44 253 943 296; baseline -0.001 -14"><span class='ocrx_word' id='word_1_24' title='bbox 44 262 100 292; x_wconf 87' lang='lat' dir='ltr'>ego</span> <span class='ocrx_word' id='word_1_25' title='bbox 121 262 170 283; x_wconf 86' lang='lat' dir='ltr'>me</span> <span class='ocrx_word' id='word_1_26' title='bbox 197 254 380 285; x_wconf 85' lang='lat' dir='ltr'>refecturum</span> <span class='ocrx_word' id='word_1_27' title='bbox 405 265 468 285; x_wconf 89' lang='lat' dir='ltr'>esse</span> <span class='ocrx_word' id='word_1_28' title='bbox 494 255 582 285; x_wconf 87' lang='lat' dir='ltr'>dico:</span> <span class='ocrx_word' id='word_1_29' title='bbox 607 254 745 296; x_wconf 87' lang='lat' dir='ltr'>probatio</span> <span class='ocrx_word' id='word_1_30' title='bbox 769 253 874 283; x_wconf 85' lang='lat' dir='ltr'>futura</span> <span class='ocrx_word' id='word_1_31' title='bbox 899 257 943 282; x_wconf 88' lang='lat' dir='ltr'>est</span> 
     </span>
     <span class='ocr_line' id='line_1_5' title="bbox 44 296 941 339; baseline 0 -15"><span class='ocrx_word' id='word_1_32' title='bbox 44 300 108 333; x_wconf 85' lang='lat' dir='ltr'>tua,</span> <span class='ocrx_word' id='word_1_33' title='bbox 126 296 179 336; x_wconf 90' lang='lat' dir='ltr'>qui</span> <span class='ocrx_word' id='word_1_34' title='bbox 194 297 274 327; x_wconf 87' lang='lat' dir='ltr'>locas</span> <span class='ocrx_word' id='word_1_35' title='bbox 288 309 296 327; x_wconf 88' lang='lat'>:</span> <span class='ocrx_word' id='word_1_36' title='bbox 320 297 473 338; x_wconf 88' lang='lat' dir='ltr'>praedibus</span> <span class='ocrx_word' id='word_1_37' title='bbox 489 304 518 328; x_wconf 91' lang='lat' dir='ltr'>et</span> <span class='ocrx_word' id='word_1_38' title='bbox 534 298 654 339; x_wconf 83' lang='lat' dir='ltr'>praediis</span> <span class='ocrx_word' id='word_1_39' title='bbox 677 297 792 338; x_wconf 89' lang='lat' dir='ltr'>populo</span> <span class='ocrx_word' id='word_1_40' title='bbox 815 301 941 326; x_wconf 84' lang='lat' dir='ltr'>cautum</span> 
     </span>
     <span class='ocr_line' id='line_1_6' title="bbox 45 338 942 382; baseline -0.001 -14"><span class='ocrx_word' id='word_1_41' title='bbox 45 343 108 368; x_wconf 83' lang='lat' dir='ltr'>est:</span> <span class='ocrx_word' id='word_1_42' title='bbox 135 345 175 376; x_wconf 90' lang='lat' dir='ltr'>et,</span> <span class='ocrx_word' id='word_1_43' title='bbox 193 339 218 369; x_wconf 90' lang='lat' dir='ltr'>si</span> <span class='ocrx_word' id='word_1_44' title='bbox 240 350 300 370; x_wconf 89' lang='lat' dir='ltr'>non</span> <span class='ocrx_word' id='word_1_45' title='bbox 323 348 412 382; x_wconf 87' lang='lat' dir='ltr'>putas</span> <span class='ocrx_word' id='word_1_46' title='bbox 435 347 572 379; x_wconf 79' lang='lat' dir='ltr'>cautum,</span> <span class='ocrx_word' id='word_1_47' title='bbox 597 341 709 371; x_wconf 87' lang='lat' dir='ltr'>scilicet</span> <span class='ocrx_word' id='word_1_48' title='bbox 731 346 764 370; x_wconf 90' lang='lat' dir='ltr'>tu</span> <span class='ocrx_word' id='word_1_49' title='bbox 780 344 890 380; x_wconf 80' lang='lat' dir='ltr'>praetor</span> <span class='ocrx_word' id='word_1_50' title='bbox 910 338 942 368; x_wconf 89' lang='lat' dir='ltr'>in</span> 
     </span>
     <span class='ocr_line' id='line_1_7' title="bbox 43 382 942 424; baseline 0.001 -14"><span class='ocrx_word' id='word_1_51' title='bbox 43 390 113 411; x_wconf 87' lang='lat' dir='ltr'>mea</span> <span class='ocrx_word' id='word_1_52' title='bbox 128 383 218 419; x_wconf 86' lang='lat' dir='ltr'>bona,</span> <span class='ocrx_word' id='word_1_53' title='bbox 235 394 312 424; x_wconf 90' lang='lat' dir='ltr'>quos</span> <span class='ocrx_word' id='word_1_54' title='bbox 327 385 419 421; x_wconf 89' lang='lat' dir='ltr'>voles,</span> <span class='ocrx_word' id='word_1_55' title='bbox 436 384 605 414; x_wconf 80' lang='lat' dir='ltr'>immittes?</span> <span class='ocrx_word' id='word_1_56' title='bbox 629 394 680 414; x_wconf 88' lang='lat' dir='ltr'>me</span> <span class='ocrx_word' id='word_1_57' title='bbox 696 383 735 413; x_wconf 87' lang='lat' dir='ltr'>ad</span> <span class='ocrx_word' id='word_1_58' title='bbox 746 393 830 413; x_wconf 86' lang='lat' dir='ltr'>meas</span> <span class='ocrx_word' id='word_1_59' title='bbox 844 382 942 412; x_wconf 88' lang='lat' dir='ltr'>fortu-</span> 
     </span>
     <span class='ocr_line' id='line_1_8' title="bbox 44 425 667 458; baseline 0.005 -4"><span class='ocrx_word' id='word_1_60' title='bbox 44 433 99 455; x_wconf 87' lang='lat' dir='ltr'>nas</span> <span class='ocrx_word' id='word_1_61' title='bbox 115 425 318 457; x_wconf 86' lang='lat' dir='ltr'>defendendas</span> <span class='ocrx_word' id='word_1_62' title='bbox 333 427 471 458; x_wconf 85' lang='lat' dir='ltr'>accedere</span> <span class='ocrx_word' id='word_1_63' title='bbox 487 437 547 457; x_wconf 90' lang='lat' dir='ltr'>non</span> <span class='ocrx_word' id='word_1_64' title='bbox 564 427 667 458; x_wconf 87' lang='lat' dir='ltr'>sines?</span> 
     </span>
    </p>

    <p class='ocr_par' dir='ltr' id='par_1_3' title="bbox 41 468 951 1072">
     <span class='ocr_line' id='line_1_9' title="bbox 90 468 942 511; baseline -0.001 -14"><span class='ocrx_word' id='word_1_65' title='bbox 90 468 160 498; x_wconf 83' lang='lat' dir='ltr'>LV.</span> <span class='ocrx_word' id='word_1_66' title='bbox 186 469 297 510; x_wconf 89' lang='lat' dir='ltr'>Operae</span> <span class='ocrx_word' id='word_1_67' title='bbox 313 471 445 511; x_wconf 90' lang='lat' dir='ltr'>pretium</span> <span class='ocrx_word' id='word_1_68' title='bbox 462 477 516 507; x_wconf 88' lang='lat' dir='ltr'>est,</span> <span class='ocrx_word' id='word_1_69' title='bbox 527 471 625 511; x_wconf 86' lang='lat' dir='ltr'>ipsam</span> <span class='ocrx_word' id='word_1_70' title='bbox 641 471 740 510; x_wconf 79' lang='lat' dir='ltr'>legem</span> <span class='ocrx_word' id='word_1_71' title='bbox 754 477 942 508; x_wconf 83' lang='lat' dir='ltr'>cognoscere.</span> 
     </span>
     <span class='ocr_line' id='line_1_10' title="bbox 45 509 945 555; baseline -0.001 -15"><span class='ocrx_word' id='word_1_72' title='bbox 45 509 173 549; x_wconf 87' lang='lat' dir='ltr'>Dicetis,</span> <span class='ocrx_word' id='word_1_73' title='bbox 191 513 333 543; x_wconf 86' lang='lat' dir='ltr'>eumdem</span> <span class='ocrx_word' id='word_1_74' title='bbox 349 514 567 554; x_wconf 74' lang='lat' dir='ltr'>conscripsisse,</span> <span class='ocrx_word' id='word_1_75' title='bbox 585 514 639 555; x_wconf 92' lang='lat' dir='ltr'>qui</span> <span class='ocrx_word' id='word_1_76' title='bbox 660 512 738 543; x_wconf 75' lang='lat' dir='ltr'>illud</span> <span class='ocrx_word' id='word_1_77' title='bbox 754 512 886 542; x_wconf 89' lang='lat' dir='ltr'>edictum</span> <span class='ocrx_word' id='word_1_78' title='bbox 906 510 945 540; x_wconf 88' lang='lat' dir='ltr'>de</span> 
     </span>
     <span class='ocr_line' id='line_1_11' title="bbox 44 553 944 598; baseline -0.001 -15"><span class='ocrx_word' id='word_1_79' title='bbox 44 553 242 586; x_wconf 63' lang='lat' dir='ltr'>haereditate:</span> <span class='ocrx_word' id='word_1_80' title='bbox 268 559 290 574; x_wconf 84' lang='grc'>“</span> <span class='ocrx_word' id='word_1_81' title='bbox 308 557 375 587; x_wconf 85' lang='lat' dir='ltr'>Lex</span> <span class='ocrx_word' id='word_1_82' title='bbox 391 567 480 598; x_wconf 88' lang='lat' dir='ltr'>opere</span> <span class='ocrx_word' id='word_1_83' title='bbox 500 557 654 593; x_wconf 88' lang='lat' dir='ltr'>faciundo,</span> <span class='ocrx_word' id='word_1_84' title='bbox 675 566 744 597; x_wconf 88' lang='lat' dir='ltr'>quae</span> <span class='ocrx_word' id='word_1_85' title='bbox 759 554 871 595; x_wconf 82' lang='lat' dir='ltr'>pupilli</span> <span class='ocrx_word' id='word_1_86' title='bbox 883 554 944 583; x_wconf 83' lang='lat' dir='ltr'>Ju-</span> 
     </span>
     <span class='ocr_line' id='line_1_12' title="bbox 44 596 944 641; baseline -0.002 -14"><span class='ocrx_word' id='word_1_87' title='bbox 44 597 122 627; x_wconf 84' lang='lat' dir='ltr'>nii.&#39;‘</span> <span class='ocrx_word' id='word_1_88' title='bbox 154 598 226 635; x_wconf 85' lang='lat' dir='ltr'>Dic,</span> <span class='ocrx_word' id='word_1_89' title='bbox 249 599 308 637; x_wconf 85' lang='lat' dir='ltr'>dic,</span> <span class='ocrx_word' id='word_1_90' title='bbox 337 611 451 641; x_wconf 89' lang='lat' dir='ltr'>quaeso,</span> <span class='ocrx_word' id='word_1_91' title='bbox 479 601 598 630; x_wconf 84' lang='lat' dir='ltr'>clarius.</span> <span class='ocrx_word' id='word_1_92' title='bbox 635 602 657 618; x_wconf 84' lang='grc'>“</span> <span class='ocrx_word' id='word_1_93' title='bbox 684 599 719 629; x_wconf 84' lang='lat' dir='ltr'>G.</span> <span class='ocrx_word' id='word_1_94' title='bbox 748 598 860 628; x_wconf 84' lang='lat' dir='ltr'>Verres</span> <span class='ocrx_word' id='word_1_95' title='bbox 891 596 944 626; x_wconf 91' lang='lat' dir='ltr'>Pr.</span> 
     </span>
     <span class='ocr_line' id='line_1_13' title="bbox 43 638 945 684; baseline -0.001 -15"><span class='ocrx_word' id='word_1_96' title='bbox 43 639 139 670; x_wconf 90' lang='lat' dir='ltr'>Urbis</span> <span class='ocrx_word' id='word_1_97' title='bbox 161 641 312 673; x_wconf 84' lang='lat' dir='ltr'>addidit.”</span> <span class='ocrx_word' id='word_1_98' title='bbox 341 643 544 684; x_wconf 83' lang='lat' dir='ltr'>Corriguntur</span> <span class='ocrx_word' id='word_1_99' title='bbox 570 644 651 684; x_wconf 88' lang='lat' dir='ltr'>leges</span> <span class='ocrx_word' id='word_1_100' title='bbox 676 642 826 673; x_wconf 83' lang='lat' dir='ltr'>censoriae.</span> <span class='ocrx_word' id='word_1_101' title='bbox 857 638 945 677; x_wconf 87' lang='lat' dir='ltr'>Quid</span> 
     </span>
     <span class='ocr_line' id='line_1_14' title="bbox 43 683 944 726; baseline 0.001 -14"><span class='ocrx_word' id='word_1_102' title='bbox 43 683 152 714; x_wconf 81' lang='lat' dir='ltr'>enim?</span> <span class='ocrx_word' id='word_1_103' title='bbox 188 685 288 716; x_wconf 91' lang='lat' dir='ltr'>Video</span> <span class='ocrx_word' id='word_1_104' title='bbox 313 686 345 715; x_wconf 91' lang='lat' dir='ltr'>in</span> <span class='ocrx_word' id='word_1_105' title='bbox 369 687 475 717; x_wconf 88' lang='lat' dir='ltr'>multis</span> <span class='ocrx_word' id='word_1_106' title='bbox 500 687 651 717; x_wconf 86' lang='lat' dir='ltr'>veteribus</span> <span class='ocrx_word' id='word_1_107' title='bbox 681 685 819 726; x_wconf 81' lang='lat' dir='ltr'>legibus:</span> <span class='ocrx_word' id='word_1_108' title='bbox 845 686 868 701; x_wconf 74' lang='lat'>‘⁶</span> <span class='ocrx_word' id='word_1_109' title='bbox 886 683 944 713; x_wconf 82' lang='lat' dir='ltr'>Cn.</span> 
     </span>
     <span class='ocr_line' id='line_1_15' title="bbox 45 724 944 768; baseline -0.001 -12"><span class='ocrx_word' id='word_1_110' title='bbox 45 724 204 758; x_wconf 84' lang='lat' dir='ltr'>Domitius</span> <span class='ocrx_word' id='word_1_111' title='bbox 228 728 266 758; x_wconf 83' lang='lat' dir='ltr'>L.</span> <span class='ocrx_word' id='word_1_112' title='bbox 295 728 455 768; x_wconf 78' lang='lat' dir='ltr'>Metellus,</span> <span class='ocrx_word' id='word_1_113' title='bbox 487 730 525 760; x_wconf 80' lang='lat' dir='ltr'>L.</span> <span class='ocrx_word' id='word_1_114' title='bbox 549 729 672 760; x_wconf 83' lang='lat' dir='ltr'>Cassius</span> <span class='ocrx_word' id='word_1_115' title='bbox 699 729 756 759; x_wconf 85' lang='lat' dir='ltr'>Cn.</span> <span class='ocrx_word' id='word_1_116' title='bbox 786 726 944 763; x_wconf 84' lang='lat' dir='ltr'>Servilius,</span> 
     </span>
     <span class='ocr_line' id='line_1_16' title="bbox 44 769 945 814; baseline -0.001 -15"><span class='ocrx_word' id='word_1_117' title='bbox 44 779 181 801; x_wconf 86' lang='lat' dir='ltr'>censores</span> <span class='ocrx_word' id='word_1_118' title='bbox 211 771 426 802; x_wconf 86' lang='lat' dir='ltr'>addiderunt.&#39;&#39;</span> <span class='ocrx_word' id='word_1_119' title='bbox 472 773 551 803; x_wconf 89' lang='lat' dir='ltr'>Vult</span> <span class='ocrx_word' id='word_1_120' title='bbox 580 772 698 814; x_wconf 85' lang='lat' dir='ltr'>aliquid</span> <span class='ocrx_word' id='word_1_121' title='bbox 728 769 878 810; x_wconf 85' lang='lat' dir='ltr'>ejusmodi</span> <span class='ocrx_word' id='word_1_122' title='bbox 908 769 945 800; x_wconf 88' lang='lat' dir='ltr'>C.</span> 
     </span>
     <span class='ocr_line' id='line_1_17' title="bbox 47 811 947 856; baseline 0 -14"><span class='ocrx_word' id='word_1_123' title='bbox 47 812 169 844; x_wconf 88' lang='lat' dir='ltr'>Verres.</span> <span class='ocrx_word' id='word_1_124' title='bbox 216 814 277 845; x_wconf 93' lang='lat' dir='ltr'>Dic</span> <span class='ocrx_word' id='word_1_125' title='bbox 291 827 300 845; x_wconf 71' lang='grc' dir='ltr'><strong><em>ι</em></strong></span> <span class='ocrx_word' id='word_1_126' title='bbox 329 816 404 856; x_wconf 91' lang='lat' dir='ltr'>quid</span> <span class='ocrx_word' id='word_1_127' title='bbox 424 816 568 846; x_wconf 80' lang='lat' dir='ltr'>addidit?</span> <span class='ocrx_word' id='word_1_128' title='bbox 593 818 615 834; x_wconf 81' lang='grc'>“</span> <span class='ocrx_word' id='word_1_129' title='bbox 633 815 698 854; x_wconf 84' lang='lat' dir='ltr'>Qui</span> <span class='ocrx_word' id='word_1_130' title='bbox 714 815 751 844; x_wconf 92' lang='lat' dir='ltr'>de</span> <span class='ocrx_word' id='word_1_131' title='bbox 767 814 805 844; x_wconf 90' lang='lat' dir='ltr'>L.</span> <span class='ocrx_word' id='word_1_132' title='bbox 824 811 947 843; x_wconf 87' lang='lat' dir='ltr'>Marcio</span> 
     </span>
     <span class='ocr_line' id='line_1_18' title="bbox 47 854 951 898; baseline 0 -13"><span class='ocrx_word' id='word_1_133' title='bbox 47 854 97 885; x_wconf 89' lang='lat' dir='ltr'>M.</span> <span class='ocrx_word' id='word_1_134' title='bbox 123 856 282 898; x_wconf 73' lang='lat' dir='ltr'>Perperna</span> <span class='ocrx_word' id='word_1_135' title='bbox 302 859 475 889; x_wconf 85' lang='lat' dir='ltr'>censoribus</span> <span class='ocrx_word' id='word_1_136' title='bbox 496 859 667 897; x_wconf 80' lang='lat' dir='ltr'>redemerit,</span> <span class='ocrx_word' id='word_1_137' title='bbox 684 868 755 889; x_wconf 89' lang='lat' dir='ltr'>eum</span> <span class='ocrx_word' id='word_1_138' title='bbox 778 857 894 887; x_wconf 84' lang='lat' dir='ltr'>socium</span> <span class='ocrx_word' id='word_1_139' title='bbox 911 865 951 886; x_wconf 90' lang='lat' dir='ltr'>ne</span> 
     </span>
     <span class='ocr_line' id='line_1_19' title="bbox 43 898 947 943; baseline -0.001 -15"><span class='ocrx_word' id='word_1_140' title='bbox 43 898 220 935; x_wconf 67' lang='lat' dir='ltr'>admittitm</span> <span class='ocrx_word' id='word_1_141' title='bbox 244 911 319 932; x_wconf 87' lang='lat' dir='ltr'>neve</span> <span class='ocrx_word' id='word_1_142' title='bbox 335 902 362 932; x_wconf 91' lang='lat' dir='ltr'>ei</span> <span class='ocrx_word' id='word_1_143' title='bbox 382 908 500 943; x_wconf 87' lang='lat' dir='ltr'>partem</span> <span class='ocrx_word' id='word_1_144' title='bbox 524 902 606 940; x_wconf 89' lang='lat' dir='ltr'>dato,</span> <span class='ocrx_word' id='word_1_145' title='bbox 625 912 701 932; x_wconf 89' lang='lat' dir='ltr'>neve</span> <span class='ocrx_word' id='word_1_146' title='bbox 725 901 753 931; x_wconf 89' lang='lat' dir='ltr'>ei</span> <span class='ocrx_word' id='word_1_147' title='bbox 771 898 947 930; x_wconf 87' lang='lat' dir='ltr'>redimito.”</span> 
     </span>
     <span class='ocr_line' id='line_1_20' title="bbox 44 941 945 986; baseline -0.001 -14"><span class='ocrx_word' id='word_1_148' title='bbox 44 941 133 979; x_wconf 89' lang='lat' dir='ltr'>Quid</span> <span class='ocrx_word' id='word_1_149' title='bbox 153 943 219 973; x_wconf 77' lang='lat' dir='ltr'>ita?</span> <span class='ocrx_word' id='word_1_150' title='bbox 241 954 280 975; x_wconf 93' lang='lat' dir='ltr'>ne</span> <span class='ocrx_word' id='word_1_151' title='bbox 298 945 440 975; x_wconf 83' lang='lat' dir='ltr'>vitiosum</span> <span class='ocrx_word' id='word_1_152' title='bbox 456 956 532 986; x_wconf 90' lang='lat' dir='ltr'>opus</span> <span class='ocrx_word' id='word_1_153' title='bbox 548 945 632 975; x_wconf 89' lang='lat' dir='ltr'>fieret</span> <span class='ocrx_word' id='word_1_154' title='bbox 642 945 657 974; x_wconf 77' lang='lat'>:²</span> <span class='ocrx_word' id='word_1_155' title='bbox 680 950 711 974; x_wconf 86' lang='lat' dir='ltr'>at</span> <span class='ocrx_word' id='word_1_156' title='bbox 727 949 790 975; x_wconf 86' lang='lat' dir='ltr'>erat</span> <span class='ocrx_word' id='word_1_157' title='bbox 805 942 945 984; x_wconf 86' lang='lat' dir='ltr'>probatio</span> 
     </span>
     <span class='ocr_line' id='line_1_21' title="bbox 45 985 945 1029; baseline 0.001 -15"><span class='ocrx_word' id='word_1_158' title='bbox 45 990 109 1015; x_wconf 87' lang='lat' dir='ltr'>tua.</span> <span class='ocrx_word' id='word_1_159' title='bbox 134 985 185 1016; x_wconf 93' lang='lat' dir='ltr'>Ne</span> <span class='ocrx_word' id='word_1_160' title='bbox 206 998 318 1028; x_wconf 83' lang='lat' dir='ltr'>parum</span> <span class='ocrx_word' id='word_1_161' title='bbox 330 988 463 1029; x_wconf 89' lang='lat' dir='ltr'>locuples</span> <span class='ocrx_word' id='word_1_162' title='bbox 479 994 555 1019; x_wconf 90' lang='lat' dir='ltr'>esset</span> <span class='ocrx_word' id='word_1_163' title='bbox 568 990 581 1019; x_wconf 67' lang='grc' dir='ltr'><em>ἲ</em></span> <span class='ocrx_word' id='word_1_164' title='bbox 605 994 637 1018; x_wconf 87' lang='lat' dir='ltr'>at</span> <span class='ocrx_word' id='word_1_165' title='bbox 651 993 725 1025; x_wconf 84' lang='lat' dir='ltr'>erat,</span> <span class='ocrx_word' id='word_1_166' title='bbox 742 992 772 1017; x_wconf 89' lang='lat' dir='ltr'>et</span> <span class='ocrx_word' id='word_1_167' title='bbox 788 992 864 1016; x_wconf 90' lang='lat' dir='ltr'>esset</span> <span class='ocrx_word' id='word_1_168' title='bbox 878 995 945 1015; x_wconf 90' lang='lat' dir='ltr'>am-</span> 
     </span>
     <span class='ocr_line' id='line_1_22' title="bbox 41 1028 929 1072; baseline -0.001 -14"><span class='ocrx_word' id='word_1_169' title='bbox 41 1028 135 1069; x_wconf 86' lang='lat' dir='ltr'>plius,</span> <span class='ocrx_word' id='word_1_170' title='bbox 153 1030 178 1060; x_wconf 92' lang='lat' dir='ltr'>si</span> <span class='ocrx_word' id='word_1_171' title='bbox 194 1030 296 1067; x_wconf 76' lang='lat' dir='ltr'>velles,</span> <span class='ocrx_word' id='word_1_172' title='bbox 307 1032 422 1072; x_wconf 89' lang='lat' dir='ltr'>populo</span> <span class='ocrx_word' id='word_1_173' title='bbox 437 1037 562 1062; x_wconf 88' lang='lat' dir='ltr'>cautum</span> <span class='ocrx_word' id='word_1_174' title='bbox 577 1031 732 1072; x_wconf 84' lang='lat' dir='ltr'>praedibus</span> <span class='ocrx_word' id='word_1_175' title='bbox 744 1036 774 1061; x_wconf 89' lang='lat' dir='ltr'>et</span> <span class='ocrx_word' id='word_1_176' title='bbox 789 1028 929 1070; x_wconf 72' lang='lat' dir='ltr'>praediis.&#39;</span> 
     </span>
    </p>

    <p class='ocr_par' dir='ltr' id='par_1_4' title="bbox 41 1072 946 1806">
     <span class='ocr_line' id='line_1_23' title="bbox 89 1072 945 1115; baseline 0 -13"><span class='ocrx_word' id='word_1_177' title='bbox 89 1072 154 1102; x_wconf 84' lang='lat' dir='ltr'>Hic</span> <span class='ocrx_word' id='word_1_178' title='bbox 169 1078 199 1103; x_wconf 91' lang='lat' dir='ltr'>te</span> <span class='ocrx_word' id='word_1_179' title='bbox 221 1074 246 1104; x_wconf 94' lang='lat' dir='ltr'>si</span> <span class='ocrx_word' id='word_1_180' title='bbox 265 1084 311 1104; x_wconf 89' lang='lat' dir='ltr'>res</span> <span class='ocrx_word' id='word_1_181' title='bbox 332 1075 408 1115; x_wconf 86' lang='lat' dir='ltr'>ipsa,</span> <span class='ocrx_word' id='word_1_182' title='bbox 429 1075 454 1105; x_wconf 92' lang='lat' dir='ltr'>si</span> <span class='ocrx_word' id='word_1_183' title='bbox 474 1074 640 1115; x_wconf 82' lang='lat' dir='ltr'>indignitas</span> <span class='ocrx_word' id='word_1_184' title='bbox 659 1074 780 1113; x_wconf 88' lang='lat' dir='ltr'>injuriae</span> <span class='ocrx_word' id='word_1_185' title='bbox 801 1078 863 1103; x_wconf 84' lang='lat' dir='ltr'>tuae</span> <span class='ocrx_word' id='word_1_186' title='bbox 883 1081 945 1102; x_wconf 89' lang='lat' dir='ltr'>non</span> 
     </span>
     <span class='ocr_line' id='line_1_24' title="bbox 44 1116 944 1158; baseline 0 -13"><span class='ocrx_word' id='word_1_187' title='bbox 44 1118 276 1154; x_wconf 86' lang='lat' dir='ltr'>commovebat3</span> <span class='ocrx_word' id='word_1_188' title='bbox 312 1117 337 1147; x_wconf 89' lang='lat' dir='ltr'>si</span> <span class='ocrx_word' id='word_1_189' title='bbox 366 1117 478 1158; x_wconf 89' lang='lat' dir='ltr'>pupilli</span> <span class='ocrx_word' id='word_1_190' title='bbox 504 1117 673 1155; x_wconf 87' lang='lat' dir='ltr'>calamitas,</span> <span class='ocrx_word' id='word_1_191' title='bbox 697 1116 944 1158; x_wconf 88' lang='lat' dir='ltr'>propinquorum</span> 
     </span>
     <span class='ocr_line' id='line_1_25' title="bbox 43 1157 943 1202; baseline 0.001 -15"><span class='ocrx_word' id='word_1_192' title='bbox 43 1157 198 1199; x_wconf 84' lang='lat' dir='ltr'>lacrymae,</span> <span class='ocrx_word' id='word_1_193' title='bbox 216 1159 258 1190; x_wconf 94' lang='lat' dir='ltr'>D.</span> <span class='ocrx_word' id='word_1_194' title='bbox 275 1160 379 1199; x_wconf 87' lang='lat' dir='ltr'>Bruti,</span> <span class='ocrx_word' id='word_1_195' title='bbox 403 1162 490 1200; x_wconf 87' lang='lat' dir='ltr'>cujus</span> <span class='ocrx_word' id='word_1_196' title='bbox 511 1161 625 1202; x_wconf 86' lang='lat' dir='ltr'>praedia</span> <span class='ocrx_word' id='word_1_197' title='bbox 645 1161 805 1191; x_wconf 88' lang='lat' dir='ltr'>subierunt</span> <span class='ocrx_word' id='word_1_198' title='bbox 825 1158 943 1200; x_wconf 91' lang='lat' dir='ltr'>pericu-</span> 
     </span>
     <span class='ocr_line' id='line_1_26' title="bbox 42 1200 944 1244; baseline 0.001 -14"><span class='ocrx_word' id='word_1_199' title='bbox 42 1200 122 1239; x_wconf 86' lang='lat' dir='ltr'>lum,</span> <span class='ocrx_word' id='word_1_200' title='bbox 137 1202 187 1232; x_wconf 89' lang='lat' dir='ltr'>M.</span> <span class='ocrx_word' id='word_1_201' title='bbox 200 1203 342 1233; x_wconf 86' lang='lat' dir='ltr'>Marcelli</span> <span class='ocrx_word' id='word_1_202' title='bbox 357 1204 465 1234; x_wconf 86' lang='lat' dir='ltr'>tutoris</span> <span class='ocrx_word' id='word_1_203' title='bbox 481 1204 641 1234; x_wconf 86' lang='lat' dir='ltr'>auctoritas</span> <span class='ocrx_word' id='word_1_204' title='bbox 657 1203 740 1244; x_wconf 90' lang='lat' dir='ltr'>apud</span> <span class='ocrx_word' id='word_1_205' title='bbox 756 1208 785 1233; x_wconf 89' lang='lat' dir='ltr'>te</span> <span class='ocrx_word' id='word_1_206' title='bbox 802 1201 944 1243; x_wconf 88' lang='lat' dir='ltr'>ponderis</span> 
     </span>
     <span class='ocr_line' id='line_1_27' title="bbox 42 1244 943 1288; baseline 0.001 -14"><span class='ocrx_word' id='word_1_207' title='bbox 42 1244 122 1274; x_wconf 86' lang='lat' dir='ltr'>nihil</span> <span class='ocrx_word' id='word_1_208' title='bbox 148 1245 300 1283; x_wconf 80' lang='lat' dir='ltr'>habebat3</span> <span class='ocrx_word' id='word_1_209' title='bbox 339 1256 379 1278; x_wconf 90' lang='lat' dir='ltr'>ne</span> <span class='ocrx_word' id='word_1_210' title='bbox 404 1247 483 1277; x_wconf 85' lang='lat' dir='ltr'>illud</span> <span class='ocrx_word' id='word_1_211' title='bbox 513 1247 638 1288; x_wconf 88' lang='lat' dir='ltr'>quidem</span> <span class='ocrx_word' id='word_1_212' title='bbox 669 1246 943 1281; x_wconf 85' lang='lat' dir='ltr'>animadvertebas,</span> 
     </span>
     <span class='ocr_line' id='line_1_28' title="bbox 44 1287 945 1331; baseline 0 -14"><span class='ocrx_word' id='word_1_213' title='bbox 44 1287 195 1326; x_wconf 84' lang='lat' dir='ltr'>ejusmodi</span> <span class='ocrx_word' id='word_1_214' title='bbox 217 1289 281 1320; x_wconf 87' lang='lat' dir='ltr'>fore</span> <span class='ocrx_word' id='word_1_215' title='bbox 299 1289 356 1320; x_wconf 93' lang='lat' dir='ltr'>hoc</span> <span class='ocrx_word' id='word_1_216' title='bbox 378 1299 538 1330; x_wconf 85' lang='lat' dir='ltr'>peccatum</span> <span class='ocrx_word' id='word_1_217' title='bbox 561 1296 663 1327; x_wconf 87' lang='lat' dir='ltr'>tuum,</span> <span class='ocrx_word' id='word_1_218' title='bbox 681 1289 764 1331; x_wconf 91' lang='lat' dir='ltr'>quod</span> <span class='ocrx_word' id='word_1_219' title='bbox 787 1295 820 1319; x_wconf 91' lang='lat' dir='ltr'>tu</span> <span class='ocrx_word' id='word_1_220' title='bbox 844 1298 945 1329; x_wconf 91' lang='lat' dir='ltr'>neque</span> 
     </span>
     <span class='ocr_line' id='line_1_29' title="bbox 44 1331 946 1373; baseline -0.002 -11"><span class='ocrx_word' id='word_1_221' title='bbox 44 1339 155 1370; x_wconf 86' lang='lat' dir='ltr'>negare</span> <span class='ocrx_word' id='word_1_222' title='bbox 166 1342 267 1373; x_wconf 89' lang='lat' dir='ltr'>posses</span> <span class='ocrx_word' id='word_1_223' title='bbox 279 1333 325 1367; x_wconf 88' lang='lat' dir='ltr'>(in</span> <span class='ocrx_word' id='word_1_224' title='bbox 341 1334 460 1364; x_wconf 87' lang='lat' dir='ltr'>tabulas</span> <span class='ocrx_word' id='word_1_225' title='bbox 475 1333 557 1363; x_wconf 89' lang='lat' dir='ltr'>enim</span> <span class='ocrx_word' id='word_1_226' title='bbox 573 1333 727 1371; x_wconf 89' lang='lat' dir='ltr'>retulisti),</span> <span class='ocrx_word' id='word_1_227' title='bbox 741 1342 796 1363; x_wconf 89' lang='lat' dir='ltr'>nec</span> <span class='ocrx_word' id='word_1_228' title='bbox 808 1342 879 1362; x_wconf 90' lang='lat' dir='ltr'>cum</span> <span class='ocrx_word' id='word_1_229' title='bbox 892 1331 946 1361; x_wconf 88' lang='lat' dir='ltr'>de-</span> 
     </span>
     <span class='ocr_line' id='line_1_30' title="bbox 44 1372 944 1416; baseline 0.001 -13"><span class='ocrx_word' id='word_1_230' title='bbox 44 1372 179 1405; x_wconf 86' lang='lat' dir='ltr'>fensione</span> <span class='ocrx_word' id='word_1_231' title='bbox 203 1375 309 1416; x_wconf 71' lang='lat' dir='ltr'>aliqua</span> <span class='ocrx_word' id='word_1_232' title='bbox 333 1376 495 1407; x_wconf 83' lang='lat' dir='ltr'>confiteri?</span> <span class='ocrx_word' id='word_1_233' title='bbox 528 1376 694 1406; x_wconf 84' lang='lat' dir='ltr'>Addicitur</span> <span class='ocrx_word' id='word_1_234' title='bbox 719 1375 752 1406; x_wconf 92' lang='lat' dir='ltr'>id</span> <span class='ocrx_word' id='word_1_235' title='bbox 779 1386 855 1415; x_wconf 91' lang='lat' dir='ltr'>opus</span> <span class='ocrx_word' id='word_1_236' title='bbox 885 1374 944 1405; x_wconf 89' lang='lat' dir='ltr'>HS</span> 
     </span>
     <span class='ocr_line' id='line_1_31' title="bbox 45 1417 945 1456; baseline 0.001 -10"><span class='ocrx_word' id='word_1_237' title='bbox 45 1424 137 1447; x_wconf 73' lang='lat' dir='ltr'>IQLX</span> <span class='ocrx_word' id='word_1_238' title='bbox 152 1418 311 1456; x_wconf 86' lang='lat' dir='ltr'>millibus;</span> <span class='ocrx_word' id='word_1_239' title='bbox 335 1430 406 1450; x_wconf 88' lang='lat' dir='ltr'>cum</span> <span class='ocrx_word' id='word_1_240' title='bbox 422 1425 535 1450; x_wconf 90' lang='lat' dir='ltr'>tutores</span> <span class='ocrx_word' id='word_1_241' title='bbox 557 1420 614 1450; x_wconf 81' lang='lat' dir='ltr'>Hs</span> <span class='ocrx_word' id='word_1_242' title='bbox 638 1428 743 1449; x_wconf 81' lang='lat' dir='ltr'><strong>Lxxx</strong></span> <span class='ocrx_word' id='word_1_243' title='bbox 758 1418 897 1448; x_wconf 85' lang='lat' dir='ltr'>millibus</span> <span class='ocrx_word' id='word_1_244' title='bbox 912 1417 945 1447; x_wconf 88' lang='lat' dir='ltr'>id</span> 
     </span>
     <span class='ocr_line' id='line_1_32' title="bbox 43 1460 946 1504; baseline 0 -14"><span class='ocrx_word' id='word_1_245' title='bbox 43 1470 131 1500; x_wconf 87' lang='lat' dir='ltr'>opus,</span> <span class='ocrx_word' id='word_1_246' title='bbox 149 1461 187 1491; x_wconf 89' lang='lat' dir='ltr'>ad</span> <span class='ocrx_word' id='word_1_247' title='bbox 206 1462 289 1493; x_wconf 87' lang='lat' dir='ltr'>illius</span> <span class='ocrx_word' id='word_1_248' title='bbox 304 1463 436 1493; x_wconf 90' lang='lat' dir='ltr'>hominis</span> <span class='ocrx_word' id='word_1_249' title='bbox 451 1462 637 1504; x_wconf 85' lang='lat' dir='ltr'>iniquissimi</span> <span class='ocrx_word' id='word_1_250' title='bbox 651 1462 824 1499; x_wconf 77' lang='lat' dir='ltr'>arbitrium,</span> <span class='ocrx_word' id='word_1_251' title='bbox 849 1471 880 1492; x_wconf 92' lang='lat' dir='ltr'>se</span> <span class='ocrx_word' id='word_1_252' title='bbox 901 1460 946 1490; x_wconf 87' lang='lat' dir='ltr'>ef-</span> 
     </span>
     <span class='ocr_line' id='line_1_33' title="bbox 44 1502 943 1547; baseline 0 -14"><span class='ocrx_word' id='word_1_253' title='bbox 44 1502 175 1535; x_wconf 88' lang='lat' dir='ltr'>fecturos</span> <span class='ocrx_word' id='word_1_254' title='bbox 188 1515 250 1535; x_wconf 82' lang='lat' dir='ltr'>esse</span> <span class='ocrx_word' id='word_1_255' title='bbox 262 1506 437 1536; x_wconf 86' lang='lat' dir='ltr'>clamarent.</span> <span class='ocrx_word' id='word_1_256' title='bbox 459 1506 586 1536; x_wconf 89' lang='lat' dir='ltr'>Etenim</span> <span class='ocrx_word' id='word_1_257' title='bbox 599 1505 674 1547; x_wconf 87' lang='lat' dir='ltr'>quid</span> <span class='ocrx_word' id='word_1_258' title='bbox 686 1511 749 1536; x_wconf 87' lang='lat' dir='ltr'>erat</span> <span class='ocrx_word' id='word_1_259' title='bbox 760 1504 857 1546; x_wconf 89' lang='lat' dir='ltr'>operis</span> <span class='ocrx_word' id='word_1_260' title='bbox 869 1505 882 1534; x_wconf 74' lang='grc' dir='ltr'><em>Ρ</em></span> <span class='ocrx_word' id='word_1_261' title='bbox 900 1503 943 1541; x_wconf 92' lang='lat' dir='ltr'>id,</span> 
     </span>
     <span class='ocr_line' id='line_1_34' title="bbox 45 1547 946 1589; baseline 0 -13"><span class='ocrx_word' id='word_1_262' title='bbox 45 1547 129 1587; x_wconf 90' lang='lat' dir='ltr'>quod</span> <span class='ocrx_word' id='word_1_263' title='bbox 145 1558 196 1578; x_wconf 88' lang='lat' dir='ltr'>vos</span> <span class='ocrx_word' id='word_1_264' title='bbox 211 1548 336 1579; x_wconf 85' lang='lat' dir='ltr'>vidistis.</span> <span class='ocrx_word' id='word_1_265' title='bbox 375 1549 494 1580; x_wconf 89' lang='lat' dir='ltr'>Omnes</span> <span class='ocrx_word' id='word_1_266' title='bbox 510 1549 570 1579; x_wconf 88' lang='lat' dir='ltr'>illae</span> <span class='ocrx_word' id='word_1_267' title='bbox 586 1549 748 1586; x_wconf 77' lang='lat' dir='ltr'>columnae,</span> <span class='ocrx_word' id='word_1_268' title='bbox 765 1559 841 1589; x_wconf 88' lang='lat' dir='ltr'>quas</span> <span class='ocrx_word' id='word_1_269' title='bbox 862 1547 946 1577; x_wconf 87' lang='lat' dir='ltr'>deal-</span> 
     </span>
     <span class='ocr_line' id='line_1_35' title="bbox 47 1589 946 1633; baseline 0 -14"><span class='ocrx_word' id='word_1_270' title='bbox 47 1590 133 1620; x_wconf 88' lang='lat' dir='ltr'>batas</span> <span class='ocrx_word' id='word_1_271' title='bbox 159 1591 277 1630; x_wconf 86' lang='lat' dir='ltr'>videtis,</span> <span class='ocrx_word' id='word_1_272' title='bbox 294 1591 436 1623; x_wconf 63' lang='lat' dir='ltr'>machina</span> <span class='ocrx_word' id='word_1_273' title='bbox 457 1591 605 1633; x_wconf 71' lang='lat' dir='ltr'>apposita,</span> <span class='ocrx_word' id='word_1_274' title='bbox 623 1592 710 1622; x_wconf 67' lang='lat' dir='ltr'>nulla</span> <span class='ocrx_word' id='word_1_275' title='bbox 733 1590 873 1632; x_wconf 63' lang='lat' dir='ltr'>impensa</span> <span class='ocrx_word' id='word_1_276' title='bbox 893 1589 946 1619; x_wconf 92' lang='lat' dir='ltr'>de-</span> 
     </span>
     <span class='ocr_line' id='line_1_36' title="bbox 41 1632 945 1676; baseline 0 -14"><span class='ocrx_word' id='word_1_277' title='bbox 41 1632 141 1671; x_wconf 84' lang='lat' dir='ltr'>jectae,</span> <span class='ocrx_word' id='word_1_278' title='bbox 169 1634 346 1676; x_wconf 86' lang='lat' dir='ltr'>eisdemque</span> <span class='ocrx_word' id='word_1_279' title='bbox 371 1635 525 1676; x_wconf 86' lang='lat' dir='ltr'>lapidibus</span> <span class='ocrx_word' id='word_1_280' title='bbox 545 1635 683 1676; x_wconf 85' lang='lat' dir='ltr'>repositae</span> <span class='ocrx_word' id='word_1_281' title='bbox 707 1641 787 1665; x_wconf 83' lang='lat' dir='ltr'>sunt.</span> <span class='ocrx_word' id='word_1_282' title='bbox 821 1634 892 1664; x_wconf 91' lang='lat' dir='ltr'>Hoc</span> <span class='ocrx_word' id='word_1_283' title='bbox 910 1639 945 1662; x_wconf 90' lang='lat' dir='ltr'>tu</span> 
     </span>
     <span class='ocr_line' id='line_1_37' title="bbox 48 1675 946 1720; baseline 0 -15"><span class='ocrx_word' id='word_1_284' title='bbox 48 1675 106 1706; x_wconf 90' lang='lat' dir='ltr'>HS</span> <span class='ocrx_word' id='word_1_285' title='bbox 120 1686 210 1707; x_wconf 80' lang='lat' dir='ltr'>mLx</span> <span class='ocrx_word' id='word_1_286' title='bbox 220 1677 357 1709; x_wconf 88' lang='lat' dir='ltr'>millibus</span> <span class='ocrx_word' id='word_1_287' title='bbox 372 1678 516 1709; x_wconf 88' lang='lat' dir='ltr'>locavisti.</span> <span class='ocrx_word' id='word_1_288' title='bbox 539 1679 653 1720; x_wconf 87' lang='lat' dir='ltr'>Atqui,</span> <span class='ocrx_word' id='word_1_289' title='bbox 669 1679 702 1708; x_wconf 89' lang='lat' dir='ltr'>in</span> <span class='ocrx_word' id='word_1_290' title='bbox 718 1678 778 1708; x_wconf 85' lang='lat' dir='ltr'>illis</span> <span class='ocrx_word' id='word_1_291' title='bbox 793 1676 946 1708; x_wconf 88' lang='lat' dir='ltr'>columnis</span> 
     </span>
     <span class='ocr_line' id='line_1_38' title="bbox 45 1718 942 1762; baseline -0.001 -13"><span class='ocrx_word' id='word_1_292' title='bbox 45 1718 114 1749; x_wconf 87' lang='lat' dir='ltr'>dico</span> <span class='ocrx_word' id='word_1_293' title='bbox 138 1730 212 1758; x_wconf 89' lang='lat' dir='ltr'>esse,</span> <span class='ocrx_word' id='word_1_294' title='bbox 240 1731 310 1762; x_wconf 86' lang='lat' dir='ltr'>quae</span> <span class='ocrx_word' id='word_1_295' title='bbox 325 1732 343 1751; x_wconf 87' lang='lat' dir='ltr'>a</span> <span class='ocrx_word' id='word_1_296' title='bbox 358 1727 412 1752; x_wconf 85' lang='lat' dir='ltr'>tuo</span> <span class='ocrx_word' id='word_1_297' title='bbox 426 1721 594 1752; x_wconf 88' lang='lat' dir='ltr'>redemtore</span> <span class='ocrx_word' id='word_1_298' title='bbox 610 1726 770 1752; x_wconf 86' lang='lat' dir='ltr'>commotae</span> <span class='ocrx_word' id='word_1_299' title='bbox 785 1731 846 1751; x_wconf 90' lang='lat' dir='ltr'>non</span> <span class='ocrx_word' id='word_1_300' title='bbox 863 1719 942 1750; x_wconf 85' lang='lat' dir='ltr'>sint:</span> 
     </span>
     <span class='ocr_line' id='line_1_39' title="bbox 43 1760 942 1806; baseline 0 -14"><span class='ocrx_word' id='word_1_301' title='bbox 43 1760 110 1793; x_wconf 83' lang='lat' dir='ltr'>dico</span> <span class='ocrx_word' id='word_1_302' title='bbox 131 1773 208 1803; x_wconf 86' lang='lat' dir='ltr'>esse,</span> <span class='ocrx_word' id='word_1_303' title='bbox 223 1774 262 1795; x_wconf 86' lang='lat' dir='ltr'>ex</span> <span class='ocrx_word' id='word_1_304' title='bbox 284 1764 347 1806; x_wconf 65' lang='lat' dir='ltr'>qua</span> <span class='ocrx_word' id='word_1_305' title='bbox 371 1770 492 1796; x_wconf 85' lang='lat' dir='ltr'>tantum</span> <span class='ocrx_word' id='word_1_306' title='bbox 519 1765 679 1796; x_wconf 83' lang='lat' dir='ltr'>tectorium</span> <span class='ocrx_word' id='word_1_307' title='bbox 700 1770 786 1796; x_wconf 88' lang='lat' dir='ltr'>vetus</span> <span class='ocrx_word' id='word_1_308' title='bbox 813 1763 942 1794; x_wconf 89' lang='lat' dir='ltr'>delitum</span> 
     </span>
    </p>
   </div>
  </div>
 </body>
</html>
