1216 1907
295 125 386 158 PRO
409 126 446 157 P.
462 125 674 165 QUINTIO.
691 125 776 157 Car.
792 127 844 158 20.
975 126 1020 158 23

128 212 271 246 officium.
305 212 426 244 Debere
449 212 505 244 tibi
528 212 603 243 dicis
622 212 811 251 Quintium:
842 219 1018 254 procurator

129 262 228 298 negat.
263 256 379 287 Vadam·
393 257 437 288 vis
451 268 459 286 z
483 256 643 297 promittit.
667 257 706 286 In
719 257 770 295 jus
786 266 891 287 vocas:
917 256 1018 297 sequi-

127 306 187 331 tur.
219 299 379 331 Judicium
401 300 554 341 postulas:
579 309 641 330 non
664 305 790 330 recusat.
823 299 909 337 Quid
933 300 1018 330 aliud

125 343 164 378 sit
173 344 325 374 absentem
341 343 474 381 defendi,
491 353 546 383 ego
561 352 622 373 non
634 342 782 383 intelligo.
806 343 853 373 At
869 343 938 384 quis
954 348 1019 373 erat

123 388 321 428 procurator?
345 386 443 417 Credo
454 386 588 426 aliquem
604 386 734 425 ejectum
745 386 914 425 hominem,
926 396 1018 426 egen-

125 435 198 479 111111,
214 429 392 470 litigiosum,
408 429 596 470 improbum,
613 429 667 470 qui
684 434 784 469 posset
806 440 916 459 scurrae
938 429 1016 459 divi-

123 472 162 505 tis
184 472 395 514 quotidianum
418 472 587 503 convicium
611 471 765 502 sustinere.
794 472 885 502 Nihil
902 473 1015 502 minus.

125 515 231 557 Eques
245 516 406 546 Romanus
421 516 566 556 locuples,
583 515 630 545 sui
652 515 765 555 negotii
787 516 864 545 bene
886 525 1014 556 gerens·
1003 539 1014 552 ‚

123 559 253 600 denique
264 559 301 597 is,
313 569 417 600 quem,
430 558 548 599 quoties
562 558 690 588 Naevius
701 558 732 588 in
746 558 882 589 Galliam
896 558 1009 599 profec-

123 608 172 635 tus
187 608 242 640 est,
257 608 481 643 procuratorem
497 602 607 631 Romae
622 601 754 642 reliquit.

165 645 242 676 XX.
265 644 308 675 Et
323 645 426 683 audes,
448 645 518 675 Sex.
536 644 638 682 Naevi,
652 654 772 684 negare,
789 646 944 675 absentem
960 644 1014 675 de-

121 689 241 722 sensum
265 699 328 719 esse
350 688 527 726 Quintium,
543 698 615 718 cum
638 697 709 717 eum
730 687 897 718 defenderit
918 687 1011 725 idem,

121 732 176 774 qui
191 738 220 762 te
239 731 374 762 solebat?
398 732 452 768 Et,
479 741 549 762 cum
569 730 595 761 is
618 730 770 770 judicium
793 731 940 771 acceperit
954 741 1011 772 pro

121 775 260 815 Quintio,
274 774 322 805 cui
337 781 371 805 tu
387 781 416 805 et
430 785 495 805 rem
515 780 545 804 et
559 774 675 804 famam
691 780 776 804 tuam
797 774 1012 805 commendare

119 818 320 860 proficiscens,
327 823 356 848 et
366 817 552 855 concredere,
563 817 695 852 solebas3
709 817 825 848 conaris
834 817 891 848 hoc
903 817 1014 855 dicere,

120 861 274 894 neminem
303 860 462 900 exstitisse,
488 860 542 902 qui
572 860 740 898 Quintium
765 860 881 900 judicio
905 860 1011 891 defen-

119 905 203 940 deret
215 906 229 936 Ρ

128 974 132 978 .
164 948 374 984 Postulabam,
387 947 499 988 inquit,
510 952 545 977 ut
556 946 758 977 satisdaretur.
776 946 896 986 Injurissi
904 952 1011 987 postu-

119 992 214 1023 labas.
248 992 299 1022 Ita
325 990 486 1030 [jubebare
496 991 523 1031 :]
546 991 704 1020 recusabat
732 990 906 1031 Alphenus.
942 990 1011 1021 Ita:

122 1044 227 1066 verum
242 1040 352 1075 praetor
361 1033 557 1064 decernebat:
582 1033 698 1063 tribuni
709 1033 802 1073 igitur
814 1033 1014 1073 appellaban-

121 1084 180 1109 tur.
205 1077 269 1108 Hic
283 1083 323 1114 te,
340 1077 452 1118 inquit,
474 1083 570 1107 teneo.
606 1076 680 1106 Non
701 1082 744 1106 est
759 1077 797 1106 is
787 1076 841 1106 ud
858 1076 1013 1115 juducium

119 1121 194 1163 pati,
210 1130 309 1162 neque
320 1120 435 1159 judicio
450 1119 620 1157 defendere,
633 1130 704 1149 cum
716 1119 866 1149 auxilium
883 1129 901 1149 a
915 1119 1014 1150 tribu-

119 1164 166 1195 nis
179 1169 273 1205 petas.
312 1163 382 1194 Hcc
397 1173 463 1203 ego,
476 1173 547 1193 cum
563 1169 644 1193 atter
646 1162 696 1200 do,
721 1173 782 1203 qua
797 1161 958 1202 prudentia
973 1162 1014 1192 sit

118 1206 312 1245 Hortensius,
328 1206 482 1236 dicturum
503 1216 565 1236 esse
587 1216 658 1236 eum
680 1215 741 1235 non
765 1205 902 1235 arbitror.
927 1205 1012 1236 (um

117 1256 221 1281 autem
235 1255 324 1280 antea
338 1249 448 1279 dixisse
459 1248 561 1287 audio,
578 1255 608 1279 et
622 1259 743 1279 causam
759 1248 858 1289 ipsam
874 1249 1011 1279 conside-

116 1304 164 1343 10,
185 1293 260 1334 quid
282 1292 367 1323 aliud
389 1292 487 1322 dicere
511 1292 616 1333 possit,
641 1302 702 1322 non
725 1291 851 1332 reperio.
882 1291 1011 1322 Fatetur

117 1337 211 1375 enim,
226 1336 344 1367 libellos
357 1336 539 1376 Alphenum
549 1335 701 1375 dejecisse,
717 1334 927 1365 vadimonium
940 1345 1011 1376 pror

115 1380 242 1418 misisse,
260 1379 412 1428 judicium
434 1378 509 1420 quin
533 1378 692 1419 acciperet,
718 1378 749 1408 in
775 1388 810 1408 ea
833 1377 899 1418 ipsa
917 1379 1009 1408 verba

117 1434 187 1465 quae
201 1423 234 1453 N
236 1432 329 1454 aevxus
343 1421 460 1460 edebat,
471 1431 533 1452 non
548 1432 720 1458 recusasse3
743 1421 786 1451 ita
797 1426 912 1459 tamen,
922 1431 1009 1451 more

116 1472 146 1497 et
159 1466 308 1504 instituto,
323 1476 378 1506 per
391 1475 464 1496 eum
481 1465 708 1506 magistratum,
724 1464 779 1506 qui
793 1463 902 1494 auxilii
916 1464 1009 1495 causa

114 1509 292 1541 constitutus
307 1514 362 1539 est·

156 1552 226 1583 Aut
238 1552 304 1583 haec
317 1551 398 1583 facta
411 1561 473 1582 non
484 1551 556 1590 sint,
568 1561 686 1582 necesse
695 1555 739 1582 est
749 1561 759 1588 ς
776 1556 830 1581 aut
841 1549 877 1581 C.
889 1550 1019 1591 Aquils

115 1595 186 1634 lius,
201 1595 269 1626 talis
283 1595 340 1634 vir,
353 1596 485 1635 juratus,
501 1595 558 1625 hoc
570 1595 630 1647 jus·
636 1595 669 1625 in
687 1594 806 1625 civitate
828 1594 1004 1632 constituat,

113 1640 200 1679 cujus
219 1644 392 1679 procurator
414 1648 476 1668 non
501 1637 645 1668 recusarit
667 1637 770 1668 emnia
789 1636 916 1676 judicia,
934 1647 1004 1677 quae

115 1682 243 1724 quisque
256 1681 288 1712 in
303 1682 393 1713 verba
403 1681 587 1722 postularit·
610 1681 697 1720 cujus
709 1687 885 1722 procurator
895 1691 914 1710 a
925 1691 1003 1720 prae-

114 1730 177 1756 tore
190 1725 326 1755 tribunos
340 1724 493 1766 appellare
509 1735 602 1755 ausus
616 1724 665 1761 sit,
683 1734 753 1754 eum
774 1733 835 1753 non
855 1723 1002 1758 defendi;

114 1768 179 1808 ejus
197 1769 278 1799 bona
294 1774 372 1799 recte
390 1767 534 1809 possideri
559 1777 666 1808 posse;
691 1767 718 1798 ei
733 1766 854 1804 misero,
871 1766 1016 1803 absenti‚.

110 1811 224 1851 ignaro,
237 1811 343 1851 omnia
353 1811 544 1845 fortunarum
560 1821 695 1849 suarum,
712 1809 815 1841 omnia
829 1810 899 1840 vitae
914 1819 1019 1842 err-a.-⁴
