1181 1902
319 62 371 93 IN
394 63 591 94 VERREM
616 63 675 95 IV.
699 63 783 94 CAP.
807 63 858 95 39.
969 64 1032 94 325

140 149 280 180 dominos
295 159 357 180 esse
372 150 473 180 velles.
504 149 566 180 Hic
581 149 724 187 delectus,
741 149 798 180 hoc
813 149 986 187 discrimen,
1003 156 1034 180 te

139 199 278 233 praetore‚
295 192 364 229 fuit,
382 199 416 222 ut
431 199 561 224 aratores
573 193 605 223 in
615 203 768 224 servorum
785 203 912 224 numero
922 199 1030 231 essent,

139 235 216 265 servi
231 236 263 265 in
279 236 523 276 publicanorum.

182 278 346 309 XXXIX.
381 278 467 316 Quid
480 281 493 310 ‚⁹
520 279 723 309 Amestratini
746 279 859 315 miseri,
882 280 1032 321 impositis

138 321 182 352 ita
197 322 317 362 magnis
332 322 479 359 decumis,
496 328 531 352 ut
546 322 618 362 ipsis
630 322 739 362 reliqui
755 323 831 353 nihil
847 323 942 361 fieret,
955 333 1033 353 non-

137 374 177 395 ne
186 371 288 395 tamen
299 375 458 395 numerare
468 365 610 405 pecunias
620 365 714 395 coacti
724 368 817 396 sunt?
833 366 1032 397 Addicuntur

137 407 275 438 decumae
288 408 336 438 M.
350 408 458 445 Caesio,
475 418 547 438 cum
559 408 696 438 adessent
710 408 803 448 legati
817 409 1030 439 Amestratini.

138 452 248 481 Statim
256 451 373 492 cogitur
381 451 542 482 Heraclius
549 452 667 492 legatus
677 461 837 481 numerare
846 452 901 482 Hs
915 452 999 482 XXI
1006 453 1030 483 Ι.

138 494 225 532 Quid
248 495 305 525 hoc
324 501 368 525 est
381 496 394 525 ,²
419 505 489 535 quae
504 500 548 524 est
563 494 619 524 ista
634 494 762 535 praeda?
786 505 855 535 quae
872 495 938 526 vis?
962 506 1031 536 quae

136 537 266 578 direptio
281 537 452 568 sociorum?
477 537 509 568 Si
526 544 588 567 erat
605 537 748 568 Heraclio
767 538 805 568 ab
822 544 927 568 senatu
943 549 1032 569 man-

137 580 256 617 datum,
273 586 308 610 ut
324 587 447 618 emeret,
465 581 605 611 emisset:
631 580 655 610 si
670 590 731 611 non
753 587 826 618 erat,
844 583 898 622 qui
915 588 1032 622 poterat

136 623 192 653 sua
207 629 314 664 sponte
328 624 489 665 pecuniam
505 625 691 654 numerare?
719 624 816 654 Caesio
831 625 985 655 renuntiat
1001 635 1032 655 se

136 666 261 697 dedisse.
286 667 466 707 Cognoscite
481 667 737 698 renuntiationem
750 677 787 698 ex
796 667 899 698 literis.
923 668 1032 699 Recita

137 719 175 741 ex
190 710 284 740 literis
299 710 439 751 publicis.

428 754 557 788 (Litcrae
575 755 730 793 publicoe.)

179 796 253 835 Quo
268 797 540 827 senatus-consulto
556 802 619 827 erat
634 797 690 827 hoc
706 797 805 837 legato
820 797 1003 837 permissum
1016 800 1029 828 ?

135 839 230 870 nullo.
264 840 328 870 Cur
340 839 434 870 fecit?
458 846 578 870 coactus
593 845 646 870 est.
679 840 759 877 Quis
774 840 831 871 hoc
846 840 918 872 dicit
930 843 944 871 Ρ
967 847 1031 872 tota

135 882 248 914 civitas.
273 883 381 914 Recita
395 883 603 913 testimonium
619 883 788 924 publicum.

361 927 604 960 (Testimonium
615 927 802 966 publicum.)

178 968 232 999 Ab
248 969 304 999 hac
321 968 425 1000 eadem
441 969 571 1006 civitate,
597 979 678 999 anno
700 969 842 1005 secundo,
865 969 958 1000 simili
982 982 1030 1001 ra-

134 1012 216 1042 tione
231 1018 379 1043 extortam
398 1023 459 1043 esse
474 1013 647 1053 pecuniam,
664 1018 693 1042 et
709 1013 779 1043 Sex.
798 1013 960 1044 Vennonio
976 1014 1029 1044 (la-

135 1061 209 1092 tam,
228 1066 265 1085 ex
282 1056 387 1086 eodem
405 1056 576 1086 testimonio
593 1055 783 1095 cognovistis.
807 1057 853 1086 At
868 1057 1030 1087 Amestra-

133 1099 224 1135 tinos⁷
238 1099 376 1129 homines
385 1105 502 1135 tenues,
515 1109 586 1129 cum
597 1109 701 1128 eorum
712 1099 854 1129 decumas
866 1100 1030 1131 medimnis

134 1141 250 1172 DCCC
267 1141 450 1172 vendidisses
462 1142 614 1172 Banobali
621 1142 764 1179 Venerio,
777 1143 960 1182 (cognoscite
975 1154 1029 1174 no-

133 1185 218 1215 mina
227 1185 473 1225 publicanorum)
485 1185 565 1226 cogis
578 1196 626 1215 eos
636 1185 705 1226 plus
717 1185 794 1216 lucri
806 1186 926 1223 addere,
934 1197 1028 1227 quam

133 1228 241 1269 quanti
253 1229 419 1265 venierant‚
432 1238 503 1258 curn
518 1239 631 1269 magno
642 1229 802 1259 venissent.
827 1228 913 1259 Dant
925 1230 1029 1260 Bano-

133 1271 196 1301 bali
211 1271 368 1302 medimna¹
384 1271 511 1308 DCCC,
530 1272 587 1302 Hs
604 1271 686 1301 MD.
712 1272 851 1302 Profecto
867 1282 1028 1314 nunquam

132 1314 188 1345 iste
203 1320 267 1346 tam
290 1325 394 1345 amens
417 1315 533 1351 fuisset,
553 1321 588 1344 ut
612 1325 649 1345 ex
673 1325 746 1354 agro
770 1315 876 1355 populi
893 1316 1028 1346 Romani

132 1358 202 1398 plus
214 1358 360 1388 frumenti
372 1368 456 1388 servo
469 1358 613 1395 Venerio,
630 1367 724 1398 quam
740 1358 854 1399 populo
872 1359 1025 1396 Romano,

131 1401 225 1432 tribui
239 1407 404 1442 pateretur,
428 1401 486 1431 nisi
503 1401 603 1432 omnis
619 1411 653 1431 ea
668 1401 781 1441 praeda,
799 1401 876 1431 servi
890 1402 1025 1439 nomine,

132 1443 171 1474 ad
186 1444 280 1474 istum
295 1444 397 1485 ipsum
413 1444 590 1485 perveniret.

175 1488 380 1524 Petrini‚cum
393 1498 498 1518 eorum
510 1487 647 1518 decumae
655 1497 768 1527 magno
779 1487 906 1518 addictae
915 1494 1024 1527 essent,

130 1536 233 1561 tamen
249 1531 422 1561 invitissimi
443 1531 479 1561 Ρ.
498 1531 529 1561 N
533 1531 607 1561 aevio
623 1530 786 1572 Turpioni,
802 1530 1028 1571 improbissimo

130 1573 260 1611 homini,
277 1574 331 1614 qui
345 1574 540 1613 injuriarum,
557 1574 716 1604 Sacerdote
736 1580 874 1614 praetore,
900 1574 1028 1605 damna-

131 1622 180 1647 tus
195 1623 250 1653 est,
269 1617 325 1647 Hs
348 1617 518 1648 XXXVII
536 1623 565 1646 et
583 1617 612 1646 D
629 1617 700 1647 dare
714 1617 808 1647 eoacti
824 1623 903 1647 sunt.
938 1618 1027 1649 Itane

129 1659 273 1691 dissolute
283 1660 426 1691 decumas
433 1660 605 1697 vendidisti,
613 1666 658 1697 ut,
667 1670 737 1690 cum
747 1660 939 1701 medimnum
952 1668 1027 1692 esset

132 1702 189 1734 Hs
213 1703 290 1741 XV,
307 1703 444 1734 decumae
462 1710 565 1734 autem
587 1703 778 1734 medimnum
806 1702 864 1733 III
889 1704 1027 1735 millibus

131 1747 293 1784 venissent,
304 1747 496 1778 medimnum
507 1746 640 1785 MMM,
652 1747 710 1778 hoc
719 1752 763 1777 est
777 1746 833 1777 Hs
846 1746 1025 1788 XXXXV,

177 1790 300 1828 (Orat.)
315 1799 400 1821 vor..
419 1799 443 1820 x.
750 1791 769 1820 2
786 1798 807 1820 F
