1181 1902
282 51 333 82 IN
358 51 552 83 VERREM
578 52 643 84 111.
667 52 751 83 CAP.
769 52 820 83 43.
930 51 994 83 253

107 132 186 165 hanc
201 135 356 175 injuriam,
370 149 438 178 quae
450 138 575 169 Sthenio
586 139 665 169 facta
680 145 765 176 esset,
782 149 831 169 cos
846 139 995 176 statuisse,

111 182 156 214 ut,
174 179 255 219 quod
272 180 349 217 dico,
366 182 576 221 postularetur.

153 222 233 259 Quae
248 233 318 253 cum
334 223 376 254 ita
391 230 498 260 essent,
514 223 637 255 tantune
652 225 784 255 amenti&
799 225 941 265 praeditus
953 231 999 255 at-

109 274 169 303 que
190 265 316 296 audaci&
331 265 426 303 fuisti,
444 272 489 304 ut,
506 267 537 296 in
553 278 584 297 re
600 274 662 297 tam
681 268 772 304 clarii,
795 274 858 298 tam
880 270 1001 299 testata.

110 312 172 336 tarn
189 309 243 338 abs
257 309 359 349 teipso
375 320 446 349 perv
449 310 490 338 ul
482 310 545 349 gat?
543 323 563 345 ι,
581 311 699 340 tabulas
715 311 851 351 uublicas
866 321 1001 341 corrum-

110 359 180 389 pere
192 351 341 382 auderes?
365 353 411 382 At
423 352 683 392 quemadmodum
699 353 883 394 corrupisti?
900 363 1001 385 nonne

108 391 162 429 ita,
180 399 224 431 ut,
242 394 383 425 omnibus
398 395 484 425 nobis
496 396 698 433 tacentibus,
691 406 763 435 ipsae
775 403 804 426 te
817 402 877 426 tuae
888 397 1002 427 tabulae

110 417 310 467 condemnare
333 438 476 478 possent?
508 438 632 475 Quaeso,
661 438 793 469 codicem
819 439 998 470 circumfer·

109 479 241 510 ostende.
274 480 431 511 Videtisne
447 486 544 511 totum
560 482 617 511 hoc
632 491 754 517 nomen,
772 492 872 512 coram
888 482 941 512 ubi
956 483 1002 513 fa·-

109 521 149 551 cit
174 522 319 559 delatum,
346 534 407 554 esse
431 524 463 554 in
484 524 598 554 litura?
633 524 719 561 Quid
743 524 802 554 fuit
825 525 891 555 istic
913 532 1002 556 antea

108 564 279 605 scriptum?
302 567 384 607 quod
404 567 551 597 mendum
572 567 628 597 ista
642 567 734 597 litura
749 568 902 598 correxit?
926 568 1002 608 quid

109 618 127 637 a
148 609 246 645 nobis,
259 610 387 648 judices
405 610 582 651 exspectatis
597 616 777 658 argumenta
792 611 884 649 hujus
899 611 1002 641 crimi-

109 650 181 681 nis?
205 651 294 682 Nihil
314 653 462 683 dicimus·
488 653 600 683 tabulae
615 659 685 683 sunt
700 653 731 682 in
746 653 858 689 medio,
881 663 950 694 quae
971 665 1002 685 se

109 700 263 735 corruptas
275 701 366 736 atque
377 695 522 726 interlitas
535 707 596 726 esse
605 697 747 729 clamant.
771 696 811 726 E:
811 707 822 726 i
834 696 897 727 istis
910 697 1002 727 etiam

109 743 143 767 tu
160 739 248 768 rebus
269 738 400 779 effugere
416 745 444 769 te
459 750 545 779 posse
565 739 701 775 confidis,
724 750 793 769 cum
816 746 844 770 te
865 749 919 770 nos
939 749 1001 770 non

108 780 249 821 opinione
264 781 369 817 (lubia,
387 782 438 812 sed
453 782 513 812 tuis
528 782 671 822 vestigiis,
684 792 913 823 persequamur,
931 794 1001 823 quae

109 829 142 853 tu
159 824 190 853 in
207 825 317 855 tabulis
332 825 462 865 publicis
478 836 618 866 expressa
633 836 666 855 ac
682 826 812 855 recentia
827 826 999 866 reliquisti?

111 867 143 897 Is
164 867 240 897 mihi
257 867 348 898 etiam
363 868 525 898 Sthenium
544 868 645 898 literas
665 868 802 908 publicas
823 869 1000 909 corrupisse,

110 911 200 940 caus&
224 911 389 951 incognita,
412 911 571 950 judicavit,
600 911 654 951 qui
677 911 836 941 defendere
860 921 921 942 non
947 922 1002 952 po-

109 954 211 991 tuerit,
245 964 275 984 se
302 964 361 984 non
391 953 461 995 [ex]
489 954 583 995 ipsius
610 954 728 985 sthenii
754 954 877 984 nomine
901 955 1003 986 literas

108 997 245 1038 publicas
261 997 425 1038 corrupisse
437 999 450 1028 Ρ

153 1040 284 1071 XLIII.
309 1040 419 1071 Videte
438 1051 527 1081 porro
548 1041 638 1071 aliam
660 1040 865 1071 dementiam:
891 1041 1000 1080 videte,

111 1090 157 1121 ut,
174 1084 247 1114 dum
265 1084 406 1125 expedire
422 1094 483 1114 sese
495 1084 572 1122 vult,
588 1084 704 1114 induat.
740 1084 935 1125 Cognitorem
948 1086 1002 1115 ad-

111 1127 212 1157 scribit
225 1127 359 1157 Sthenio.
384 1127 511 1165 Quem?
528 1135 691 1167 cognatum
704 1127 848 1168 aliquem,
866 1135 919 1158 aut
934 1139 1004 1168 pro-

109 1171 287 1212 pinquum?
311 1180 382 1200 non.
421 1170 657 1200 Thermitanum
674 1170 819 1210 aliquem,
839 1171 1002 1201 honestum

110 1213 266 1244 hominem
282 1224 316 1244 ac
331 1214 489 1244 nobilem?
513 1223 551 1243 ne
571 1213 602 1244 id
622 1213 756 1254 quidem.
784 1213 831 1243 At
851 1214 1003 1253 Siculum,

112 1257 144 1287 in
160 1267 222 1297 quo
242 1256 351 1298 aliquis
373 1256 513 1297 splendor
534 1256 727 1297 dignitasque
742 1259 842 1287 esset?
865 1257 1003 1287 minime.

114 1300 200 1338 Quid
224 1299 341 1340 igitur?
366 1300 461 1330 civem
489 1300 677 1329 Romanum.
716 1298 776 1329 Cui
801 1299 858 1330 hoc
883 1300 1005 1340 probari

113 1344 235 1384 potest?
269 1342 351 1373 Cum
376 1348 451 1373 esset
475 1342 618 1372 Sthenius
644 1342 772 1373 civitatis
795 1353 857 1372 suae
882 1343 1007 1374 nobilis-

114 1386 220 1423 simus,
244 1386 433 1426 amplissima&
459 1386 648 1425 cognatione,
679 1385 819 1426 plurimis
844 1386 1005 1421 amicitiis;

114 1440 183 1463 cum
207 1436 362 1469 praeterea,
391 1428 451 1459 tota
475 1429 589 1465 Sicilia,
616 1429 751 1458 multum
777 1429 953 1460 auctoritate
977 1435 1008 1459 et

113 1472 211 1513 grati&⁴
222 1478 341 1513 posset;
358 1472 492 1502 invenire
504 1471 656 1501 neminem
673 1471 812 1502 Siculum
824 1472 934 1512 potuit,
952 1473 1007 1513 qui

114 1526 168 1556 pro
184 1526 214 1546 se
229 1516 364 1555 cognitor
379 1515 485 1545 fieret?
510 1515 579 1544 Hoc
594 1514 759 1555 probabis?
777 1524 815 1544 an
831 1515 895 1555 ipse
909 1515 1007 1545 civem

116 1560 293 1593 Romanum
318 1558 450 1588 maluit?
475 1558 569 1595 Cedo,
591 1558 640 1587 cui
656 1557 769 1595 Siculo,
793 1568 863 1587 cum
886 1558 911 1587 is
937 1568 1006 1588 reus

116 1602 209 1638 fieret,
234 1602 306 1632 civis
334 1602 494 1631 Romanus
518 1601 653 1641 cognitor
676 1600 774 1630 factus
798 1610 936 1641 unquam
959 1601 1008 1631 sit.

114 1644 265 1675 Omnium
286 1651 451 1685 praetorum
471 1644 583 1681 literas,
607 1644 660 1684 qui
684 1650 753 1673 ante
777 1643 911 1681 fuerunt,
936 1654 1006 1684 pro-

114 1687 180 1724 ἵεις
198 1687 324 1728 explica.
348 1687 493 1718 Si-unum
505 1687 665 1725 inveneris,
682 1697 738 1727 ego
749 1686 806 1717 hoc
817 1687 883 1727 tibi,
900 1696 1010 1728 quem-

160 1732 280 1770 (Orat.)
301 1740 385 1762 voi,-
404 1740 427 1761 1.
722 1739 742 1760 z
