<?xml version="1.0" encoding="UTF-8"?>
<!DOCTYPE html PUBLIC "-//W3C//DTD XHTML 1.0 Transitional//EN"
    "http://www.w3.org/TR/xhtml1/DTD/xhtml1-transitional.dtd">
<html xmlns="http://www.w3.org/1999/xhtml" xml:lang="en" lang="en">
 <head>
  <title>
</title>
<meta http-equiv="Content-Type" content="text/html;charset=utf-8" />
  <meta name='ocr-system' content='tesseract 3.04.00' />
  <meta name='ocr-capabilities' content='ocr_page ocr_carea ocr_par ocr_line ocrx_word'/>
</head>
<body>
  <div class='ocr_page' id='page_1' title='image "./operaern05ciceuoft_0013.png"; bbox 0 0 1216 1907; ppageno 0'>
   <div class='ocr_carea' id='block_1_1' title="bbox 200 367 985 534">
    <p class='ocr_par' dir='ltr' id='par_1_1' title="bbox 200 367 985 534">
     <span class='ocr_line' id='line_1_1' title="bbox 200 367 985 411; baseline 0.001 -1"><span class='ocrx_word' id='word_1_1' title='bbox 200 367 405 411; x_wconf 88' lang='lat' dir='ltr'>MARCI</span> <span class='ocrx_word' id='word_1_2' title='bbox 437 367 637 410; x_wconf 83' lang='lat' dir='ltr'>TULLII</span> <span class='ocrx_word' id='word_1_3' title='bbox 669 367 985 411; x_wconf 86' lang='lat' dir='ltr'>CICERONIS</span> 
     </span>
     <span class='ocr_line' id='line_1_2' title="bbox 370 483 808 534; baseline 0.005 -2"><span class='ocrx_word' id='word_1_4' title='bbox 370 483 808 534; x_wconf 87' lang='lat' dir='ltr'><strong>ORATIONES.</strong></span> 
     </span>
    </p>
   </div>
   <div class='ocr_carea' id='block_1_2' title="bbox 528 622 658 631">
    <p class='ocr_par' dir='ltr' id='par_1_2' title="bbox 528 622 658 631">
     <span class='ocr_line' id='line_1_3' title="bbox 528 622 658 631; baseline 0 1276"><span class='ocrx_word' id='word_1_5' title='bbox 528 622 658 631; x_wconf 95' lang='lat' dir='ltr'><strong> </strong></span> 
     </span>
    </p>
   </div>
   <div class='ocr_carea' id='block_1_3' title="bbox 476 704 711 737">
    <p class='ocr_par' dir='ltr' id='par_1_3' title="bbox 476 704 711 737">
     <span class='ocr_line' id='line_1_4' title="bbox 476 704 711 737; baseline 0 -1"><span class='ocrx_word' id='word_1_6' title='bbox 476 704 658 737; x_wconf 89' lang='lat' dir='ltr'>ORATIO</span> <span class='ocrx_word' id='word_1_7' title='bbox 684 705 711 736; x_wconf 89' lang='grc' dir='ltr'><strong>Ι.</strong></span> 
     </span>
    </p>
   </div>
   <div class='ocr_carea' id='block_1_4' title="bbox 367 798 814 954">
    <p class='ocr_par' dir='ltr' id='par_1_4' title="bbox 367 798 814 954">
     <span class='ocr_line' id='line_1_5' title="bbox 367 798 814 846; baseline -0.002 -10"><span class='ocrx_word' id='word_1_8' title='bbox 367 799 471 837; x_wconf 86' lang='lat' dir='ltr'><strong>PRO</strong></span> <span class='ocrx_word' id='word_1_9' title='bbox 500 799 543 838; x_wconf 86' lang='lat' dir='ltr'><strong>P.</strong></span> <span class='ocrx_word' id='word_1_10' title='bbox 574 798 814 846; x_wconf 81' lang='lat' dir='ltr'><strong>QUINTIO.</strong></span> 
     </span>
     <span class='ocr_line' id='line_1_6' title="bbox 533 927 653 954; baseline 0 0"><span class='ocrx_word' id='word_1_11' title='bbox 533 927 653 954; x_wconf 45' lang='grc' dir='ltr'><strong>-ψ-</strong></span> 
     </span>
    </p>
   </div>
   <div class='ocr_carea' id='block_1_5' title="bbox 409 1030 765 1064">
    <p class='ocr_par' dir='ltr' id='par_1_5' title="bbox 409 1030 765 1064">
     <span class='ocr_line' id='line_1_7' title="bbox 409 1030 765 1064; baseline -0.006 0"><span class='ocrx_word' id='word_1_12' title='bbox 409 1030 765 1064; x_wconf 86' lang='lat' dir='ltr'><strong>ARGUMENTUM.</strong></span> 
     </span>
    </p>
   </div>
   <div class='ocr_carea' id='block_1_6' title="bbox 143 1112 1000 1888">
    <p class='ocr_par' dir='ltr' id='par_1_6' title="bbox 143 1112 1000 1888">
     <span class='ocr_line' id='line_1_8' title="bbox 143 1112 1000 1159; baseline 0.002 -13"><span class='ocrx_word' id='word_1_13' title='bbox 143 1112 231 1146; x_wconf 79' lang='lat' dir='ltr'><strong>CUM</strong></span> <span class='ocrx_word' id='word_1_14' title='bbox 248 1116 434 1155; x_wconf 74' lang='lat' dir='ltr'>olim,annos</span> <span class='ocrx_word' id='word_1_15' title='bbox 447 1117 573 1158; x_wconf 76' lang='lat' dir='ltr'>aliquot,</span> <span class='ocrx_word' id='word_1_16' title='bbox 586 1117 664 1148; x_wconf 89' lang='lat' dir='ltr'><strong>inter</strong></span> <span class='ocrx_word' id='word_1_17' title='bbox 679 1118 749 1148; x_wconf 83' lang='lat' dir='ltr'><strong>Sex.</strong></span> <span class='ocrx_word' id='word_1_18' title='bbox 764 1116 909 1148; x_wconf 85' lang='lat' dir='ltr'><strong>Naevium</strong></span> <span class='ocrx_word' id='word_1_19' title='bbox 921 1128 1000 1159; x_wconf 82' lang='lat' dir='ltr'><strong>prae-</strong></span> 
     </span>
     <span class='ocr_line' id='line_1_9' title="bbox 144 1160 996 1201; baseline 0.004 -13"><span class='ocrx_word' id='word_1_20' title='bbox 144 1168 262 1197; x_wconf 81' lang='lat' dir='ltr'><strong>eonem,</strong></span> <span class='ocrx_word' id='word_1_21' title='bbox 285 1166 314 1190; x_wconf 84' lang='lat' dir='ltr'><strong>et</strong></span> <span class='ocrx_word' id='word_1_22' title='bbox 334 1160 369 1190; x_wconf 86' lang='lat' dir='ltr'><strong>C.</strong></span> <span class='ocrx_word' id='word_1_23' title='bbox 391 1160 558 1198; x_wconf 85' lang='lat' dir='ltr'><strong>Quintium</strong></span> <span class='ocrx_word' id='word_1_24' title='bbox 581 1160 619 1190; x_wconf 85' lang='lat' dir='ltr'><strong>de</strong></span> <span class='ocrx_word' id='word_1_25' title='bbox 634 1161 722 1201; x_wconf 81' lang='lat' dir='ltr'><strong>plebe</strong></span> <span class='ocrx_word' id='word_1_26' title='bbox 738 1161 881 1191; x_wconf 54' lang='lat' dir='ltr'>Roman&amp;</span> <span class='ocrx_word' id='word_1_27' title='bbox 895 1161 996 1191; x_wconf 87' lang='lat' dir='ltr'>homi-</span> 
     </span>
     <span class='ocr_line' id='line_1_10' title="bbox 144 1203 996 1245; baseline 0.004 -14"><span class='ocrx_word' id='word_1_28' title='bbox 144 1211 226 1241; x_wconf 81' lang='lat' dir='ltr'><strong>nem,</strong></span> <span class='ocrx_word' id='word_1_29' title='bbox 243 1203 365 1234; x_wconf 82' lang='lat' dir='ltr'><strong>societas</strong></span> <span class='ocrx_word' id='word_1_30' title='bbox 388 1213 502 1241; x_wconf 75' lang='lat' dir='ltr'><strong>rerum,</strong></span> <span class='ocrx_word' id='word_1_31' title='bbox 522 1214 591 1244; x_wconf 80' lang='lat' dir='ltr'><strong>quae</strong></span> <span class='ocrx_word' id='word_1_32' title='bbox 603 1203 634 1233; x_wconf 88' lang='lat' dir='ltr'><strong>in</strong></span> <span class='ocrx_word' id='word_1_33' title='bbox 652 1203 755 1233; x_wconf 55' lang='lat' dir='ltr'>Gallia</span> <span class='ocrx_word' id='word_1_34' title='bbox 776 1205 996 1245; x_wconf 84' lang='lat' dir='ltr'>comparaban-</span> 
     </span>
     <span class='ocr_line' id='line_1_11' title="bbox 144 1246 997 1288; baseline 0.002 -13"><span class='ocrx_word' id='word_1_35' title='bbox 144 1249 205 1282; x_wconf 85' lang='lat' dir='ltr'><strong>tur,</strong></span> <span class='ocrx_word' id='word_1_36' title='bbox 236 1246 352 1284; x_wconf 76' lang='lat' dir='ltr'><strong>fuisset,</strong></span> <span class='ocrx_word' id='word_1_37' title='bbox 383 1246 512 1276; x_wconf 83' lang='lat' dir='ltr'><strong>moritur</strong></span> <span class='ocrx_word' id='word_1_38' title='bbox 542 1246 578 1276; x_wconf 83' lang='lat' dir='ltr'><strong>C.</strong></span> <span class='ocrx_word' id='word_1_39' title='bbox 612 1246 771 1285; x_wconf 75' lang='lat' dir='ltr'><strong>Quintius,</strong></span> <span class='ocrx_word' id='word_1_40' title='bbox 810 1247 997 1288; x_wconf 83' lang='lat' dir='ltr'>fratremque</span> 
     </span>
     <span class='ocr_line' id='line_1_12' title="bbox 147 1287 997 1320; baseline 0.002 -2"><span class='ocrx_word' id='word_1_41' title='bbox 147 1287 295 1319; x_wconf 87' lang='lat' dir='ltr'>Publium</span> <span class='ocrx_word' id='word_1_42' title='bbox 325 1295 505 1320; x_wconf 86' lang='lat' dir='ltr'><strong>testamento</strong></span> <span class='ocrx_word' id='word_1_43' title='bbox 530 1289 683 1320; x_wconf 83' lang='lat' dir='ltr'><strong>haeredem</strong></span> <span class='ocrx_word' id='word_1_44' title='bbox 713 1289 793 1320; x_wconf 83' lang='lat' dir='ltr'><strong>facit.</strong></span> <span class='ocrx_word' id='word_1_45' title='bbox 838 1289 997 1320; x_wconf 55' lang='lat' dir='ltr'><strong>Dissolutss.</strong></span> 
     </span>
     <span class='ocr_line' id='line_1_13' title="bbox 144 1330 997 1373; baseline 0.001 -12"><span class='ocrx_word' id='word_1_46' title='bbox 144 1330 202 1362; x_wconf 86' lang='lat' dir='ltr'><strong>hoc</strong></span> <span class='ocrx_word' id='word_1_47' title='bbox 220 1332 311 1363; x_wconf 85' lang='lat' dir='ltr'>modo</span> <span class='ocrx_word' id='word_1_48' title='bbox 333 1333 483 1370; x_wconf 77' lang='lat' dir='ltr'><strong>societate,</strong></span> <span class='ocrx_word' id='word_1_49' title='bbox 503 1333 617 1372; x_wconf 85' lang='lat' dir='ltr'><strong>judicio</strong></span> <span class='ocrx_word' id='word_1_50' title='bbox 632 1333 768 1373; x_wconf 87' lang='lat' dir='ltr'>primum</span> <span class='ocrx_word' id='word_1_51' title='bbox 787 1332 824 1363; x_wconf 86' lang='lat' dir='ltr'><strong>de</strong></span> <span class='ocrx_word' id='word_1_52' title='bbox 840 1333 997 1363; x_wconf 69' lang='lat' dir='ltr'>communi</span> 
     </span>
     <span class='ocr_line' id='line_1_14' title="bbox 145 1373 997 1416; baseline 0.001 -12"><span class='ocrx_word' id='word_1_53' title='bbox 145 1373 322 1413; x_wconf 84' lang='lat' dir='ltr'><strong>dividundo,</strong></span> <span class='ocrx_word' id='word_1_54' title='bbox 339 1375 370 1405; x_wconf 92' lang='lat' dir='ltr'><strong>h.</strong></span> <span class='ocrx_word' id='word_1_55' title='bbox 387 1386 412 1406; x_wconf 91' lang='lat' dir='ltr'><strong>e.</strong></span> <span class='ocrx_word' id='word_1_56' title='bbox 429 1375 454 1405; x_wconf 85' lang='lat' dir='ltr'><strong>si</strong></span> <span class='ocrx_word' id='word_1_57' title='bbox 474 1386 543 1416; x_wconf 87' lang='lat' dir='ltr'><strong>quae</strong></span> <span class='ocrx_word' id='word_1_58' title='bbox 559 1376 596 1406; x_wconf 86' lang='lat' dir='ltr'><strong>de</strong></span> <span class='ocrx_word' id='word_1_59' title='bbox 611 1376 782 1406; x_wconf 85' lang='lat' dir='ltr'><strong>communis</strong></span> <span class='ocrx_word' id='word_1_60' title='bbox 797 1376 903 1416; x_wconf 78' lang='lat' dir='ltr'>praedii</span> <span class='ocrx_word' id='word_1_61' title='bbox 919 1375 997 1406; x_wconf 85' lang='lat' dir='ltr'><strong>divi-</strong></span> 
     </span>
     <span class='ocr_line' id='line_1_15' title="bbox 145 1417 997 1459; baseline 0.001 -12"><span class='ocrx_word' id='word_1_62' title='bbox 145 1417 227 1448; x_wconf 90' lang='lat' dir='ltr'><strong>sione</strong></span> <span class='ocrx_word' id='word_1_63' title='bbox 249 1418 315 1449; x_wconf 79' lang='lat' dir='ltr'><strong>lites</strong></span> <span class='ocrx_word' id='word_1_64' title='bbox 337 1418 415 1449; x_wconf 84' lang='lat' dir='ltr'><strong>inter</strong></span> <span class='ocrx_word' id='word_1_65' title='bbox 435 1419 529 1449; x_wconf 82' lang='lat' dir='ltr'>socios</span> <span class='ocrx_word' id='word_1_66' title='bbox 549 1424 622 1449; x_wconf 86' lang='lat' dir='ltr'><strong>ortae</strong></span> <span class='ocrx_word' id='word_1_67' title='bbox 643 1425 760 1455; x_wconf 77' lang='lat' dir='ltr'><strong>essent3</strong></span> <span class='ocrx_word' id='word_1_68' title='bbox 784 1418 867 1457; x_wconf 76' lang='lat' dir='ltr'><strong>dein,</strong></span> <span class='ocrx_word' id='word_1_69' title='bbox 882 1418 907 1449; x_wconf 87' lang='lat' dir='ltr'><strong>si</strong></span> <span class='ocrx_word' id='word_1_70' title='bbox 922 1418 997 1459; x_wconf 84' lang='lat' dir='ltr'>quid</span> 
     </span>
     <span class='ocr_line' id='line_1_16' title="bbox 146 1461 998 1502; baseline 0 -11"><span class='ocrx_word' id='word_1_71' title='bbox 146 1462 184 1491; x_wconf 87' lang='lat' dir='ltr'><strong>ab</strong></span> <span class='ocrx_word' id='word_1_72' title='bbox 200 1461 344 1492; x_wconf 83' lang='lat' dir='ltr'><strong>alterutro</strong></span> <span class='ocrx_word' id='word_1_73' title='bbox 364 1461 534 1499; x_wconf 75' lang='lat' dir='ltr'><strong>deberetur,</strong></span> <span class='ocrx_word' id='word_1_74' title='bbox 549 1472 610 1502; x_wconf 78' lang='lat' dir='ltr'><strong>pro</strong></span> <span class='ocrx_word' id='word_1_75' title='bbox 625 1463 703 1491; x_wconf 70' lang='lat' dir='ltr'><em>socio</em></span> <span class='ocrx_word' id='word_1_76' title='bbox 718 1462 840 1502; x_wconf 62' lang='lat' dir='ltr'><strong>judicio</strong></span> <span class='ocrx_word' id='word_1_77' title='bbox 850 1462 897 1492; x_wconf 91' lang='lat' dir='ltr'><strong>vel</strong></span> <span class='ocrx_word' id='word_1_78' title='bbox 914 1463 998 1491; x_wconf 74' lang='lat' dir='ltr'><strong><em>arbi-</em></strong></span> 
     </span>
     <span class='ocr_line' id='line_1_17' title="bbox 147 1504 997 1545; baseline 0.002 -12"><span class='ocrx_word' id='word_1_79' title='bbox 147 1505 219 1541; x_wconf 71' lang='lat' dir='ltr'><strong>trio,</strong></span> <span class='ocrx_word' id='word_1_80' title='bbox 239 1505 271 1534; x_wconf 91' lang='lat' dir='ltr'><strong>h.</strong></span> <span class='ocrx_word' id='word_1_81' title='bbox 294 1515 318 1534; x_wconf 85' lang='lat' dir='ltr'><strong>e.</strong></span> <span class='ocrx_word' id='word_1_82' title='bbox 339 1505 454 1544; x_wconf 85' lang='lat' dir='ltr'><strong>judicio</strong></span> <span class='ocrx_word' id='word_1_83' title='bbox 476 1505 635 1542; x_wconf 73' lang='lat' dir='ltr'><strong>societatis,</strong></span> <span class='ocrx_word' id='word_1_84' title='bbox 658 1505 683 1535; x_wconf 86' lang='lat' dir='ltr'><strong>si</strong></span> <span class='ocrx_word' id='word_1_85' title='bbox 703 1504 772 1545; x_wconf 87' lang='lat' dir='ltr'>quis</span> <span class='ocrx_word' id='word_1_86' title='bbox 792 1505 855 1535; x_wconf 86' lang='lat' dir='ltr'><strong>scil.</strong></span> <span class='ocrx_word' id='word_1_87' title='bbox 880 1505 997 1536; x_wconf 82' lang='lat' dir='ltr'>socium</span> 
     </span>
     <span class='ocr_line' id='line_1_18' title="bbox 146 1546 997 1588; baseline 0.001 -11"><span class='ocrx_word' id='word_1_88' title='bbox 146 1546 325 1585; x_wconf 45' lang='lat' dir='ltr'><strong>fraudstssen</strong></span> <span class='ocrx_word' id='word_1_89' title='bbox 342 1547 572 1588; x_wconf 81' lang='lat' dir='ltr'><strong>disceptandum</strong></span> <span class='ocrx_word' id='word_1_90' title='bbox 589 1554 661 1578; x_wconf 84' lang='lat' dir='ltr'><strong>erat.</strong></span> <span class='ocrx_word' id='word_1_91' title='bbox 696 1547 765 1578; x_wconf 88' lang='lat' dir='ltr'><strong>Hoc</strong></span> <span class='ocrx_word' id='word_1_92' title='bbox 785 1558 868 1585; x_wconf 77' lang='lat' dir='ltr'>cum,</span> <span class='ocrx_word' id='word_1_93' title='bbox 887 1548 997 1578; x_wconf 82' lang='lat' dir='ltr'><strong>sumtis</strong></span> 
     </span>
     <span class='ocr_line' id='line_1_19' title="bbox 147 1589 996 1632; baseline 0.001 -13"><span class='ocrx_word' id='word_1_94' title='bbox 147 1589 224 1620; x_wconf 81' lang='lat' dir='ltr'><strong>inter</strong></span> <span class='ocrx_word' id='word_1_95' title='bbox 239 1591 366 1631; x_wconf 85' lang='lat' dir='ltr'><strong>parietes</strong></span> <span class='ocrx_word' id='word_1_96' title='bbox 381 1591 559 1621; x_wconf 82' lang='lat' dir='ltr'><strong>domesticos</strong></span> <span class='ocrx_word' id='word_1_97' title='bbox 575 1591 705 1627; x_wconf 78' lang='lat' dir='ltr'><strong>arbitris,</strong></span> <span class='ocrx_word' id='word_1_98' title='bbox 723 1590 849 1630; x_wconf 84' lang='lat' dir='ltr'>transigi</span> <span class='ocrx_word' id='word_1_99' title='bbox 864 1601 925 1620; x_wconf 90' lang='lat' dir='ltr'><strong>non</strong></span> <span class='ocrx_word' id='word_1_100' title='bbox 941 1601 996 1632; x_wconf 86' lang='lat' dir='ltr'><strong>po-</strong></span> 
     </span>
     <span class='ocr_line' id='line_1_20' title="bbox 147 1633 996 1675; baseline 0.001 -13"><span class='ocrx_word' id='word_1_101' title='bbox 147 1633 262 1671; x_wconf 82' lang='lat' dir='ltr'><strong>tuisset,</strong></span> <span class='ocrx_word' id='word_1_102' title='bbox 279 1644 385 1675; x_wconf 87' lang='lat' dir='ltr'><strong>resque</strong></span> <span class='ocrx_word' id='word_1_103' title='bbox 400 1634 590 1675; x_wconf 83' lang='lat' dir='ltr'><strong>aliquamdiu</strong></span> <span class='ocrx_word' id='word_1_104' title='bbox 606 1634 638 1664; x_wconf 82' lang='lat' dir='ltr'><strong>in</strong></span> <span class='ocrx_word' id='word_1_105' title='bbox 654 1633 862 1664; x_wconf 82' lang='lat' dir='ltr'>vadimonium</span> <span class='ocrx_word' id='word_1_106' title='bbox 878 1634 996 1672; x_wconf 83' lang='lat' dir='ltr'><strong>fuisset,</strong></span> 
     </span>
     <span class='ocr_line' id='line_1_21' title="bbox 147 1676 997 1718; baseline 0 -12"><span class='ocrx_word' id='word_1_107' title='bbox 147 1676 240 1717; x_wconf 76' lang='lat' dir='ltr'>quod,</span> <span class='ocrx_word' id='word_1_108' title='bbox 262 1678 456 1718; x_wconf 82' lang='lat' dir='ltr'><strong>permittente</strong></span> <span class='ocrx_word' id='word_1_109' title='bbox 478 1683 617 1718; x_wconf 76' lang='lat' dir='ltr'><strong>praetore‚</strong></span> <span class='ocrx_word' id='word_1_110' title='bbox 634 1677 708 1707; x_wconf 75' lang='lat' dir='ltr'><strong>alter</strong></span> <span class='ocrx_word' id='word_1_111' title='bbox 724 1677 854 1707; x_wconf 86' lang='lat' dir='ltr'><strong>alterum</strong></span> <span class='ocrx_word' id='word_1_112' title='bbox 870 1676 997 1707; x_wconf 86' lang='lat' dir='ltr'><strong>vadatus</strong></span> 
     </span>
     <span class='ocr_line' id='line_1_22' title="bbox 148 1719 998 1761; baseline 0 -12"><span class='ocrx_word' id='word_1_113' title='bbox 148 1724 222 1757; x_wconf 87' lang='lat' dir='ltr'><strong>erat,</strong></span> <span class='ocrx_word' id='word_1_114' title='bbox 245 1719 277 1750; x_wconf 86' lang='lat' dir='ltr'><strong>h.</strong></span> <span class='ocrx_word' id='word_1_115' title='bbox 298 1730 323 1750; x_wconf 92' lang='lat' dir='ltr'><strong>e.</strong></span> <span class='ocrx_word' id='word_1_116' title='bbox 340 1719 528 1759; x_wconf 83' lang='lat' dir='ltr'><strong>fidejussores</strong></span> <span class='ocrx_word' id='word_1_117' title='bbox 544 1731 566 1751; x_wconf 88' lang='lat' dir='ltr'><strong>s.</strong></span> <span class='ocrx_word' id='word_1_118' title='bbox 584 1720 673 1751; x_wconf 87' lang='lat' dir='ltr'><strong>vades</strong></span> <span class='ocrx_word' id='word_1_119' title='bbox 688 1719 867 1761; x_wconf 60' lang='lat' dir='ltr'><strong>postularat,</strong></span> <span class='ocrx_word' id='word_1_120' title='bbox 884 1719 938 1761; x_wconf 86' lang='lat' dir='ltr'><strong>qui</strong></span> <span class='ocrx_word' id='word_1_121' title='bbox 953 1720 998 1750; x_wconf 81' lang='lat' dir='ltr'><strong>al-</strong></span> 
     </span>
     <span class='ocr_line' id='line_1_23' title="bbox 147 1763 997 1804; baseline -0.001 -11"><span class='ocrx_word' id='word_1_122' title='bbox 147 1766 247 1793; x_wconf 80' lang='lat' dir='ltr'><strong>terum</strong></span> <span class='ocrx_word' id='word_1_123' title='bbox 262 1763 471 1793; x_wconf 85' lang='lat' dir='ltr'>vadimonium</span> <span class='ocrx_word' id='word_1_124' title='bbox 487 1764 643 1794; x_wconf 83' lang='lat' dir='ltr'><strong>obiturum</strong></span> <span class='ocrx_word' id='word_1_125' title='bbox 655 1774 709 1794; x_wconf 91' lang='lat' dir='ltr'><strong>suo</strong></span> <span class='ocrx_word' id='word_1_126' title='bbox 725 1763 858 1804; x_wconf 82' lang='lat' dir='ltr'><strong>periculo</strong></span> <span class='ocrx_word' id='word_1_127' title='bbox 873 1768 997 1804; x_wconf 86' lang='lat' dir='ltr'><strong>praesta-</strong></span> 
     </span>
     <span class='ocr_line' id='line_1_24' title="bbox 147 1805 997 1849; baseline 0 -13"><span class='ocrx_word' id='word_1_128' title='bbox 147 1810 224 1842; x_wconf 77' lang='lat' dir='ltr'><strong>rent,</strong></span> <span class='ocrx_word' id='word_1_129' title='bbox 239 1805 332 1847; x_wconf 86' lang='lat' dir='ltr'><strong>idque</strong></span> <span class='ocrx_word' id='word_1_130' title='bbox 347 1806 556 1838; x_wconf 87' lang='lat' dir='ltr'>vadimonium</span> <span class='ocrx_word' id='word_1_131' title='bbox 573 1816 781 1849; x_wconf 84' lang='lat' dir='ltr'><strong>saepenumero</strong></span> <span class='ocrx_word' id='word_1_132' title='bbox 799 1806 929 1836; x_wconf 78' lang='lat' dir='ltr'><strong>dilatum</strong></span> <span class='ocrx_word' id='word_1_133' title='bbox 951 1815 997 1836; x_wconf 85' lang='lat' dir='ltr'><strong>es-</strong></span> 
     </span>
     <span class='ocr_line' id='line_1_25' title="bbox 189 1849 739 1888; baseline 0.002 -10"><span class='ocrx_word' id='word_1_134' title='bbox 189 1849 309 1888; x_wconf 73' lang='lat' dir='ltr'><strong>(Orat.)</strong></span> <span class='ocrx_word' id='word_1_135' title='bbox 327 1857 410 1880; x_wconf 70' lang='lat' dir='ltr'>vol„</span> <span class='ocrx_word' id='word_1_136' title='bbox 430 1858 453 1881; x_wconf 85' lang='lat'><strong>1.</strong></span> <span class='ocrx_word' id='word_1_137' title='bbox 717 1858 739 1879; x_wconf 81' lang='lat' dir='ltr'>B</span> 
     </span>
    </p>
   </div>
  </div>
 </body>
</html>
