1181 1902
223 111 274 142 IN
298 110 494 142 VERREM
520 109 580 142 lv.
604 110 688 142 CAP.
708 111 758 141 14.
872 111 932 142 301

47 199 98 230 tus
112 197 302 238 Syracusani,
315 196 625 238 splendidissimorum
642 197 938 228 honestissimorum-

49 252 110 283 que
123 240 295 277 hominum,
312 240 333 269 f
333 250 422 270 iceres
437 246 615 280 potestatem
631 241 752 275 aratori
769 251 828 271 non
844 240 936 271 modo

49 282 212 323 rejiciendi,
229 283 281 313 sed
296 283 387 312 etiam
408 283 548 313 sumendi
568 290 809 324 recuperatores3
834 291 936 314 tamen

47 327 105 358 hoc
119 336 232 356 novum
248 335 343 366 genus
358 325 477 365 injuriae
492 325 568 356 ferre
583 336 672 356 nemo
688 333 797 367 posset,
810 333 851 365 te,
864 336 935 358 cum

48 376 115 401 tuos
129 379 234 399 omnes
254 369 370 399 fructus
390 369 552 409 publicano
571 369 753 407 tradidisses,
769 376 798 400 et
818 380 881 400 rem
897 370 936 401 dc

0 433 1 439 1
46 412 187 443 manibus
202 412 360 448 annSlSSCS,
377 418 444 441 tun]
460 412 540 442 bona
559 418 612 441 tua
630 419 762 453 repetere
786 423 820 443 ac
835 424 935 453 perse-

46 456 100 497 qui
121 456 174 485 lite
191 461 283 495 atque
303 454 427 493 judicio.
452 454 532 484 Cum
552 465 633 492 vero,
656 457 758 493 verbo,
780 456 932 494 judicium

46 499 129 529 sitin
145 498 252 535 edicto,
271 507 303 527 re
323 497 447 541 quidem
466 496 534 527 veri
553 503 676 527 tuorum
697 498 856 535 comitum,
878 499 933 530 ho-

41 542 161 572 minum
177 540 443 581 nequissimorum,
460 541 585 571 collusio
600 550 669 570 cum
682 541 868 579 decumanis,
886 553 933 572 so

43 585 95 615 ciis
120 585 191 621 tuis,
216 590 308 625 atque
327 583 402 613 adeo
424 584 688 624 procuratoribus3
713 591 814 614 tamen
838 586 931 615 audes

41 627 123 658 illius
139 627 246 666 judicii
268 627 453 657 mentionem
471 627 589 662 facere;
614 627 779 668 praesertim
803 638 874 658 cum
898 629 930 659 id

41 680 102 701 non
112 670 204 701 modo
216 670 348 700 oratione
357 670 437 704 meir,
449 670 500 700 sed
515 670 607 700 etiam
618 680 649 700 re
661 671 738 711 ipsa,
749 671 903 701 refellatur
915 674 928 702 Ξ)

39 724 123 751 cum,
138 713 170 743 in
186 713 276 743 tantis
291 713 490 743 incommodis
505 719 670 749 aratorum,
683 713 862 754 injuriisque
878 714 930 745 de·

39 766 250 793 cumanorum,
278 756 400 786 nullum
430 766 468 786 ex
493 755 551 786 isto
574 756 718 796 praeclaro
744 757 841 787 edicto
867 767 928 788 non

38 800 130 830 modo
144 800 272 837 facturn,
293 799 346 829 sed
360 809 398 829 ne
418 799 606 840 postulatum
621 799 757 840 quidem,
774 800 927 840 judicium

38 842 219 873 inveniatur.

80 886 151 916 Erit
160 892 262 916 tamen
274 886 305 915 in
318 891 447 916 aratores
457 885 563 924 lenior,
574 896 668 927 quam
681 886 809 916 videtur.
827 887 924 925 Nam,

36 929 91 970 qui
101 929 131 959 in
141 929 324 959 decumanos
334 929 449 969 octupli
456 928 607 968 judicium
621 940 651 959 se
660 929 803 959 daturum
817 931 924 968 edixit,

36 972 119 1002 idem
139 972 247 1003 habuit
266 972 298 1001 in
321 972 429 1009 edicto,
462 982 492 1002 se
512 972 544 1001 in
568 978 717 1002 aratorem
737 972 769 1002 in
790 974 925 1014 quadru-

36 1016 125 1056 plum
140 1015 294 1045 daturum.
327 1014 406 1052 Quis
426 1014 509 1045 hunc
526 1015 617 1045 audet
640 1015 738 1046 dicere
755 1017 923 1047 aratoribus

36 1058 182 1089 infestum
208 1064 262 1088 aut
283 1057 442 1087 inimicum
463 1057 582 1088 fuisse?
615 1064 730 1098 quanto
750 1059 846 1089 lenior
866 1066 922 1097 est,

35 1111 129 1143 quam
145 1101 176 1131 in
191 1101 390 1141 publicanum
406 1101 413 1130 ἔ
438 1100 558 1139 Edixit,
575 1106 620 1137 ut,
638 1102 719 1142 quod
735 1101 923 1134 decumanus

11 1163 13 1166 ⁴
35 1145 174 1175 edidisset
188 1144 246 1174 sibi
260 1143 325 1174 dari
340 1149 486 1184 oportere,
497 1144 528 1174 id
543 1145 582 1174 ab
597 1150 712 1174 aratore
727 1145 923 1185 magistratus

33 1188 155 1219 Siculus
181 1187 322 1228 exigeret.
346 1186 432 1224 Quid
455 1187 616 1228 dereliquit
638 1187 756 1227 judicii,
784 1189 866 1229 qued
890 1189 922 1219 in

33 1238 182 1262 aratorem
202 1230 267 1260 dari
282 1230 405 1271 posset?
429 1230 502 1260 Non
518 1230 636 1260 malum
658 1237 712 1267 est,
729 1232 841 1272 inquit,
859 1243 922 1263 esse

31 1274 121 1305 istam
135 1273 328 1304 formidinem
341 1284 350 1309 3
375 1279 421 1311 ut,
437 1284 508 1303 cum
524 1280 665 1303 exactum
681 1274 719 1304 sit
739 1276 777 1304 ab
793 1280 920 1314 aratore,

31 1323 146 1355 tamen,
162 1327 201 1347 ne
223 1327 254 1347 se
269 1322 468 1353 commoveat,
484 1316 619 1357 reliquus
634 1323 734 1347 metus
749 1318 856 1356 judicii
871 1318 919 1349 sit.

33 1361 67 1392 Si
84 1360 199 1400 judicio
214 1371 232 1390 a
247 1370 297 1389 me
312 1359 356 1389 vis
378 1359 507 1399 exigere,
524 1370 645 1390 remove
664 1360 802 1390 Siculum
822 1362 920 1402 magi-

33 1410 160 1434 stratum
175 1415 182 1433 :
208 1403 233 1433 si
244 1403 322 1433 hanc
334 1402 396 1432 vim
407 1402 542 1438 adhibes,
554 1402 629 1443 quid
640 1413 716 1443 opus
726 1410 770 1433 est
778 1404 892 1443 judicio
904 1407 919 1436 ?

32 1446 113 1485 Quis
130 1456 219 1487 porro
235 1445 300 1483 erit,
317 1446 371 1486 qui
385 1455 445 1475 non
467 1445 555 1476 malit
570 1446 744 1476 decumanis
759 1447 819 1477 tuis
834 1447 917 1485 dare,

30 1490 113 1532 quod
132 1489 333 1530 poposcerint,
354 1498 448 1530 quam
469 1489 507 1519 ab
528 1489 645 1519 asseclis
665 1489 725 1520 tuis
746 1490 919 1532 quadruplo

30 1532 251 1564 condemnari?

74 1576 169 1606 XIV.
194 1575 254 1605 Illa
269 1585 338 1605 vero
353 1575 496 1615 praeclara
508 1581 552 1605 est
566 1575 702 1605 clausula
717 1575 817 1613 edicti,
834 1576 916 1616 quod

29 1619 169 1651 omnium
185 1618 454 1648 controversiarum
470 1629 540 1658 quae
559 1624 655 1648 essent
675 1618 753 1648 inter
768 1625 916 1649 aratorem

29 1669 60 1694 et
73 1662 288 1697 decumanum,
306 1660 330 1691 si
344 1666 412 1691 uter
426 1661 509 1699 velit,
526 1661 626 1699 edicit,
648 1672 678 1692 se
695 1668 916 1702 recuperatores

30 1706 184 1736 daturum.
210 1704 363 1742 Pximum,
388 1715 458 1745 quae
486 1710 584 1745 potest
613 1715 676 1735 esse
704 1705 915 1743 controversia,

28 1758 100 1779 curn
119 1748 156 1786 is,
179 1747 234 1788 qui
256 1753 356 1788 petere
379 1747 479 1785 debet,
499 1747 597 1778 aufert
610 1749 624 1778 ?
647 1754 677 1778 et
700 1758 770 1778 cum
794 1748 820 1777 is
841 1758 914 1786 non,

27 1796 179 1833 quantum
193 1790 330 1828 debetur,
346 1790 399 1821 sed
413 1796 563 1832 quantum
579 1790 774 1822 commodum
790 1796 845 1830 est,
861 1801 916 1821 au-

71 1834 191 1871 (Orat.)
207 1842 290 1864 vor.
308 1842 333 1863 1.
635 1834 655 1864 2
672 1842 696 1863 n
