1181 1902
166 93 208 125 32
358 94 450 127 PRO
474 94 510 126 P.
527 93 738 133 QUINTIO.
755 93 840 125 CAP.
855 94 908 125 29.

172 179 255 223 quod
269 185 374 212 contra
384 180 586 222 copiosissime
597 180 755 212 defensum
767 190 830 211 esse
839 176 991 216 contendi,
1001 185 1071 208 non
1075 197 1078 205 -,

174 224 214 253 ab
229 223 352 253 homine
367 224 477 262 alieno,
494 234 592 265 neque
609 226 648 254 ab
663 224 765 265 aliquo
786 221 1003 254 calumniatore
1018 226 1078 250 at-v

176 276 237 306 que
252 266 401 307 improbo⁷
418 267 469 298 sed
490 269 528 298 ab
548 267 649 308 equite
669 267 823 304 Romano,
845 265 1017 306 propinquo
1035 268 1065 293 et

174 310 339 340 necessario
354 321 419 348 suo,
436 321 528 351 quem
543 310 606 350 ipse
618 311 688 341 Sex.
700 309 827 340 Naevius
841 313 1065 349 procuratorem

174 352 344 392 relinquere
359 359 447 384 antea
468 351 658 384 consuesset:
683 363 782 393 neque
793 362 875 389 eum,
888 351 913 382 si
927 350 1066 380 tribunos

178 395 351 436 appellarit,
382 396 491 426 idcirco
520 396 622 426 minus
649 396 801 435 judicium
830 394 894 435 pati
924 398 1066 434 paratum

178 437 287 469 fuisse:
312 449 411 480 neque
430 439 566 488 potentia
580 439 780 480 procuratoris
796 437 928 468 Naevio
917 447 968 476 Jus
983 446 1068 476 erep-

180 486 270 512 tum:
295 489 408 521 contra,
429 482 523 512 istum
538 482 673 523 potenti&
693 492 748 512 5113
767 488 834 512 tum
854 478 1069 510 tantummodo

178 524 365 565 superiorem
380 525 483 564 fuisse,
496 535 578 556 nunc
592 525 679 556 nobis
691 524 743 555 vix
758 523 924 565 respirandi
938 528 1069 563 potesta-

179 573 243 598 tem
258 567 339 598 dare.

220 610 351 641 XXIX.
384 610 532 649 Quaesivi,
555 622 625 652 quae
649 621 738 641 causa
761 610 878 647 fuisset,
909 619 962 639 cur
986 609 1069 638 bona

181 663 244 684 non
259 655 421 692 venissent,
438 665 509 685 cum
525 665 560 684 e
542 672 563 684 .-.
575 655 670 685 edicto
686 654 918 694 possiderentur.
950 651 1073 682 Deinde

180 696 259 730 illud
280 707 402 738 quoque
427 697 581 738 requisivi,
604 696 665 738 (111ἲ1
691 697 817 732 ratione,
840 707 878 726 ex
906 701 950 725 tot
974 694 1070 725 credi-

183 740 311 777 toribus,
329 750 419 771 nemo
434 750 532 781 neque
552 746 618 770 tum
638 740 718 770 idem
735 739 848 777 fecerit,
871 748 971 779 neque
988 747 1071 767 nunc

181 788 286 813 contra
312 783 403 822 dicat,
427 794 594 824 omnesque
611 794 674 839 pro
698 783 734 813 P.
755 782 884 820 Quintio
909 786 1048 822 pugnent
1059 790 1081 816 ς,

179 826 345 866 praesertim
362 837 443 863 011111,
455 827 487 856 in
500 827 576 856 tali
565 826 621 866 1116
614 826 691 863 icio,
705 826 833 856 testimo
826 826 876 855 113
888 825 1070 855 creditorum

180 868 394 899 existimentur
409 850 447 899 ad
464 880 527 899 rem
543 880 602 899 ma.
596 870 678 899 {ime
694 869 851 909 pertinere.
876 868 986 898 Postea
1001 877 1069 897 sum

182 922 255 942 usus
269 911 431 942 adversarii
446 912 628 947 testimonio,
642 912 695 952 qui
711 912 768 942 sibi
784 922 854 942 011111
869 921 966 959 nuper
979 910 1073 940 edidit

180 955 309 991 socium,
326 965 431 995 quem,
447 966 509 996 quo
524 955 615 985 modo
630 965 711 985 nunc
726 954 866 990 intendit,
884 964 922 984 ne
941 954 973 983 in
989 954 1074 983 vivo-

182 1008 252 1028 rum
268 997 393 1038 quidem
414 1008 541 1028 numero
562 1005 629 1028 tum
650 998 836 1028 demonstrat
851 997 952 1027 fuisse.
986 996 1072 1026 Tum

181 1040 268 1070 illam
283 1040 490 1071 incredibilem
507 1041 701 1079 celeritatem,
717 1052 769 1071 seu
785 1040 885 1081 potius
900 1039 1072 1076 audaciam,

183 1084 320 1124 protuli:
345 1084 531 1121 confirmavi,
555 1094 673 1115 necesse
697 1094 770 1121 0550,
792 1089 846 1114 aut
866 1083 960 1114 biduo
983 1082 1072 1113 DCC

182 1126 282 1156 millia
295 1137 441 1167 passuum
457 1138 519 1158 0550
534 1127 670 1165 decursa,
687 1134 740 1157 aut
761 1128 831 1157 Sex.
848 1126 994 1157 Naevium
1010 1125 1077 1156 die-

182 1170 241 1200 bus
257 1170 463 1210 compluribus
479 1176 548 1201 ante
563 1170 594 1200 in
610 1171 825 1210 possessionem
840 1169 966 1207 misisse,
980 1179 1079 1210 quam

182 1213 360 1253 postularet,
377 1214 421 1242 uti
434 1213 460 1243 ei
475 1214 576 1243 liceret
588 1215 666 1243 bona
679 1213 838 1253 possidere.

228 1255 338 1285 Postea
349 1256 469 1286 recitavi
485 1256 629 1293 edictum,
646 1256 728 1297 quod
743 1264 844 1296 aperte
859 1255 1019 1285 dominum
1035 1254 1075 1285 de

184 1298 298 1339 praedio
313 1298 433 1329 detrudi
449 1305 580 1329 vetaret:
605 1299 636 1329 in
652 1309 713 1340 quo
728 1299 871 1336 constitit,
883 1298 1028 1328 Naevium
1038 1308 1077 1329 ex

185 1340 283 1374 edicto
298 1351 360 1371 non
375 1342 550 1382 possedisse,
572 1352 642 1373 cum
659 1342 849 1372 confiteretur
863 1352 900 1372 ex
916 1341 1029 1382 praedio
1045 1341 1076 1372 vi

184 1383 343 1414 detrusum
364 1395 426 1415 0550
441 1385 617 1433 Quintium.
642 1384 780 1415 Omnino
791 1391 895 1415 autem
910 1386 991 1415 bona
1005 1394 1076 1425 pos-

185 1437 267 1461 sessa
292 1437 353 1457 non
380 1438 442 1458 esse
466 1428 618 1466 constitui,
646 1428 730 1468 quod
754 1429 905 1459 bonorum
930 1427 1078 1476 possessio

185 1476 336 1510 spectetur
350 1480 411 1500 non
426 1471 458 1500 in
473 1471 578 1512 aliqua.
596 1477 692 1511 parte,
714 1471 765 1501 sed
785 1471 817 1501 in
832 1470 991 1508 universis,
1007 1481 1080 1511 quae

186 1513 281 1544 teneri
296 1523 331 1543 30
345 1513 490 1554 possideri
505 1514 628 1554 possint.
652 1514 740 1551 Dixi,
758 1514 867 1544 Romae
882 1513 1010 1544 domum
1024 1513 1076 1544 fu-

186 1554 255 1593 isse,
282 1566 343 1596 quo
369 1556 424 1586 iste
448 1567 486 1586 ne
511 1557 671 1598 adspiiarit
696 1557 841 1598 quidem;
865 1567 965 1587 servos
990 1566 1075 1587 com-

186 1599 300 1639 plures,
318 1609 355 1629 ex
371 1599 483 1640 quibus
503 1599 558 1630 iste
577 1600 741 1640 possederit
764 1600 931 1637 neminem,
946 1610 985 1630 ne
1004 1599 1077 1630 atti-

184 1641 262 1689 gerit
277 1641 422 1682 quidem:
446 1652 543 1672 unum
559 1642 661 1680 fuisse,
679 1653 771 1684 quem
787 1643 934 1683 attingere
947 1648 1075 1673 conatus

185 1683 242 1715 sit:
267 1684 454 1734 prohibitum
480 1685 591 1716 fuisse:
617 1686 774 1727 quievisse.
808 1686 846 1716 In
875 1686 942 1726 ipsa
969 1685 1078 1716 Gana.

187 1727 337 1765 000111115115
363 1728 394 1757 111
420 1728 534 1768 praedia
555 1729 672 1769 privata
691 1729 814 1767 Quintii
834 1730 904 1759 Sex.
928 1728 1075 1759 Naevium

186 1779 246 1800 non
263 1770 385 1802 venisse
421 1771 563 1812 Denique
584 1783 621 1804 ex
637 1772 728 1814 ipso„
717 1772 807 1813 saltu,
823 1782 928 1814 quem,
944 1782 997 1816 per
1011 1771 1074 1806 vim
