1181 1902
207 56 268 87 14ss
398 55 450 88 IN
473 55 668 88 VERREM
694 55 720 88 1.
744 55 828 87 CAP.
847 56 897 86 16.

245 141 321 173 XV.
344 141 405 173 Cui
424 142 501 180 loco,
522 145 594 186 (per
609 142 692 174 Deos
711 140 939 180 immortalesi)
959 140 1088 181 judices,

202 185 350 216 consulite
363 196 399 216 ac
412 186 575 227 providete.
607 186 722 217 Moneo
740 185 930 226 praedicoque
947 184 992 221 id,
1008 182 1091 224 quod

201 227 350 268 intelligo,
367 234 487 270 tempus
503 229 586 259 vobis
606 229 663 259 hoc
683 229 827 259 divinitus
846 228 951 258 datum
967 237 1040 264 esse,
1056 232 1092 256 ut

204 271 286 310 odio,
309 271 434 310 invidia,
455 272 593 309 infamia,
616 272 814 313 turpitudine,
834 276 934 301 totum
955 269 1093 300 ordinem

204 314 347 344 liberetis.
381 315 480 345 Nulla
500 315 532 345 in
552 315 673 354 judiciis
695 315 845 350 severitas,
868 313 955 343 nulla
976 312 1091 352 reiigio‚

205 357 292 387 nulla
306 357 437 399 denique
449 359 514 397 jam
526 358 738 388 existimantur
752 368 814 388 esse
826 356 949 396 judicia.
983 356 1093 396 Itaque
1134 386 1135 392 ἵ

205 410 225 430 a
240 401 353 441 populo
369 402 510 432 Romano
530 402 763 438 contemnimur,
785 399 986 441 despicimur:
1010 397 1095 438 gravi
1135 416 1137 426 i

207 442 412 484 diuturnaque
432 445 498 484 jam
518 444 682 484 flagramus
704 442 839 473 infamia.
877 442 988 482 Neque
1011 441 1094 470 enim
1135 443 1137 471 ζ
1159 453 1160 456 ’

206 486 304 516 ullam
324 487 416 517 aliam
436 489 475 517 ob
495 498 617 517 causam
638 487 769 528 populus
784 487 945 516 Romanus
964 483 1094 514 tribuni-

206 529 285 560 ciam
300 536 478 570 potestatem
494 536 578 560 tanto
598 530 698 560 studio
712 529 888 570 requisivit3
912 537 1006 568 quam
1022 536 1093 557 cum

205 574 358 613 poscebat,
375 574 465 603 verbo
480 573 564 603 illam
580 584 700 614 poscere
716 573 885 609 videbatur,
902 581 933 601 re
953 569 1023 601 vera
1039 570 1092 609 ju·
1137 569 1139 605 ἶ

206 615 285 646 dicia
304 617 454 664 poscebat.
486 617 598 657 Neque
617 617 674 646 hoc
695 614 736 653 Q.
759 615 917 651 Catulum,
936 613 1094 644 hominem
1137 621 1139 628 ’

206 658 462 699 sapientissimum
475 666 565 700 atque
578 659 812 700 amplissimum,
834 657 925 697 fugit,
949 656 1002 697 qui
1021 655 1094 690 (Cn.

208 701 367 742 Pompeio,
384 702 447 733 viro
461 703 623 733 fortissimo
639 708 668 732 et
682 701 857 738 clarissimo,
877 700 915 730 de
934 696 1096 729 tribunicia

206 750 353 785 potestate
376 745 546 783 referente),
571 755 642 776 cum
669 750 743 777 esset
767 743 945 774 sententiam
960 747 1095 782 rogatus,

205 787 263 818 hoc
278 787 364 818 initio
378 793 422 818 est
437 788 556 819 summa
573 799 644 819 cum
659 788 834 818 auctoritate
848 796 936 816 usus:
956 786 978 802 “
990 785 1096 815 Patres

205 830 387 871 conscriptos
399 831 514 870 judicia
528 832 608 861 male
623 837 652 861 et
672 831 817 871 flagitiose
837 829 934 859 tueri:
960 827 1041 868 quod
1057 827 1093 865 si,

205 873 239 903 in
265 875 354 904 rebus
377 874 561 913 judicandis,
587 874 693 915 populi
719 872 853 904 Romani
879 870 1094 903 existimationi

206 916 375 947 satisfacere
394 917 568 955 voluissent,
590 927 651 947 non
672 922 826 956 tantopere
845 915 982 945 homines
1005 913 1097 943 fuisse

207 959 401 990 tribuniciam
416 965 593 1000 potestatem
609 959 859 990 desideraturos.”
883 958 953 999 Ipse
965 956 1096 997 denique

207 1002 266 1033 Cn.
284 1003 459 1043 Pompeius,
481 1014 551 1033 cum
572 1003 707 1044 primum
728 1001 901 1032 concionem
922 1000 961 1030 ad
976 1000 1095 1030 Urbem

204 1046 310 1076 consul
325 1045 497 1086 designatus
512 1046 640 1082 habuit;
658 1045 711 1076 ubi
727 1045 782 1083 (id,
795 1044 877 1085 quod
892 1043 1026 1073 maxime
1042 1052 1095 1072 ex-

205 1088 333 1130 spectari
348 1088 518 1127 videbatur)
539 1089 679 1127 ostendit,
701 1099 732 1119 se
751 1087 944 1118 tribuniciam
964 1091 1097 1127 potesta-

206 1137 269 1162 tem
283 1131 504 1170 restituturum,
521 1132 617 1162 factus
637 1138 681 1162 est
697 1131 729 1161 in
745 1141 780 1161 eo
795 1130 948 1170 strepitus,
965 1135 995 1159 et
1009 1134 1095 1169 grata

207 1175 359 1205 concionis
381 1175 632 1205 admurmuratio.
665 1174 753 1204 Idem
773 1173 805 1203 in
825 1172 929 1203 eadem
952 1172 1094 1203 concione

206 1228 278 1249 cum
305 1217 439 1255 dixisset,
464 1219 486 1235 “
502 1218 661 1259 populatas
685 1222 867 1256 vexatasque
890 1226 951 1246 esse
973 1214 1095 1255 provin-

207 1260 288 1298 cias3
309 1260 425 1300 judicia
444 1266 547 1291 autem
568 1260 669 1301 turpia
689 1266 718 1290 et
738 1259 885 1300 flagitiosa
899 1258 987 1294 fieri3
1011 1257 1038 1287 ei
1053 1256 1096 1287 rei

205 1314 239 1334 se
253 1303 408 1344 providere
423 1313 457 1333 ac
472 1304 626 1334 consulere
641 1303 716 1333 velle
727 1303 761 1339 ;'⁸
777 1309 844 1332 tum
860 1312 929 1332 vero
945 1310 1006 1330 non
1021 1306 1097 1330 stre-

204 1346 283 1388 pitu,
301 1346 352 1376 sed
372 1346 508 1376 maximo
529 1347 669 1385 clamore,
686 1355 773 1376 suam
787 1345 919 1387 populus
934 1344 1095 1375 Romanus

207 1389 388 1430 significavit
403 1389 599 1419 voluntatem.

247 1431 343 1462 XVI.
367 1432 400 1462 N
402 1441 461 1462 unc
476 1437 578 1462 autem
594 1431 731 1462 homines
743 1431 774 1461 in
788 1430 916 1472 speculis
931 1434 1021 1460 sunt:
1038 1429 1093 1459 ob-

204 1481 337 1512 servant,
360 1475 620 1515 quemadmodum
643 1485 705 1505 sese
728 1474 936 1515 unusquisque
961 1473 1093 1503 vestrum

206 1523 292 1558 gerat
306 1518 338 1547 in
353 1516 508 1547 retinenda
520 1518 673 1558 religione,
687 1517 955 1557 conservandisque
967 1515 1095 1555 legibus.

206 1560 323 1592 Vident
338 1560 448 1597 adhuc,
464 1566 532 1601 post
546 1561 645 1601 legem
665 1560 869 1597 tribuniciam,
891 1568 989 1589 unum
1011 1567 1097 1588 senae-

206 1609 303 1634 torem
313 1604 360 1633 vel
372 1603 583 1633 tenuissimum
595 1614 656 1634 esse
668 1603 864 1634 damnatum:
881 1601 963 1642 quod
975 1600 1094 1630 tametsi

204 1656 266 1677 non
280 1646 515 1686 reprehendunt,
532 1652 645 1685 tamen,
662 1656 844 1687 magnopere
859 1644 941 1686 quod
956 1642 1091 1681 laudent,

206 1699 269 1719 non
284 1688 409 1719 habent.
433 1689 530 1720 Nulla
546 1694 589 1720 est
604 1689 685 1719 enim
699 1690 777 1728 laus,
793 1689 837 1720 ibi
851 1698 913 1719 esse
927 1687 1092 1726 integrum,

205 1732 260 1764 ubi
274 1741 363 1763 nemo
378 1737 432 1772 est,
449 1732 503 1774 qui
518 1738 572 1763 aut
586 1732 679 1774 possit
690 1738 744 1764 aut
754 1738 878 1764 conetur
892 1738 1092 1771 corrumpere.
