1181 1902
231 89 293 120 10⁴0
424 90 476 120 IN
499 89 695 130 VERREM
720 89 768 121 11.
791 89 875 121 CAP.
892 90 922 120 8.

229 174 337 212 Quam
352 174 407 205 iste
417 175 540 206 laudem
552 186 757 214 communem,
768 175 820 213 ait,
833 175 890 206 sibi
899 185 961 206 esse
972 185 1092 206 mecum
1104 186 1114 211 ;

228 217 294 257 qui,
314 228 385 248 cum
401 219 437 248 P.
450 219 582 249 Galbam
601 219 735 258 judicem
756 219 913 258 rejecisset,
930 218 978 248 M.
1001 218 1117 249 Lucre-

227 260 307 290 tium
323 261 466 298 retinuit3
491 269 530 299 et,
547 272 617 292 cum
639 263 702 301 ejus
718 268 862 302 patronus
887 271 924 291 ex
945 272 979 291 eo
1000 272 1116 302 quaere-

226 309 283 339 ret,
311 314 365 333 cur
387 315 457 334 suos
480 305 739 342 familiarissimos,
762 306 832 334 Sex·
857 304 1053 341 Peducaeum,
1073 304 1115 341 Q.

227 345 418 384 Considium,
435 347 476 384 Q.
492 348 639 384 Junium,
657 348 738 386 rejici
752 358 857 388 passus
872 353 968 382 esset;
993 357 1115 387 respon-

225 388 281 425 dit,
299 389 380 429 quod
399 400 447 420 eos
462 390 494 420 in
513 390 677 430 judicando
693 391 825 420 nimium
840 390 887 420 sui
903 390 981 429 juris
996 396 1115 420 senten-

226 431 337 472 ziaeque
354 431 567 473 [cognosceret.
574 435 586 476 ]

269 474 389 516 ltaque,
418 476 571 514 judicibus
600 476 726 515 rejectis,
753 477 922 517 sperabam,
947 476 1012 515 jam
1036 485 1114 506 onus

223 526 329 548 meum
350 519 504 549 vobiscum
526 530 588 550 csse
603 529 773 549 commune.
810 519 973 557 Putabam,
990 529 1051 549 non
1066 529 1114 549 so-
1159 555 1160 558 Ἴ

223 560 290 590 lum
306 561 395 597 notis,
413 562 463 591 sed
479 562 570 592 etiam
585 563 707 603 ignotis,
723 563 881 602 probatam
902 571 1002 592 meam
1019 562 1111 592 fidem
1158 561 1160 593 ff

221 613 285 633 esse
307 610 336 633 et
358 604 566 645 diligentiam:
591 605 674 646 quod
700 615 750 635 me
776 615 836 635 non
862 604 977 634 fefellit.
1011 605 1109 642 Nam,

221 646 351 677 comitiis
366 648 452 685 meis,
469 658 538 678 cum
554 648 608 678 iste
628 647 747 678 infinita
766 647 923 688 largitione
938 653 1042 678 contra
1060 658 1111 678 me

221 695 366 728 uteretur,
386 692 518 731 populus
536 692 695 721 Romanus
713 690 869 729 judicavit,
886 691 971 720 istius
985 691 1110 731 pecuni-

220 742 283 769 am,
301 743 370 773 quae
385 733 467 773 apud
482 744 532 764 me
546 740 650 764 contra
669 733 760 763 fidem
781 744 881 763 meam
897 733 974 763 nihil
993 733 1110 773 potuis-

219 781 275 813 set,
293 776 374 816 apud
395 787 425 806 se
443 783 546 807 contra
561 777 707 807 honorem
729 787 834 806 meum
854 776 931 806 nihil
951 786 1036 816 posse
1055 776 1109 806 de-

219 818 299 848 bere.
324 819 396 856 Quo
412 819 536 859 quidem
552 820 600 850 die
615 820 749 860 primum
762 819 878 858 judices
888 819 969 849 citati
984 819 1015 848 in
1025 818 1108 849 hunc
1152 840 1154 847 Α

218 871 306 891 reum
321 862 504 899 consedistis,
520 862 588 903 quis
604 869 667 893 tam
682 862 822 892 inimicus
837 862 908 892 huic
922 861 1021 891 ordini
1034 861 1105 899 fuit,

217 904 287 944 quis
303 910 366 934 tam
387 914 534 935 novarum
555 916 667 942 rerum,
687 905 885 944 judiciorum,
904 904 1107 945 judicumque

215 946 355 986 cupidus,
373 947 426 988 qui
442 958 502 978 non
518 954 678 988 conspectu
694 958 893 988 consessuque
909 953 1005 977 vestro
1023 957 1107 977 com-

217 993 412 1021 moveretur?
437 991 518 1021 Cum
533 991 565 1021 in
581 1001 615 1021 eo
627 997 724 1021 vestra
737 990 814 1020 mihi
829 990 958 1030 dignitas
970 990 1106 1021 fructum

217 1031 383 1072 diligentiae
400 1033 533 1071 referret,
553 1034 584 1064 id
609 1044 677 1063 sum
700 1039 863 1071 assecutus,
885 1040 920 1063 ut
940 1032 1002 1063 una
1018 1032 1104 1070 hora,

216 1075 278 1115 qua
292 1075 366 1116 coepi
382 1076 489 1113 dicere,
506 1087 555 1107 reo
571 1077 688 1114 audaci,
699 1076 870 1117 pecunioso,
887 1075 1021 1116 profuso,
1037 1087 1105 1117 per-

216 1118 291 1155 dito,
323 1129 407 1159 spem
434 1119 541 1159 judicii
570 1119 782 1160 corrumpendi
811 1119 1002 1159 praeciderem
1016 1129 1026 1154 ς
1056 1125 1102 1157 ut,

216 1161 316 1201 primo
331 1161 390 1200 die,
407 1163 529 1193 testium
545 1168 628 1193 tanto
643 1172 770 1192 numero
785 1162 885 1198 citato,
896 1162 1027 1202 populus
1040 1162 1105 1191 Ro-
1145 1183 1147 1207 ,²

216 1214 326 1234 manus
347 1205 506 1244 judicaret,
534 1206 599 1246 ipso
621 1206 759 1235 absoluto
783 1204 1003 1245 rempublicam
1026 1211 1104 1235 stare

216 1256 277 1277 non
290 1257 396 1287 posse:
420 1254 455 1278 ut
470 1249 545 1278 alter
560 1249 622 1278 dies
637 1248 740 1279 amicis
755 1248 840 1277 istius
851 1257 886 1277 ac
898 1247 1104 1278 defensoribus
1144 1256 1145 1283 j

215 1299 277 1319 non
292 1290 383 1320 modo
398 1302 483 1331 spem
503 1292 644 1329 victoriae,
666 1291 717 1321 sed
733 1291 824 1320 etiam
844 1290 1031 1320 voluntatem
1052 1290 1105 1321 de-
1142 1298 1144 1320 5

215 1332 370 1370 fensionis,
407 1334 557 1370 auferret3
591 1340 626 1364 ut
651 1334 755 1364 tertius
781 1333 844 1363 dies
878 1333 919 1363 sic
946 1333 1105 1365 hominem
1141 1329 1143 1363 J

214 1381 425 1416 prosterneret,
442 1383 487 1413 ut,
504 1378 611 1407 morbo
632 1377 785 1414 simulato,
801 1386 874 1413 non,
892 1375 966 1416 quid
982 1386 1106 1416 respon-
1140 1383 1143 1402 i

215 1418 310 1456 deret,
333 1419 395 1454 sed,
413 1419 671 1459 quemadmodum
691 1429 753 1449 non
773 1418 975 1459 responderet,
991 1418 1105 1449 delibe-

216 1467 314 1491 raret:
338 1461 457 1498 deinde,
482 1463 606 1503 reliquis
631 1462 748 1498 diebus,
774 1461 821 1491 his
845 1461 1033 1499 criminibus,
1056 1462 1104 1492 his
1144 1475 1147 1483 ¹

215 1504 351 1542 testibus,
380 1511 409 1534 et
434 1506 557 1535 urbanis
581 1511 610 1535 et
639 1504 883 1545 provincialibus,
911 1504 952 1533 sic
977 1505 1104 1535 obrutus

215 1552 307 1587 atque
322 1557 480 1588 oppressus
496 1554 549 1585 est,
566 1555 611 1585 ut,
628 1548 675 1577 his
690 1547 833 1577 ludorum
849 1546 955 1577 diebus
969 1546 1103 1588 interpo-

213 1589 289 1626 sitis,
306 1599 395 1620 nemo
410 1590 503 1620 istum
518 1590 831 1632 comperendinatum,
851 1589 904 1620 sed
919 1589 1102 1621 condemna-

217 1638 296 1669 tum,
310 1633 466 1671 judicaret.

258 1675 356 1705 VIII.
380 1676 574 1717 Quapropter
591 1686 657 1717 ego,
673 1675 756 1716 quod
778 1674 817 1705 ad
838 1685 888 1705 me
906 1674 1025 1712 attinet,
1047 1676 1100 1715 ju-

211 1717 304 1755 dices,
316 1718 394 1749 vici:
419 1728 479 1749 non
495 1720 576 1750 enim
592 1719 687 1760 spolia
703 1719 738 1749 C.
751 1718 866 1753 Verris,
877 1717 929 1748 sed
944 1717 1099 1749 existima·

210 1760 324 1792 tionem
339 1761 446 1803 populi
461 1762 607 1801 Romani,
623 1760 790 1803 concupivi.
824 1760 936 1791 Meum
951 1760 1011 1792 fuit
1025 1771 1096 1794 cum

1137 1408 1146 1542 τ’

1136 1566 1143 1623 l
