1181 1902
225 80 288 119 21ss
413 79 464 110 IN
488 78 685 111 VERREM
711 78 778 109 ΙΙΙ,
801 78 885 110 ΟΑΡ.
902 80 932 110 4.

225 165 372 205 Romani,
388 165 481 196 unius
495 165 605 196 scelere
619 175 654 196 ac
674 165 802 196 libidine
817 165 1036 206 perdidissent:
1060 168 1119 200 hoc

224 214 405 247 statuerunt,
423 216 475 239 aut
489 209 576 240 istius
591 208 717 248 injurias
731 219 786 249 per
806 219 857 239 vos
876 209 978 240 ulcisci
998 216 1027 240 et
1047 221 1117 252 per-

225 252 330 293 sequi;
355 258 419 289 aut,
437 252 461 282 si
476 253 560 283 vobis
574 252 692 292 indigni
708 258 805 282 essent
820 252 886 290 visi,
900 253 1010 294 quibus
1025 263 1113 294 opem

225 275 439 336 auxiliumque
454 295 580 333 ferretis,
593 297 682 325 urbes
698 305 731 325 ac
741 295 824 325 sedes
840 306 908 326 suas
924 296 1115 337 relinquere·
1104 321 1115 333 ‚

225 338 473 380 quandoquidem
489 348 575 379 agros
588 339 653 378 jam
669 344 749 376 ante,
766 338 852 368 istius
872 338 991 378 injuriis
1011 341 1115 381 exagi-

224 382 291 417 tati,
307 382 506 422 reliquissent.

268 425 328 455 IV.
354 425 422 455 Hoc
438 424 560 455 consilio
575 435 593 454 a
606 424 643 454 L.
658 424 786 454 Metello
795 424 957 464 legationes
967 424 1116 456 uuiversae

226 467 409 508 petiverunt,
427 474 461 498 ut
477 468 706 508 quamprimum
723 467 772 497 isti
782 467 969 498 succederet:
986 468 1042 498 hoc
1053 470 1118 499 ani-

225 520 277 540 mo
292 511 379 541 toties
394 510 476 552 apud
492 517 632 551 patronos
648 510 686 540 de
696 510 756 540 suis
768 510 894 540 miseriis
905 510 1115 551 deplorarunt:

227 553 285 583 hoc
301 554 445 584 commoti
461 553 572 591 dolore,
595 554 747 594 postulata
767 553 951 589 consulibus,
968 564 1037 594 quae
1056 564 1118 585 non

224 597 386 637 postulata,
404 597 455 626 sed
470 596 501 626 in
518 597 610 626 istum
631 596 758 626 crimina
779 595 951 626 viderentur
963 607 1036 635 esse,
1054 598 1117 628 edi.

227 640 345 670 derunt.
379 640 528 670 Fecerunt
544 639 646 675 etiam,
669 645 703 668 ut
723 648 783 676 me,
807 639 893 677 cujus
914 639 1006 669 fidem
1022 641 1117 671 conti-

226 683 424 723 nentiamque
439 688 652 722 cognoverant,
675 692 768 721 prope
789 681 826 711 de
847 682 916 712 vitae
933 693 1010 712 meae
1025 689 1116 723 statu,

226 725 328 755 dolore
351 736 385 755 ac
409 725 551 765 lacrymis
572 724 644 760 suis,
672 724 865 761 deducerent,
887 731 922 754 ut
945 736 1000 766 ego
1022 726 1115 757 istum

225 778 416 803 accusarem3
441 778 459 798 a
474 778 534 807 quo
550 777 618 797 mea
633 767 806 807 longissime
821 768 897 797 ratio
913 769 1114 810 voluntasque

225 812 424 842 abhorrebat.-
450 820 650 851 quamquam,
667 810 698 839 in
715 810 770 840 hac
786 810 886 847 causa,
904 812 1002 841 multo
1014 813 1116 852 plures

225 860 325 895 partes
337 854 413 883 mihi
425 853 616 890 defensionis,
631 863 723 893 quam
737 854 942 891 accusationis,
956 855 1118 895 suscepisse

227 898 338 927 videor.
369 897 526 927 Postremo
541 896 679 926 homines
695 906 732 926 ex
749 895 809 926 tota
824 907 897 936 prov
899 897 978 927 inciti
994 898 1118 929 nobilis-

226 941 306 978 simi,
322 940 484 981 primique,
502 939 622 980 publice
637 939 839 980 privatimque
855 946 1020 970 venerunt.
1045 952 1115 981 gra.

225 984 348 1014 vissima
362 989 454 1032 atque
469 982 678 1012 honestissima
694 993 822 1023 qumque
841 983 944 1013 civitas
957 983 1118 1014 vehemen-

227 1027 341 1057 tissime
357 1037 425 1056 suas
440 1026 566 1065 injurias
580 1032 736 1066 persecuta
750 1031 802 1056 est.

270 1072 317 1100 At
345 1069 617 1110 quemadmodum,
646 1069 774 1108 judices,
805 1075 952 1099 venerunt
963 1069 977 1098 Ρ
1001 1069 1117 1101 Videor

229 1114 310 1143 enirn
330 1113 406 1143 mihi
422 1112 545 1143 liberius
567 1112 650 1152 apud
675 1122 726 1142 vos
745 1113 810 1150 jam
831 1122 885 1152 pro
908 1112 1016 1143 Siculis
1034 1113 1119 1154 loqui

230 1157 349 1193 debere,
363 1166 456 1196 quam
472 1155 595 1185 forsitan
608 1155 665 1195 ipsi
678 1155 790 1185 velint:
816 1155 905 1185 saluti
918 1156 999 1186 enirn
1013 1166 1117 1186 eorum
1150 1173 1151 1178 =

228 1200 330 1240 potius
346 1200 512 1235 consulam,
524 1208 617 1239 quam
630 1198 787 1228 voluntati.
812 1198 951 1239 Ecquem
964 1199 1118 1229 existima-

229 1244 267 1273 tis
279 1252 428 1283 unquam,
442 1242 506 1272 ulla
521 1242 552 1271 in
565 1240 728 1282 provincia,
740 1251 825 1270 reum
839 1243 1004 1279 absentem,
1016 1248 1119 1273 contra.

228 1286 455 1326 inquisitionem
471 1284 661 1320 accusatoris,
678 1284 768 1314 tantis
789 1285 909 1325 opibus,
932 1284 1015 1315 tanta
1031 1285 1117 1326 cupi-
1157 1298 1159 1318 ι

229 1329 334 1366 ditate,
351 1340 413 1359 esse
428 1328 586 1359 defensum
598 1329 612 1358 ⁴?
636 1328 808 1365 Quaestores
824 1327 981 1368 utriusque
997 1329 1118 1369 provin-

228 1373 292 1409 ciae,
319 1373 372 1413 qui
395 1373 452 1402 isto
478 1377 604 1412 praetore
630 1371 760 1407 fuerant,
789 1381 859 1400 cum
886 1371 1016 1402 fascibus
1041 1371 1118 1401 mihi
1156 1374 1159 1394 ἶ

229 1421 338 1456 praesto
360 1415 492 1446 fuerunt.
529 1415 575 1444 Hi
596 1425 696 1455 porro,
719 1414 772 1455 qui
794 1420 1008 1451 successerunt,
1032 1415 1120 1445 vehe-
1148 1433 1149 1436 =

227 1464 345 1488 menter
360 1459 446 1489 istius
456 1458 569 1499 cupidi,
583 1458 746 1488 liberaliter
761 1467 798 1487 ex
814 1457 899 1487 istius
909 1457 1027 1488 cibariis
1042 1463 1119 1488 trac·
1156 1461 1158 1487 4

227 1502 293 1539 tati,
310 1511 371 1531 non
387 1502 488 1531 minus
504 1512 583 1531 acres
599 1507 702 1531 contra
717 1511 766 1530 me
778 1500 911 1530 fuerunt.
1140 1532 1142 1546 μ
1156 1506 1157 1535 1

270 1545 392 1583 Videte,
410 1545 483 1585 quid
499 1544 641 1585 potuerit
659 1544 712 1584 qui
728 1549 858 1584 quatuor
873 1543 903 1573 in
920 1543 981 1574 unii
995 1544 1118 1585 provin·
1155 1538 1157 1561 ⁴

228 1587 273 1618 cia
288 1594 460 1629 quaestores,
477 1587 708 1618 studiosissimos
725 1587 892 1617 defensores
911 1593 1117 1628 propuonato-
1138 1550 1157 1620 l!

228 1642 335 1672 resque
350 1631 692 1671 liabucxit2praetorc1n
709 1640 777 1660 vero
793 1629 1007 1670 cohortemque
1023 1636 1116 1660 totam
1154 1627 1156 1659 l

229 1675 270 1705 sic
286 1675 462 1709 studiosam,
479 1680 514 1704 ut
529 1674 615 1704 facile
630 1680 796 1714 appareret,
814 1682 872 1702 non
890 1678 952 1702 tam
968 1673 1028 1703 illis
1044 1673 1118 1703 Sici-

227 1717 313 1756 liam,
322 1728 415 1759 quam
426 1718 547 1747 inanem
558 1717 754 1754 ostenderant,
765 1726 857 1757 quam
866 1715 944 1746 Veri
945 1726 992 1746 em
1003 1716 1139 1762 ipsum,
1136 1724 1139 1740 ⁴

229 1761 283 1801 qui
297 1762 405 1802 plenus
420 1760 594 1796 decesserat,
611 1760 798 1800 provinciam
813 1758 914 1790 fuisse.
939 1759 1056 1790 Minari
1069 1759 1118 1789 Si-

1137 1733 1155 1816 l
