1181 1902
167 123 212 155 90
271 121 362 153 PRO
386 119 551 154 ROSCIO
575 120 795 154 COMOEDO.
812 120 896 153 CAP.
913 121 944 153 3.

213 207 299 246 Quid
311 208 354 238 ita
368 218 429 238 non
445 208 581 249 profers?
605 208 678 239 Non
692 207 811 239 conficit
826 207 968 238 tabulas?
991 207 1058 239 Im-

169 260 223 282 mo
256 251 493 291 diligentissime.
532 252 604 282 Non
630 252 720 282 refert
751 261 845 291 parva
873 251 998 281 nomina
1025 251 1059 282 in

170 294 312 325 codices?
359 295 461 324 Immo
491 304 595 324 omnes
627 305 771 324 summaS.
810 294 892 324 Leve
914 299 942 323 et
969 300 1060 324 tenue

172 336 230 367 hoc
256 339 395 367 nomen?
437 336 492 367 HS
523 345 673 368 ccclooo
699 343 778 367 sunt.
821 335 985 374 Quomodo
1005 336 1061 367 tibi

173 385 259 410 tanta
280 380 408 420 pecunia
433 380 669 411 extraordinaria
691 379 795 419 jacet?
827 379 979 420 quomodo
1004 380 1061 410 Hs

177 431 328 453 ccelooo
360 422 392 452 in
424 423 523 453 codice
550 423 663 463 accepti
686 429 716 453 et
741 422 865 463 expensi
887 432 948 452 non
964 424 1061 454 sunt?

177 466 250 502 Pro,
267 465 321 495 Dii
342 465 549 496 immortales!
574 476 674 496 essene
695 475 882 506 quemquam
902 465 986 495 tanta
1009 476 1064 495 au-

177 508 263 538 dacia
278 508 451 548 praeditum‚
468 509 533 549 qui,
551 508 633 549 quod
651 518 761 538 nomen
775 508 882 538 referre
897 508 928 537 in
945 509 1065 539 tabulas

178 551 294 588 timeat,
311 551 342 580 id
352 557 452 592 petere
467 551 576 581 audeat
589 554 603 582 ἶ)
627 551 709 591 quod
724 551 755 580 in
771 551 903 581 codicem
915 551 1066 590 injuratus

178 594 288 625 referre
307 594 415 631 noluit,
428 594 459 624 id
472 595 574 633 jurare
589 594 621 624 in
636 594 721 624 litem
732 604 791 623 non
805 594 923 624 dubitet
935 594 949 622 ’ἓ
972 593 1066 631 Quod

179 637 237 667 sibi
246 638 372 676 probare
388 647 447 667 non
460 637 563 678 possit,
580 637 611 666 id
623 637 800 677 persuadere
815 636 900 666 alteri
915 643 1039 666 conetur
1052 638 1067 668 Ρ

225 680 271 709 ΙΙ.
297 680 439 709 Nimium
461 680 530 715 cito,
553 680 605 716 ait,
629 690 679 709 me
702 679 853 720 indignari
875 679 912 709 de
932 680 1066 710 tabulis:

180 731 242 752 non
254 723 365 752 habere
376 734 406 753 se
421 723 477 752 hoc
489 732 600 753 nomen
615 722 646 752 in
662 722 762 752 codice
777 722 890 763 accepti
905 728 934 752 et
946 723 1070 763 expensi

181 765 312 795 relatum
328 765 486 795 confitetur
500 777 507 795 :
532 765 584 795 sed
599 765 630 794 in
646 765 820 795 adversariis
835 772 937 805 patere
948 771 1071 796 conten-

183 808 238 838 dit.
262 808 368 848 Usque
384 818 457 838 eone
471 814 501 838 te
515 808 626 848 diligis,
638 814 667 838 et
681 808 840 848 magnifice
856 808 1071 849 circumspicis,

183 857 219 881 ut
236 851 408 891 pecuniam,
429 861 489 880 non
505 861 542 881 ex
555 851 614 881 tuis
629 851 752 888 tabulis,
769 851 820 881 sed
832 862 869 881 ex
885 851 1072 891 adversariis,

183 896 295 934 petas?
320 895 418 924 Suum
434 893 567 924 codicem
586 894 667 923 testis
690 894 755 924 loco
780 894 915 931 recitare,
930 905 1074 935 arrogan-

185 937 236 967 tiae
251 942 313 967 est:
339 947 463 967 suarum
478 936 731 977 perscriptionum
747 943 776 966 et
790 937 951 967 liturarum
967 938 1074 968 adver-

185 979 264 1010 saria
285 980 417 1019 proferre
442 990 502 1010 non
526 980 659 1009 amentia
682 981 749 1010 est?
774 979 868 1017 Quod
888 980 912 1010 si
935 981 1074 1011 eamdem

185 1023 262 1060 vim,
286 1022 487 1063 diligentiam,
511 1022 781 1063 auctoritatemque
801 1023 914 1053 habent
937 1024 1076 1054 adversa-

185 1065 243 1102 ria,
260 1076 353 1105 quam
369 1066 503 1102 tabu1ae3
527 1066 602 1106 quid
622 1065 730 1095 attinet
744 1065 876 1096 codicem
892 1066 1048 1097 instituere
1059 1069 1074 1098 ?

187 1108 371 1138 conscribere
384 1110 397 1139 Ρ
421 1108 557 1139 ordinem
573 1108 767 1139 conservare?
791 1109 944 1139 memoriae
959 1110 1076 1141 tradere

186 1151 345 1181 literarum
375 1157 554 1181 vetustatem
568 1153 581 1182 Ρ
620 1152 690 1189 Sed,
722 1152 758 1189 si,
789 1152 871 1192 quod
900 1152 1076 1183 adversariis

188 1194 266 1223 nihil
282 1194 442 1231 credimus,
459 1195 568 1225 idcirco
583 1195 715 1225 codicem
731 1195 858 1225 scribere
867 1195 1074 1232 instituimus3

190 1237 275 1277 quod
290 1237 381 1267 etiam
406 1238 489 1278 apud
512 1248 616 1268 omnes
640 1238 704 1268 leve
728 1244 758 1268 et
780 1238 938 1268 infirmum
963 1245 1017 1274 est,
1045 1239 1078 1269 id

190 1279 273 1320 apud
287 1280 420 1319 judicem
441 1291 531 1320 grave
547 1287 575 1310 et
591 1287 729 1310 sanctum
744 1291 806 1311 esse
816 1280 942 1311 ducetur
953 1281 967 1310 P
991 1282 1078 1319 Quid

191 1328 246 1358 est,
272 1323 354 1363 quod
378 1324 564 1363 negligenter
588 1324 753 1354 scribamus
776 1324 969 1354 adversaria?
1003 1325 1078 1365 quid

192 1370 247 1402 est,
276 1366 358 1406 quod
384 1366 543 1406 diligenter
568 1367 762 1397 conficiamus
787 1367 932 1397 tabulas?
955 1368 1018 1408 qua
1041 1368 1080 1399 de

193 1408 283 1438 causa
297 1410 310 1438 ?
334 1409 406 1449 quia
422 1409 485 1439 haec
500 1415 570 1439 sunt
585 1415 758 1439 menstrua:
782 1409 843 1439 illae
858 1416 929 1440 sunt
944 1416 1078 1441 aeternae:

192 1450 257 1481 haec
282 1451 420 1481 delentur
443 1452 564 1482 statim:
596 1453 657 1482 illae
682 1459 838 1482 servantur
864 1460 983 1483 sancte:
1016 1454 1081 1484 haec

193 1493 280 1534 parvi
299 1495 442 1535 temporis
463 1495 653 1532 memoriam,
675 1495 735 1525 illae
754 1501 908 1536 perpetuae
926 1496 1081 1527 existima-

194 1536 284 1567 tionis
299 1537 390 1567 fidem
406 1543 435 1567 et
455 1538 641 1577 religionem,
658 1539 901 1578 amplectuntur:
927 1538 991 1569 haec
1011 1546 1082 1570 sunt

195 1579 321 1618 dejecta,
337 1580 397 1610 illae
411 1580 442 1609 in
459 1580 595 1610 ordinem
611 1581 762 1611 confectae.
788 1582 897 1621 Itaque
914 1582 1083 1612 adversaria

196 1622 228 1651 in
241 1623 391 1661 judicium
407 1623 533 1664 protulit
548 1633 637 1654 nemo
650 1635 658 1654 z
679 1624 810 1655 codicem
824 1624 971 1665 protulit3
995 1626 1085 1656 tabu»

197 1665 242 1694 las
259 1666 401 1696 recitavit.

242 1708 308 1738 111.
340 1709 404 1747 Tu,
432 1709 468 1739 C.
494 1709 576 1747 Piso,
603 1710 657 1740 tali
681 1710 751 1747 fide,
779 1710 900 1747 virtute,
925 1710 1083 1751 gravitate,

199 1751 374 1782 auctoritate
396 1758 530 1790 ornatuS‚
553 1764 591 1783 ex
613 1753 788 1784 adversariis
808 1753 968 1794 pecuniam
984 1760 1086 1794 petere

202 1803 264 1825 non
288 1795 423 1826 auderes.
461 1796 542 1837 Ego,
567 1807 635 1839 quae
661 1797 741 1829 clara
766 1802 837 1828 sunt
861 1796 1088 1836 consuetudine,
