1181 1902
220 44 284 74 208
408 43 460 75 IN
483 43 683 76 VERREM
708 44 754 76 11.
771 44 855 76 CAP.
872 45 924 76 56.

218 129 270 167 sit,
287 135 316 159 et
330 139 444 160 novum
459 131 629 162 inductum.
661 131 755 170 Quod
770 131 795 161 si
815 130 900 161 tanta
918 130 1048 171 pecunia
1061 141 1111 162 oo-

219 171 342 203 lumnas
361 173 496 204 dealbari
515 174 681 215 putassem,
703 180 781 205 certe
803 183 962 214 nunquam
987 173 1114 204 aedilita-

221 220 283 244 tem
304 216 486 255 petivissem.

265 257 355 289 LVI.
387 259 445 298 At,
473 266 509 290 ut
534 259 671 291 videatur
699 266 802 291 tamen
835 270 881 291 res
909 259 970 300 agi,
1000 264 1030 290 et
1051 269 1113 289 non

221 300 298 341 eripi
327 302 466 342 pupillo:
508 304 529 320 “
547 303 580 334 Si
613 303 699 344 quid,
729 302 827 344 operis
856 304 957 341 causa,
988 301 1114 333 rescide-

220 343 272 379 ris,
289 345 435 375 reficit0.'’
467 345 553 384 Quid
572 353 645 384 erat,
662 346 745 387 quod
759 346 949 383 rescinderet,
966 355 1037 375 cum
1059 355 1114 375 suo

220 396 374 427 quemque
389 388 454 419 loco
469 388 603 429 lapidem
618 395 775 430 reponeret
786 391 800 420 Ρ
826 391 848 406 “
862 388 928 426 Qui
943 387 1113 427 redemerit,

222 429 344 460 satisdet
366 431 471 461 damni
496 432 599 462 infecti
615 433 652 471 ei,
669 433 723 472 qui
739 443 757 462 a
771 438 870 462 vetere
885 431 1051 461 redemtore
1067 441 1116 460 ac-

222 472 367 512 ceperit.”
399 473 538 513 Deridet,
564 485 635 505 cum
660 475 716 505 sibi
739 475 841 515 ipsum
862 475 949 513 jubet
973 473 1116 504 satisdare

222 514 409 546 Rabonium.
450 519 472 534 “
489 518 624 548 Pecunia
639 528 770 558 praesens
789 517 955 548 solvatur.'‘
993 516 1117 554 Quibus

222 557 260 587 de
275 559 387 589 bonis?
411 560 487 599 ejus,
504 560 569 601 qui,
587 561 670 602 quod
685 568 718 591 tu
735 561 792 591 Hs
813 569 902 591 IOLx
918 559 1055 589 millibus
1069 560 1115 589 lo-

222 600 309 639 casti,
327 601 383 633 HS
406 611 509 633 Lxxx
530 604 668 634 millibus
683 604 862 634 effecturum
879 612 909 632 se
925 612 986 632 esse
1003 602 1115 632 clama-

221 643 274 673 vit.
299 643 422 682 Quibus
437 645 475 676 de
489 647 576 676 bonis
590 648 603 677 ἓ
626 646 748 687 pupilli,
765 647 852 685 cujus
868 651 988 675 aetatem
1000 651 1030 675 et
1045 645 1115 675 soli-

221 686 371 726 tudinem,
385 688 503 719 etiamsi
515 695 627 719 tutores
643 699 703 719 non
716 695 824 726 essent,
837 688 997 718 defendere
1006 694 1117 729 praetor

222 728 338 760 debuit.
378 731 547 762 Tutoribus
562 732 804 769 defendentibus,
821 741 881 761 non
896 731 988 761 modo
1004 730 1118 771 patrias

221 772 288 810 ejus
313 772 461 811 fortunas,
487 774 539 805 sed
565 775 656 807 etiam
682 776 762 806 bona
787 780 935 811 tutorum,
966 773 1115 803 ademisti.

223 816 247 832 “
264 815 334 846 Hoc
355 827 431 857 opus
451 818 567 847 bonum
588 828 642 848 suo
662 818 773 858 cuique
787 817 910 847 facito.”
949 816 1043 857 Lapis
1059 816 1115 846 ali-

222 858 292 897 quis
316 858 487 897 caedendus,
512 865 542 890 et
563 861 769 901 apportandus
789 859 849 889 fuit
871 859 1014 889 machina
1036 859 1112 889 sua:

221 909 297 930 nam
312 901 365 931 illo
380 912 441 932 non
452 913 573 939 saxum,
589 913 649 933 non
664 903 804 933 materies
819 902 944 932 advecta
959 908 1021 933 est:
1046 908 1113 932 tan-

222 948 290 973 tum
311 945 408 985 operis
434 945 466 975 in
486 945 544 976 ista
563 946 710 977 locatione
734 946 804 984 fuit,
832 951 983 986 quantum
1009 955 1115 986 paucae

221 996 321 1026 operae
330 987 487 1018 fabrorum
499 989 645 1019 mercedis
655 989 802 1027 tulerunt,
817 995 846 1018 et
858 988 1114 1028 manus-pretium

222 1029 381 1061 machinae.
431 1031 546 1062 Utrum
580 1032 758 1062 existimatis
787 1031 890 1061 minus
915 1031 1012 1071 operis
1039 1041 1113 1069 esse,

221 1082 317 1102 unam
338 1074 512 1104 columnam
529 1074 643 1105 efficere
657 1077 695 1105 ab
711 1075 828 1115 integro
844 1084 955 1103 novam
970 1073 1055 1104 nullo
1066 1074 1112 1104 la-

219 1114 291 1155 pide
306 1116 450 1154 redivivo,
467 1128 506 1147 an
522 1124 652 1159 quatuor
666 1118 734 1148 illas
745 1118 912 1157 reponere?
938 1117 1040 1147 Nemo
1054 1117 1113 1146 du-

221 1157 308 1196 bitat,
326 1159 400 1199 quin
423 1161 521 1191 multo
545 1161 645 1200 majus
671 1161 709 1190 sit
729 1170 840 1190 novam
861 1159 966 1189 facere.
1000 1159 1113 1190 Osten-

221 1200 305 1238 dam,
322 1202 354 1231 in
377 1203 491 1234 aedibus
512 1203 646 1244 privatis,
666 1203 758 1244 longa
780 1202 956 1242 difficilique
978 1202 1111 1240 vectura,

222 1244 379 1275 columnas
400 1246 534 1286 singulas
555 1247 593 1276 ad
616 1247 812 1287 impluvium,
835 1245 892 1276 Hs
912 1245 1113 1286 quadragenis

220 1286 368 1325 millibus,
386 1299 446 1319 non
464 1289 566 1319 minus
581 1300 719 1330 magnas,
732 1289 853 1319 locatas.

263 1330 323 1360 Sed
335 1331 473 1372 ineptum
484 1338 537 1370 est,
554 1332 591 1362 de
603 1338 666 1363 tam
681 1332 839 1373 perspicua
854 1331 940 1361 istius
949 1331 1112 1372 impuden-
1148 1338 1151 1407 Ι
1167 1337 1170 1367 Ι

220 1371 274 1409 tis,
300 1374 437 1413 pluribus
462 1375 559 1405 verbis
583 1375 747 1416 disputare,
772 1374 938 1415 praesertim
961 1385 1031 1404 cum
1058 1375 1113 1405 iste

220 1422 334 1455 aperte,
352 1418 415 1447 tot&
430 1418 506 1458 lege,
523 1418 661 1448 omnium
674 1428 843 1448 sermonem
856 1423 947 1457 atque
959 1417 1113 1448 existima·
1148 1414 1151 1453 Ι

221 1458 335 1489 tionem
357 1461 567 1497 contemserit3
599 1461 653 1501 qui
676 1461 768 1491 etiam
794 1460 833 1490 ad
859 1467 1030 1490 extremum
1057 1460 1111 1490 ad-
1148 1462 1151 1493 i

221 1501 382 1541 scripserit,
401 1506 423 1521 “
440 1504 589 1534 Rediviva
602 1504 658 1534 sibi
673 1504 783 1534 habeto
795 1504 827 1533 :⁷'
844 1503 930 1543 quasi
942 1503 1110 1544 quidquam
1149 1515 1151 1539 g

222 1544 347 1574 redivivi
368 1556 405 1575 ex
428 1557 516 1587 opere
534 1547 587 1576 illo
602 1547 768 1583 tolleretur,
785 1557 819 1576 ac
834 1556 895 1576 non
916 1552 1014 1576 totum
1035 1557 1110 1586 opus
1148 1540 1151 1572 ἱ

221 1596 260 1616 ex
275 1587 413 1618 redivivis
429 1590 668 1620 constitueretur.
702 1590 749 1620 At
764 1589 845 1619 enim
861 1588 886 1618 si
900 1589 1018 1629 pupillo
1034 1589 1112 1619 redi-
1149 1606 1151 1618 ι

222 1629 267 1658 mi
288 1639 348 1661 non
368 1631 489 1670 licebat,
505 1642 566 1662 non
582 1643 699 1663 necesse
714 1637 777 1662 erat
792 1642 855 1662 rem
877 1632 915 1661 ad
930 1632 1031 1672 ipsum
1046 1642 1113 1672 per·
1149 1625 1151 1666 ἒ

221 1672 342 1704 venire:
366 1681 483 1714 poterat
498 1675 608 1715 aliquis
620 1675 659 1705 ad
674 1675 706 1705 id
721 1675 877 1716 negotium
889 1674 926 1705 de
938 1675 1052 1715 populo
1063 1685 1112 1704 ac-
1150 1668 1151 1696 l

219 1714 332 1747 cedere.
356 1717 474 1750 Omnes
490 1718 604 1750 exclusi
616 1724 698 1757 sunt,
710 1728 770 1749 non
781 1718 883 1749 minus
892 1724 1006 1759 aperte,
1017 1727 1110 1759 quam
1150 1733 1151 1738 =

993 1855 1181 1902 ssl.
