1181 1902
174 37 237 67 318
351 38 403 69 IN
426 39 624 71 VERREM
648 40 709 72 IV.
733 40 817 71 CAP.
833 40 886 70 31.

170 122 320 162 Profecto,
337 124 362 154 si
377 126 509 165 pretium
523 126 702 167 exquisisses
711 126 882 166 diiigenter,
894 131 973 164 tum,
987 136 1058 157 cum

170 166 331 203 vendebas,
354 168 385 197 X
406 169 503 198 millia
524 169 714 199 medimnum
738 169 837 210 potius
860 168 1055 206 addidissent,

170 218 264 248 quam
278 210 333 240 HS
350 210 408 241 DC
424 217 535 251 postea.
558 212 676 251 Magna
687 213 789 253 praeda
799 212 935 242 videtur:
954 212 1056 242 audite

167 251 295 292 reliqua,
309 259 337 282 et
352 253 511 293 diligenter
525 255 680 293 attendite,
697 266 757 296 quo
772 255 874 284 minus
888 254 1053 291 miremini,

166 293 294 331 Siculos,
312 306 342 325 re
357 296 519 327 necessaria
535 304 661 335 coactos,
677 298 827 328 auxilium
843 308 861 327 a
875 297 1019 337 patronis,
1037 308 1055 327 a

166 338 350 375 consulibus,
367 350 385 369 a
400 346 516 377 senatu,
539 351 556 370 a
576 341 704 381 legibus,
722 352 739 371 a
751 340 883 380 judiciis,
906 340 1054 380 petivisse,

165 379 209 409 Ut
224 382 364 420 probaret
379 383 537 423 Apronius
552 383 608 413 hoc
624 383 768 420 triticum,
793 383 923 423 imperat
938 383 1054 423 Agyri-

164 423 308 454 nensibus
335 425 455 463 Verres,
487 432 522 456 ut
550 426 581 455 in
612 426 767 456 medimna
795 426 916 466 singula
944 425 1054 456 dentur

166 465 308 505 Apronio
325 467 380 497 HS
404 468 469 498 III.

206 508 335 539 XXXI.
361 510 446 548 Quid
467 518 509 541 est
532 512 612 542 hoc?
647 518 731 542 tanto
750 522 877 542 numero
893 511 1050 549 frumenti,

162 549 239 580 lucri
251 553 384 589 nomine,
401 554 549 594 imperato
565 562 593 585 et
609 566 759 595 expresso,
773 555 893 585 nummi
908 561 1053 594 praeterea

163 593 333 634 exigentur,
346 604 381 626 ut
395 599 538 637 probetur
549 598 737 627 frumentum
752 600 765 628 ἓ
788 599 841 628 An
852 603 979 638 poterat,
990 607 1051 627 non

160 637 251 667 modo
271 638 439 678 Apronius,
459 641 510 670 sed
529 641 639 680 quivis,
665 641 808 671 exercitui
824 641 848 670 si
863 640 1050 670 metiendum

160 686 245 717 esset,
264 680 434 721 improbare
450 683 587 713 Siculum
612 684 813 720 frumentum,
839 683 920 724 quod
941 683 990 712 isti
1011 693 1049 712 cx

159 723 239 760 aresi,
265 724 289 753 si
316 725 415 762 vellet,
438 726 577 755 admetiri
597 726 729 756 licebat?
762 726 921 756 Frumenti
948 731 1049 755 tantus

160 774 305 795 numerus
321 767 448 807 imperio
464 774 516 798 tuo
529 768 628 805 datur,
648 776 677 799 et
692 769 818 809 cogitur.
854 770 926 799 Non
943 775 985 798 est
1002 779 1048 798 sa-

158 807 214 838 tis:
239 810 360 839 nummi
386 817 528 851 praeterea
552 811 747 851 imperantur.
772 812 914 841 Dantur:
939 821 1048 851 parum

159 856 212 880 est.
238 852 298 881 Pro
313 852 447 883 decumis
463 854 567 884 hordei
582 855 641 884 alia
656 855 784 895 pecunia
798 855 924 895 cogitur.
947 854 1046 884 Jubes

159 893 215 923 Hs
232 894 331 925 XXX
347 896 423 926 lucri
438 896 512 926 dari.
538 897 586 927 Ita
601 899 639 928 ab
656 896 716 928 unzi
735 898 864 935 civitate,
886 898 926 934 vi,
943 897 1045 935 minis,

157 936 296 976 imperio,
313 938 486 980 injuriirque
506 941 652 980 praetoris,
676 941 844 980 eripiuntur
867 940 957 970 tritici
981 949 1046 970 ine-

157 979 297 1010 diuinum
314 981 471 1012 xxxiii
493 983 601 1019 millia,
618 990 646 1013 et
661 990 804 1023 praeterea
821 984 876 1013 HS
894 983 965 1012 LX.
989 983 1044 1012 An

156 1021 220 1052 haee
236 1024 361 1054 obscura
377 1031 447 1054 sunt
461 1028 474 1055 Ρ
499 1032 562 1063 aut,
576 1026 600 1055 si
613 1037 716 1056 onmes
726 1027 863 1056 homines
874 1026 977 1063 velint,
991 1027 1045 1055 ob-

155 1075 242 1095 seura
257 1077 318 1096 esse
333 1074 469 1108 possunt,
487 1080 555 1108 quae
571 1075 603 1098 tn
620 1070 721 1109 palam
738 1070 834 1110 egisti,
851 1069 882 1098 in
896 1074 1044 1099 conventu

154 1107 320 1148 imperasti,
332 1111 472 1140 omnibus
483 1111 719 1151 inspectantibus
729 1112 870 1152 coegisti?
894 1113 955 1153 qua
967 1112 1045 1142 dere

153 1151 361 1191 Agyrinenses
377 1154 569 1194 magistratus
591 1160 620 1184 et
635 1155 900 1196 Quinque-primi,
918 1165 992 1195 quos
1010 1161 1042 1184 tu

153 1194 199 1223 tui
220 1198 351 1235 quaestus
372 1198 461 1227 causa
477 1198 616 1235 evocasti,
634 1205 699 1228 acta
720 1205 748 1228 et
768 1198 894 1238 imperia
910 1204 963 1227 tua
988 1197 1042 1227 do-

151 1247 239 1267 mum
268 1238 306 1267 ad
330 1246 468 1269 senatum
495 1251 586 1270 suum
609 1241 876 1275 renuntiaverunt,
910 1251 1041 1280 quorum

150 1281 345 1318 renuntiatio,
361 1282 479 1322 legibus
494 1283 629 1321 illorum,
645 1284 738 1314 literis
763 1284 891 1324 publicis
911 1283 1039 1313 manda-

150 1327 180 1352 ta
195 1329 258 1359 est;
282 1335 413 1364 quorum
433 1326 536 1366 legati,
559 1326 697 1357 homines
717 1326 906 1363 nobilissimi,
930 1327 1041 1356 Roniae

149 1371 231 1403 sunt,
254 1367 308 1407 qui
333 1368 390 1398 hoc
416 1368 497 1398 idem
526 1379 581 1409 pro
605 1370 775 1400 testimonio
798 1369 950 1399 dixerunt.
980 1369 1040 1399 Co-

148 1409 282 1448 gnoscite
297 1411 539 1450 Agyrinensium
555 1413 691 1452 publicas
706 1413 817 1449 literas,
834 1412 942 1442 deinde
957 1412 1040 1442 testi-

150 1452 289 1481 monium
302 1454 461 1493 publicum
477 1454 614 1485 civitatis.
654 1455 761 1486 Recita
776 1455 876 1485 literas
891 1455 1038 1496 publicas.

456 1498 584 1531 (Litercc
595 1499 747 1537 publicae.)

148 1535 256 1567 Recita
271 1538 478 1569 testimonium
493 1541 662 1580 publicum.

377 1583 619 1615 (Testimom'mn
631 1585 814 1623 publicum.)

190 1622 468 1663 Animadvertistis,
485 1626 515 1655 in
532 1626 587 1657 hoc
601 1627 782 1663 testimonio,
796 1626 924 1666 judices,
937 1627 1037 1668 Apol-

147 1665 299 1704 lodorum,
315 1667 364 1697 cui
381 1668 517 1709 Pyragro
532 1679 699 1709 cognomen
718 1676 772 1707 est,
789 1670 956 1711 principem
974 1681 1037 1700 suae

145 1708 285 1749 civitatis,
310 1710 528 1752 lacrymantem
556 1713 657 1744 testari
678 1723 713 1744 ac
732 1713 841 1751 dicere,
865 1723 1037 1755 nunquam,
