1181 1902
247 111 309 141 406
432 112 482 142 IN
507 112 703 143 VERREM
729 112 768 143 V.
794 112 877 144 CAP.
898 113 949 142 21.

244 196 393 236 perierem
405 197 507 238 fingis)
524 198 606 239 quod
623 198 679 229 HS
692 197 822 229 LXXX
838 198 936 228 millia
944 196 1135 233 divisoribus,

243 245 279 269 ut
302 246 411 279 praetor
425 241 642 278 renuntiarere,
658 241 787 278 dedistig
812 246 943 271 trecenta
958 240 1133 275 accusatori,

241 291 280 312 ne
292 282 348 312 tibi
359 282 479 313 odiosus
491 290 585 320 esset3
611 284 646 314 eii
655 294 686 314 re
698 285 864 314 contemnis
874 290 1044 323 equestrem
1053 282 1134 313 ordi-

242 334 325 362 nem,
348 336 382 355 ac
405 325 532 366 despicis
545 329 559 357 ἶν’
583 327 619 356 ea
642 337 673 357 re
694 327 856 367 indignum
878 326 934 356 tibi
958 326 1057 356 visum
1076 331 1131 361 est,

240 368 423 409 quidquam,
432 369 513 409 quod
524 370 579 400 tibi
588 370 729 411 placeret,
739 369 891 400 Calidium
902 368 1002 410 potius
1011 369 1133 406 habere,

242 421 336 451 quam
354 417 383 441 te
397 413 411 442 ἓ

284 454 380 485 XXI.
414 455 518 485 ,Iactat
542 466 572 486 se
595 455 780 495 jamdudum
807 455 844 485 de
870 454 988 486 Calidio
1001 466 1008 484 ε
1033 459 1135 484 narrat

239 497 395 546 omnibus,
413 509 443 528 se
458 499 573 529 emisse.
599 500 686 529 Num
705 499 796 529 etiam
809 498 846 528 de
862 498 900 528 IA-
918 497 1053 538 Papirio,
1070 496 1133 526 viro

239 539 394 580 primario,
406 541 554 582 locuplete
563 542 749 583 honestoque
761 541 861 582 equite
872 542 1025 577 Romano,
1037 539 1134 569 thuri-

241 583 350 612 bulum
366 584 492 615 emisti?
517 585 570 625 qui
585 595 638 625 pro
654 585 826 615 testimonio
841 583 930 621 dixit,
947 589 988 620 te,
1003 593 1073 613 cum
1086 582 1133 611 in-

239 625 429 666 spiciendum
445 628 640 668 poposcisses,
657 628 743 658 vulso
767 627 947 657 emblemate
962 625 1130 656 remisisse·
1122 647 1131 660 ‚

239 674 275 698 ut
298 669 484 710 intelligatis,
512 671 544 700 in
568 650 691 701 houiine
712 670 946 710 intelligentiam
969 679 1043 705 esse,
1071 678 1132 698 non

239 711 417 742 avaritiam·
408 736 418 748 ,
450 713 568 743 artificii
594 713 753 754 cupidum,
783 723 844 743 non
871 711 999 752 argenti,
1027 711 1087 741 fuis
1090 721 1130 741 se.

239 755 308 785 Nec
330 755 429 785 solum
454 756 486 786 in
512 756 613 796 Papiz'
599 767 635 785 10
655 756 715 785 fuit
734 757 791 786 hac
806 753 1007 786 abstinentia:
1033 753 1132 784 tenuit

240 797 298 827 hoc
312 797 488 828 institutum
502 799 534 828 in
546 799 709 828 thuribulis
721 798 873 835 omnibus,
887 807 1089 838 quaecumque
1101 796 1133 826 in

239 840 344 871 Sicilia
353 840 487 871 fuerunt.
513 841 694 872 Incredibile
706 847 750 872 est
761 847 875 879 autem,
889 851 983 881 quam
994 840 1095 869 multa
1103 845 1134 869 et

241 893 335 923 quam
342 884 485 924 praeclara
491 884 614 915 fuerint.
631 884 729 915 Credo
736 890 814 920 tum,
823 894 893 914 cum
900 883 1001 914 Sicilia
1007 883 1134 912 florebat

239 926 350 966 opibus
365 933 395 957 et
409 927 513 968 copiis,
529 938 643 968 magna
658 927 783 957 artificia
804 926 895 956 fuisse
915 926 947 956 in
963 924 997 956 eti
1011 925 1131 956 insula:

242 979 314 999 nam
332 969 442 1000 domus
457 976 530 1007 erat,
548 976 618 1001 ante
638 971 732 1000 istum
747 976 918 1010 praetorem,
942 969 1028 999 nulla
1042 968 1134 1009 paulo

241 1012 432 1053 locupletior,
444 1024 495 1054 qu
489 1012 545 1044 :tin
557 1013 648 1044 domo
658 1013 723 1043 haec
733 1023 793 1043 non
805 1017 912 1048 essent,
929 1011 1046 1042 etiamsi
1058 1021 1135 1051 prae-

243 1062 325 1085 terea
334 1056 411 1085 nihil
427 1062 502 1086 esset
517 1057 656 1097 argenti3
678 1057 791 1097 patella
802 1055 924 1096 grandis
936 1065 1006 1085 cum
1017 1054 1134 1094 sigillis,

241 1108 277 1128 ac
289 1098 456 1129 simulacris
468 1099 618 1135 Deorum,
630 1105 744 1140 patera,
756 1109 808 1139 qu·
801 1100 818 1128 :2
827 1098 968 1128 mulieres
981 1097 1019 1127 ad
1031 1107 1076 1127 res
1088 1096 1135 1126 di-

241 1141 327 1171 vinas
337 1148 505 1179 uterentur,
517 1142 731 1178 thuribulum3
757 1142 821 1172 11ωο
831 1152 868 1171 au
873 1147 934 1171 tem
946 1140 1050 1170 onmia
1059 1139 1137 1170 anti-

240 1194 302 1233 quo
315 1195 403 1224 opere
413 1190 441 1215 et
448 1195 569 1215 summo
579 1185 704 1215 artificio
714 1185 810 1220 facta;
824 1190 859 1214 ut
868 1183 1030 1214 hocliceret
1037 1183 1134 1223 suspi-

241 1227 314 1265 cari,
327 1228 420 1258 fuisse
434 1228 598 1269 aliquando
613 1228 695 1268 apud
702 1228 818 1259 Siculos
828 1226 984 1268 [per‘eque
998 1236 1052 1266 pro
1065 1235 1134 1266 por-

241 1270 338 1311 tione]
356 1277 481 1301 caetera
472 1294 481 1307 ,
508 1271 570 1309 sed,
587 1272 699 1312 quibus
711 1271 810 1301 multa
824 1271 946 1300 fortuna
961 1269 1132 1317 ademisset,

243 1319 345 1343 tamen
356 1314 438 1354 apud
449 1325 497 1344 eos
507 1314 686 1344 remansisse
698 1325 743 1351 ea,
757 1324 825 1354 quae
837 1313 942 1353 religio
954 1311 1134 1342 retinuisset.

283 1356 371 1394 Dixi,
386 1357 514 1396 judices,
531 1358 630 1387 multa
645 1357 737 1387 fuisse
752 1357 813 1387 fere
832 1356 914 1396 apud
934 1355 1050 1386 Siculos
1066 1365 1132 1385 om-

245 1409 298 1429 nes
311 1411 318 1429 :
344 1410 399 1440 ego
415 1400 496 1430 idem
509 1401 665 1437 confirmo,
679 1410 760 1430 nunc
772 1410 809 1429 ne
819 1409 916 1429 unum
927 1398 1051 1439 quidem
1061 1408 1133 1428 esse.

241 1442 328 1480 Quid
343 1443 399 1473 hoc
415 1443 481 1473 est?
505 1443 587 1484 quod
602 1450 785 1479 monstrum,
802 1442 884 1483 quod
899 1441 1084 1482 prodigium,
1101 1441 1132 1471 in

239 1485 426 1526 provinciam
442 1487 606 1517 misimus?
631 1487 742 1517 Nonne
752 1486 836 1516 vobis
845 1484 876 1514 id
892 1484 985 1525 egisse
1001 1484 1131 1521 videtur,

238 1534 274 1558 ut
284 1538 344 1558 non
357 1529 447 1559 unius
457 1529 627 1565 libidinem,
648 1540 708 1560 non
721 1539 789 1560 suos
801 1529 914 1563 oculos,
928 1527 979 1557 sed
991 1527 1130 1557 omnium

240 1571 507 1612 cupidissimorum
531 1573 673 1610 insanias,
699 1582 770 1603 cum
794 1572 928 1601 Romam
951 1570 1129 1607 revertisset,

239 1615 398 1655 expleret?
422 1616 476 1655 qui
491 1615 583 1645 simul
598 1622 689 1656 atque
704 1615 736 1645 in
755 1613 904 1664 oppidum
920 1613 1065 1654 quopiam
1081 1623 1132 1643 ve-

238 1663 336 1695 nerat,
360 1657 604 1689 immittebantur
624 1659 669 1688 illi
683 1658 827 1689 continuo
847 1656 1012 1697 Cybiratici
1031 1665 1130 1692 canes,

240 1700 295 1741 qui
309 1700 531 1741 investigabant
546 1707 575 1732 et
589 1702 854 1750 perscrutabantur
868 1699 980 1730 omnia.
1005 1699 1037 1729 Si
1048 1698 1131 1740 quod

240 1748 304 1774 erat
319 1743 433 1784 grande
453 1755 505 1775 vas
526 1750 554 1775 et
578 1744 679 1784 majus
694 1754 771 1786 opus
785 1742 957 1781 inventum,
972 1742 1035 1773 laeti
1060 1741 1132 1772 affe-
