1181 1902
187 58 250 89 338
359 59 410 89 IN
433 59 630 91 VERREM
653 59 714 91 IV.
737 60 820 91 CAP.
844 61 896 91 52.

187 144 274 174 annis
289 144 371 186 apud
386 145 579 185 magistratus
594 145 714 186 publice
730 145 935 176 subscribitur.
967 145 1075 176 Recita

187 187 322 225 tandem,
340 194 414 229 quot
428 189 574 229 acceperit
585 195 713 220 aratores
723 189 786 230 agri
800 188 943 219 Leontini
953 189 1073 220 Verres.

488 233 667 269 (Octoginta
691 236 775 269 tres.)

231 272 318 310 Quot
333 284 413 305 anno
428 274 515 304 tertio
531 275 728 313 profiteantur
742 277 755 306 ‚⁹

498 319 590 355 (Tris
579 319 663 347 ”inm
679 319 760 355 (Zao.)

229 358 338 389 Unum
354 366 383 390 et
391 359 620 401 quinquaginta
631 367 760 391 aratores
775 360 817 391 ita
832 360 918 391 video
933 360 1074 400 dejectos,

187 407 223 431 ut
237 401 283 431 his
299 412 337 432 ne
352 403 453 433 vicarii
468 403 592 443 quidem
608 404 808 434 successerint.
833 403 919 441 Quot
934 409 1074 439 aratores,

187 444 365 475 adveniente
385 452 425 481 te,
450 446 574 476 fuerunt
595 447 659 487 agri
682 447 897 488 Mutycensis?
921 446 1076 477 videamus

187 497 226 517 ex
240 487 333 518 literis
344 489 483 529 publicis.

423 532 481 566 (οι
484 535 571 561 ntum
581 533 736 572 octoginta
750 536 839 572 octo.)

232 572 318 611 Quid
330 575 343 605 ?
367 584 446 605 anno
458 575 545 605 tertio
556 575 571 604 ἶ)

477 619 626 651 (Centum
641 622 670 648 et
683 624 787 655 unus.)

232 658 397 699 Octoginta
407 666 520 700 septem
533 667 662 691 aratores
672 672 751 691 unus
763 671 844 701 ager,
857 660 943 691 istius
952 660 1076 700 injuria,

188 701 338 732 desiderat
350 713 359 737 ς
383 709 473 743 atque
484 703 558 733 adeo
568 710 669 734 nostra
680 704 858 744 respublica,
870 704 1014 744 quoniam
1025 704 1078 734 illa

189 745 296 784 populi
321 745 455 775 Romani
477 746 634 786 vectigalia
656 753 737 783 sunt,
764 747 846 778 hunc
872 752 916 777 tot
941 752 1078 787 patrum-

190 787 321 817 familias
330 798 493 818 numerum
503 789 651 819 desiderat
666 795 695 819 et
709 790 844 830 reposcit.
868 789 954 829 Ager
966 790 1079 819 Herbi-

191 830 282 860 tensis
298 830 396 871 primo
408 841 488 861 anno
502 831 611 862 habuit
627 838 757 862 aratores
771 832 916 862 ducentos
928 832 1081 873 quinqua-

192 873 277 913 ginta
292 879 407 914 septem
421 884 430 909 ;
455 875 553 911 tertio,
565 880 687 905 centum
702 875 819 915 viginti.
855 875 938 905 Hinc
958 882 1080 905 centum

192 915 316 955 triginta
331 923 445 956 septem
463 917 695 958 patresfamilias
717 924 848 948 extorres
869 918 1080 958 profugerunt.

192 959 394 999 Agyrinensis
409 970 479 1000 ager
500 962 645 1001 (quorum
660 961 821 990 hominum
834 961 841 990 !
866 971 959 1001 quam
975 961 1084 990 hones-

192 1002 314 1031 torum!
340 1013 433 1042 quam
448 1003 635 1044 locupletum
650 1004 674 1040 Ξ)
697 1004 840 1034 ducentos
860 1003 1083 1044 quinquaginta

193 1050 322 1075 aratores
331 1044 439 1075 habuit
451 1046 550 1086 primo
562 1056 641 1076 anno
656 1052 794 1087 praeturae
807 1053 876 1077 tuae.
900 1046 1006 1084 Quid?
1024 1052 1083 1076 ter-

192 1087 235 1117 tio
250 1089 354 1117 anno?
378 1089 539 1129 octoginta,
557 1089 815 1130 quemadmodum
839 1090 953 1130 legatos
968 1089 1082 1130 Agyri-

192 1139 299 1161 nenses
311 1130 434 1162 recitare
449 1143 486 1162 ex
496 1132 624 1172 publicis
636 1133 728 1163 literis
744 1132 879 1162 audistis.

237 1173 314 1204 LII.
347 1174 420 1211 Pro,
446 1174 500 1205 Dii
520 1175 704 1205 immortales
717 1175 724 1205 !
749 1176 773 1205 si
797 1186 834 1206 ex
849 1175 1003 1225 provincia
1019 1175 1083 1205 tota

193 1221 315 1246 centum
331 1218 521 1258 septuaginta
536 1218 679 1257 ejecisses‚
693 1229 842 1267 possesne,
856 1218 963 1249 severis
973 1220 994 1257 j·
989 1218 1083 1248 udici-

193 1260 263 1297 bus,
287 1260 387 1290 salvus
410 1271 490 1291 esse.
483 1262 496 1283 ²
533 1262 622 1291 Unus
645 1272 716 1302 ager
738 1262 792 1291 Ao
772 1262 940 1302 gyrinensis
960 1267 1082 1292 centum

192 1303 384 1343 septuaginta
398 1304 585 1334 aratoribus'
577 1304 694 1334 lnanior
708 1315 744 1334 cu
746 1315 778 1334 m
799 1304 847 1341 sit,
864 1315 915 1334 vos
930 1305 1083 1344 conjectu-

193 1355 259 1375 ram
276 1346 368 1376 totius
383 1346 544 1395 provinciae
558 1357 619 1377 non
634 1347 773 1378 facietis?
810 1347 917 1388 Atque
940 1348 997 1377 hoc
1014 1357 1083 1387 per-

192 1398 280 1428 aeque
294 1389 326 1418 in
341 1389 425 1419 omni
440 1400 512 1430 agro
527 1390 694 1421 decumano
708 1390 881 1431 reperietis:
906 1391 1017 1431 quibus
1027 1389 1082 1419 ali-

194 1431 269 1471 quid
285 1437 386 1462 tamen
403 1432 512 1473 reliqui
527 1433 619 1463 fuerit
633 1444 670 1463 ex
690 1443 803 1473 magno
823 1433 1016 1474 patrimonio,
1033 1442 1082 1462 eos

192 1473 225 1502 in
241 1474 320 1514 agris
336 1475 452 1505 minore
467 1476 679 1514 instrumento,
695 1476 797 1506 minus
809 1476 937 1506 multis
925 1476 1020 1516 jugis,
1036 1485 1083 1505 re-

193 1517 360 1547 mansisse·
352 1541 361 1553 ,
386 1518 468 1559 quod
488 1521 675 1557 metuebant,
692 1519 716 1549 si
734 1519 929 1556 recessissent,
954 1529 992 1549 ne
1013 1518 1083 1548 reli-

192 1570 269 1600 quas
285 1560 420 1591 fortunas
435 1571 539 1593 omnes
554 1563 744 1592 amitterent·
769 1562 880 1602 quibus
902 1568 1005 1592 autem
1028 1561 1083 1591 iste

193 1602 271 1632 nihil
287 1603 406 1644 reliqui,
419 1605 505 1652 'quod
520 1605 689 1645 perderent
705 1605 824 1641 fecerat,
845 1615 893 1635 eos
918 1605 1007 1646 plane
1022 1613 1083 1633 non

193 1645 294 1675 solum
310 1656 348 1676 ex
363 1647 453 1687 agris,
466 1658 573 1678 verum
586 1659 623 1678 ex
635 1648 805 1678 civitatibus
817 1648 888 1683 suis,
905 1647 1082 1689 profugisse.

195 1687 271 1718 Illi·
263 1689 333 1729 1psi‚
349 1689 403 1730 qui
418 1697 634 1729 remanserant,
647 1691 698 1721 vix
710 1691 826 1721 decima
837 1702 906 1732 pars
918 1696 1083 1725 aratorum,

195 1731 327 1763 relicturi
341 1743 429 1773 agros
444 1743 549 1765 omnes
565 1740 661 1773 erant,
678 1734 735 1765 nisi
744 1734 783 1765 ad
798 1744 848 1766 eos
861 1734 1007 1766 Metellus
1022 1733 1086 1764 Ro-
