<?xml version="1.0" encoding="UTF-8"?>
<!DOCTYPE html PUBLIC "-//W3C//DTD XHTML 1.0 Transitional//EN"
    "http://www.w3.org/TR/xhtml1/DTD/xhtml1-transitional.dtd">
<html xmlns="http://www.w3.org/1999/xhtml" xml:lang="en" lang="en">
 <head>
  <title>
</title>
<meta http-equiv="Content-Type" content="text/html;charset=utf-8" />
  <meta name='ocr-system' content='tesseract 3.04.00' />
  <meta name='ocr-capabilities' content='ocr_page ocr_carea ocr_par ocr_line ocrx_word'/>
</head>
<body>
  <div class='ocr_page' id='page_1' title='image "./operaern05ciceuoft_0456.png"; bbox 0 0 1181 1902; ppageno 0'>
   <div class='ocr_carea' id='block_1_1' title="bbox 166 74 869 107">
    <p class='ocr_par' dir='ltr' id='par_1_1' title="bbox 166 74 869 107">
     <span class='ocr_line' id='line_1_1' title="bbox 166 74 869 107; baseline 0.001 -3"><span class='ocrx_word' id='word_1_1' title='bbox 166 74 230 105; x_wconf 87' lang='lat'><strong>444</strong></span> <span class='ocrx_word' id='word_1_2' title='bbox 351 75 401 106; x_wconf 94' lang='lat' dir='ltr'><strong>IN</strong></span> <span class='ocrx_word' id='word_1_3' title='bbox 427 74 625 107; x_wconf 86' lang='lat' dir='ltr'>VERREM</span> <span class='ocrx_word' id='word_1_4' title='bbox 649 74 690 106; x_wconf 91' lang='lat' dir='ltr'><strong>V.</strong></span> <span class='ocrx_word' id='word_1_5' title='bbox 715 74 798 106; x_wconf 80' lang='lat' dir='ltr'>CAP.</span> <span class='ocrx_word' id='word_1_6' title='bbox 816 75 869 106; x_wconf 82' lang='lat'><strong>60.</strong></span> 
     </span>
    </p>
   </div>
   <div class='ocr_carea' id='block_1_2' title="bbox 159 159 1055 1793">
    <p class='ocr_par' dir='ltr' id='par_1_2' title="bbox 159 159 1053 287">
     <span class='ocr_line' id='line_1_2' title="bbox 159 159 1053 198; baseline 0 -8"><span class='ocrx_word' id='word_1_7' title='bbox 159 160 225 198; x_wconf 91' lang='lat' dir='ltr'><strong>jam</strong></span> <span class='ocrx_word' id='word_1_8' title='bbox 248 159 361 192; x_wconf 87' lang='lat' dir='ltr'><strong>habent</strong></span> <span class='ocrx_word' id='word_1_9' title='bbox 385 161 675 192; x_wconf 84' lang='lat' dir='ltr'><strong>demonstrationem</strong></span> <span class='ocrx_word' id='word_1_10' title='bbox 695 170 803 191; x_wconf 87' lang='lat' dir='ltr'><strong>suam:</strong></span> <span class='ocrx_word' id='word_1_11' title='bbox 827 169 911 198; x_wconf 86' lang='lat' dir='ltr'><strong>nam,</strong></span> <span class='ocrx_word' id='word_1_12' title='bbox 927 165 963 190; x_wconf 87' lang='lat' dir='ltr'><strong>ut</strong></span> <span class='ocrx_word' id='word_1_13' title='bbox 983 165 1053 190; x_wconf 85' lang='lat' dir='ltr'><strong>ante</strong></span> 
     </span>
     <span class='ocr_line' id='line_1_3' title="bbox 161 202 1052 245; baseline -0.001 -12"><span class='ocrx_word' id='word_1_14' title='bbox 161 203 422 242; x_wconf 81' lang='lat' dir='ltr'>demonstrabant,</span> <span class='ocrx_word' id='word_1_15' title='bbox 446 204 521 245; x_wconf 89' lang='lat' dir='ltr'><strong>quid</strong></span> <span class='ocrx_word' id='word_1_16' title='bbox 541 204 654 245; x_wconf 86' lang='lat' dir='ltr'><strong>ubique</strong></span> <span class='ocrx_word' id='word_1_17' title='bbox 674 210 773 240; x_wconf 83' lang='lat' dir='ltr'><strong>esset3</strong></span> <span class='ocrx_word' id='word_1_18' title='bbox 796 203 839 234; x_wconf 88' lang='lat' dir='ltr'><strong>ita</strong></span> <span class='ocrx_word' id='word_1_19' title='bbox 858 213 950 242; x_wconf 89' lang='lat' dir='ltr'><strong>nunc,</strong></span> <span class='ocrx_word' id='word_1_20' title='bbox 977 202 1052 244; x_wconf 88' lang='lat' dir='ltr'><strong>quid</strong></span> 
     </span>
     <span class='ocr_line' id='line_1_4' title="bbox 161 246 703 287; baseline 0 -11"><span class='ocrx_word' id='word_1_21' title='bbox 161 246 298 287; x_wconf 88' lang='lat' dir='ltr'><strong>undique</strong></span> <span class='ocrx_word' id='word_1_22' title='bbox 313 247 450 277; x_wconf 87' lang='lat' dir='ltr'><strong>ablatum</strong></span> <span class='ocrx_word' id='word_1_23' title='bbox 466 248 514 285; x_wconf 87' lang='lat' dir='ltr'><strong>sit,</strong></span> <span class='ocrx_word' id='word_1_24' title='bbox 531 247 703 277; x_wconf 89' lang='lat' dir='ltr'><strong>ostendunt.</strong></span> 
     </span>
    </p>

    <p class='ocr_par' dir='ltr' id='par_1_3' title="bbox 159 288 1055 932">
     <span class='ocr_line' id='line_1_5' title="bbox 206 288 1053 331; baseline 0 -12"><span class='ocrx_word' id='word_1_25' title='bbox 206 288 309 328; x_wconf 83' lang='lat' dir='ltr'><strong>[Quid</strong></span> <span class='ocrx_word' id='word_1_26' title='bbox 324 296 391 320; x_wconf 89' lang='lat' dir='ltr'><strong>tum</strong></span> <span class='ocrx_word' id='word_1_27' title='bbox 405 292 436 331; x_wconf 62' lang='grc' dir='ltr'><strong>ἓ]</strong></span> <span class='ocrx_word' id='word_1_28' title='bbox 454 289 637 320; x_wconf 84' lang='lat' dir='ltr'>mediocrine</span> <span class='ocrx_word' id='word_1_29' title='bbox 648 289 770 320; x_wconf 88' lang='lat' dir='ltr'><strong>tandem</strong></span> <span class='ocrx_word' id='word_1_30' title='bbox 783 288 885 319; x_wconf 90' lang='lat' dir='ltr'><strong>dolore</strong></span> <span class='ocrx_word' id='word_1_31' title='bbox 900 299 949 320; x_wconf 93' lang='lat' dir='ltr'><strong>eos</strong></span> <span class='ocrx_word' id='word_1_32' title='bbox 964 288 1053 319; x_wconf 82' lang='lat' dir='ltr'><strong>affec-</strong></span> 
     </span>
     <span class='ocr_line' id='line_1_6' title="bbox 160 332 1051 372; baseline 0 -11"><span class='ocrx_word' id='word_1_33' title='bbox 160 337 207 362; x_wconf 86' lang='lat' dir='ltr'><strong>tos</strong></span> <span class='ocrx_word' id='word_1_34' title='bbox 223 343 285 363; x_wconf 88' lang='lat' dir='ltr'><strong>esse</strong></span> <span class='ocrx_word' id='word_1_35' title='bbox 300 332 489 363; x_wconf 81' lang='lat' dir='ltr'><strong>arbitramini</strong></span> <span class='ocrx_word' id='word_1_36' title='bbox 503 335 516 363; x_wconf 72' lang='lat'><strong>,⁹</strong></span> <span class='ocrx_word' id='word_1_37' title='bbox 541 333 613 363; x_wconf 89' lang='lat' dir='ltr'><strong>Non</strong></span> <span class='ocrx_word' id='word_1_38' title='bbox 626 333 668 363; x_wconf 90' lang='lat' dir='ltr'><strong>ita</strong></span> <span class='ocrx_word' id='word_1_39' title='bbox 679 338 734 370; x_wconf 88' lang='lat' dir='ltr'><strong>est,</strong></span> <span class='ocrx_word' id='word_1_40' title='bbox 746 332 879 372; x_wconf 86' lang='lat' dir='ltr'><strong>judices:</strong></span> <span class='ocrx_word' id='word_1_41' title='bbox 904 332 1051 372; x_wconf 89' lang='lat' dir='ltr'><strong>primum,</strong></span> 
     </span>
     <span class='ocr_line' id='line_1_7' title="bbox 161 374 1051 416; baseline 0.001 -12"><span class='ocrx_word' id='word_1_42' title='bbox 161 375 244 415; x_wconf 91' lang='lat' dir='ltr'><strong>quod</strong></span> <span class='ocrx_word' id='word_1_43' title='bbox 260 385 364 405; x_wconf 87' lang='lat' dir='ltr'><strong>omnes</strong></span> <span class='ocrx_word' id='word_1_44' title='bbox 388 376 533 416; x_wconf 77' lang='lat' dir='ltr'><strong>religione</strong></span> <span class='ocrx_word' id='word_1_45' title='bbox 559 381 742 412; x_wconf 67' lang='lat' dir='ltr'><strong>moventur,</strong></span> <span class='ocrx_word' id='word_1_46' title='bbox 768 381 796 405; x_wconf 89' lang='lat' dir='ltr'><strong>et</strong></span> <span class='ocrx_word' id='word_1_47' title='bbox 820 375 902 405; x_wconf 86' lang='lat' dir='ltr'><strong>Deos</strong></span> <span class='ocrx_word' id='word_1_48' title='bbox 928 374 1051 415; x_wconf 80' lang='lat' dir='ltr'><strong>patriOS,</strong></span> 
     </span>
     <span class='ocr_line' id='line_1_8' title="bbox 161 417 1054 459; baseline 0 -12"><span class='ocrx_word' id='word_1_49' title='bbox 161 428 238 458; x_wconf 92' lang='lat' dir='ltr'><strong>quos</strong></span> <span class='ocrx_word' id='word_1_50' title='bbox 261 429 279 448; x_wconf 90' lang='lat' dir='ltr'><strong>a</strong></span> <span class='ocrx_word' id='word_1_51' title='bbox 300 419 467 457; x_wconf 85' lang='lat' dir='ltr'><strong>majoribus</strong></span> <span class='ocrx_word' id='word_1_52' title='bbox 486 424 674 459; x_wconf 87' lang='lat' dir='ltr'><strong>acceperunt,</strong></span> <span class='ocrx_word' id='word_1_53' title='bbox 692 418 831 449; x_wconf 89' lang='lat' dir='ltr'><strong>colendos</strong></span> <span class='ocrx_word' id='word_1_54' title='bbox 851 417 907 448; x_wconf 85' lang='lat' dir='ltr'><strong>sibi</strong></span> <span class='ocrx_word' id='word_1_55' title='bbox 926 417 1054 458; x_wconf 86' lang='lat' dir='ltr'><strong>diligen—</strong></span> 
     </span>
     <span class='ocr_line' id='line_1_9' title="bbox 159 460 1055 492; baseline 0 -2"><span class='ocrx_word' id='word_1_56' title='bbox 159 466 206 491; x_wconf 89' lang='lat' dir='ltr'><strong>ter</strong></span> <span class='ocrx_word' id='word_1_57' title='bbox 225 466 254 491; x_wconf 90' lang='lat' dir='ltr'><strong>et</strong></span> <span class='ocrx_word' id='word_1_58' title='bbox 277 461 446 492; x_wconf 87' lang='lat' dir='ltr'><strong>retinendos</strong></span> <span class='ocrx_word' id='word_1_59' title='bbox 467 472 528 492; x_wconf 88' lang='lat' dir='ltr'><strong>esse</strong></span> <span class='ocrx_word' id='word_1_60' title='bbox 552 462 754 492; x_wconf 83' lang='lat' dir='ltr'><strong>arbitrantur:</strong></span> <span class='ocrx_word' id='word_1_61' title='bbox 781 461 889 491; x_wconf 88' lang='lat' dir='ltr'><strong>deinde</strong></span> <span class='ocrx_word' id='word_1_62' title='bbox 904 460 952 490; x_wconf 91' lang='lat' dir='ltr'><strong>hic</strong></span> <span class='ocrx_word' id='word_1_63' title='bbox 967 470 1055 490; x_wconf 90' lang='lat' dir='ltr'><strong>orna-</strong></span> 
     </span>
     <span class='ocr_line' id='line_1_10' title="bbox 161 503 1052 546; baseline 0 -13"><span class='ocrx_word' id='word_1_64' title='bbox 161 509 222 540; x_wconf 88' lang='lat' dir='ltr'><strong>tus,</strong></span> <span class='ocrx_word' id='word_1_65' title='bbox 245 504 309 534; x_wconf 87' lang='lat' dir='ltr'><strong>haec</strong></span> <span class='ocrx_word' id='word_1_66' title='bbox 330 515 421 545; x_wconf 84' lang='lat' dir='ltr'><strong>opera</strong></span> <span class='ocrx_word' id='word_1_67' title='bbox 444 511 535 546; x_wconf 86' lang='lat' dir='ltr'><strong>atque</strong></span> <span class='ocrx_word' id='word_1_68' title='bbox 555 505 690 542; x_wconf 84' lang='lat' dir='ltr'><strong>artificia,</strong></span> <span class='ocrx_word' id='word_1_69' title='bbox 708 504 803 545; x_wconf 84' lang='lat' dir='ltr'><strong>signa,</strong></span> <span class='ocrx_word' id='word_1_70' title='bbox 826 504 938 534; x_wconf 86' lang='lat' dir='ltr'><strong>tabulae</strong></span> <span class='ocrx_word' id='word_1_71' title='bbox 952 503 1052 544; x_wconf 81' lang='lat' dir='ltr'><strong>pictae,</strong></span> 
     </span>
     <span class='ocr_line' id='line_1_11' title="bbox 162 546 1054 588; baseline 0 -12"><span class='ocrx_word' id='word_1_72' title='bbox 162 546 284 577; x_wconf 77' lang='lat' dir='ltr'><strong>Graecos</strong></span> <span class='ocrx_word' id='word_1_73' title='bbox 295 547 434 578; x_wconf 90' lang='lat' dir='ltr'><strong>homines</strong></span> <span class='ocrx_word' id='word_1_74' title='bbox 449 548 544 578; x_wconf 91' lang='lat' dir='ltr'><strong>nimio</strong></span> <span class='ocrx_word' id='word_1_75' title='bbox 556 558 644 588; x_wconf 90' lang='lat' dir='ltr'><strong>opere</strong></span> <span class='ocrx_word' id='word_1_76' title='bbox 656 548 812 578; x_wconf 87' lang='lat' dir='ltr'><strong>delectant.</strong></span> <span class='ocrx_word' id='word_1_77' title='bbox 838 548 947 587; x_wconf 89' lang='lat' dir='ltr'><strong>Itaque</strong></span> <span class='ocrx_word' id='word_1_78' title='bbox 963 557 1000 577; x_wconf 83' lang='lat' dir='ltr'><strong>ex</strong></span> <span class='ocrx_word' id='word_1_79' title='bbox 1016 546 1054 576; x_wconf 90' lang='lat' dir='ltr'><strong>il-</strong></span> 
     </span>
     <span class='ocr_line' id='line_1_12' title="bbox 160 589 1053 631; baseline 0 -12"><span class='ocrx_word' id='word_1_80' title='bbox 160 589 261 620; x_wconf 89' lang='lat' dir='ltr'><strong>lorum</strong></span> <span class='ocrx_word' id='word_1_81' title='bbox 285 590 481 631; x_wconf 87' lang='lat' dir='ltr'><strong>querimoniis</strong></span> <span class='ocrx_word' id='word_1_82' title='bbox 505 591 672 631; x_wconf 86' lang='lat' dir='ltr'><strong>intelligere</strong></span> <span class='ocrx_word' id='word_1_83' title='bbox 701 600 874 631; x_wconf 88' lang='lat' dir='ltr'><strong>possumus,</strong></span> <span class='ocrx_word' id='word_1_84' title='bbox 905 589 970 620; x_wconf 83' lang='lat' dir='ltr'><strong>haec</strong></span> <span class='ocrx_word' id='word_1_85' title='bbox 992 589 1053 619; x_wconf 85' lang='lat' dir='ltr'><strong>illis</strong></span> 
     </span>
     <span class='ocr_line' id='line_1_13' title="bbox 161 632 1053 675; baseline -0.001 -13"><span class='ocrx_word' id='word_1_86' title='bbox 161 633 354 663; x_wconf 88' lang='lat' dir='ltr'><strong>acerbissima</strong></span> <span class='ocrx_word' id='word_1_87' title='bbox 369 633 474 671; x_wconf 83' lang='lat' dir='ltr'><strong>videri,</strong></span> <span class='ocrx_word' id='word_1_88' title='bbox 500 644 569 675; x_wconf 81' lang='lat' dir='ltr'><strong>quae</strong></span> <span class='ocrx_word' id='word_1_89' title='bbox 592 633 716 664; x_wconf 84' lang='lat' dir='ltr'><strong>forsitan</strong></span> <span class='ocrx_word' id='word_1_90' title='bbox 737 633 823 663; x_wconf 90' lang='lat' dir='ltr'><strong>nobis</strong></span> <span class='ocrx_word' id='word_1_91' title='bbox 840 632 918 662; x_wconf 87' lang='lat' dir='ltr'><strong>levia</strong></span> <span class='ocrx_word' id='word_1_92' title='bbox 938 637 967 662; x_wconf 87' lang='lat' dir='ltr'><strong>et</strong></span> <span class='ocrx_word' id='word_1_93' title='bbox 983 642 1053 662; x_wconf 75' lang='lat' dir='ltr'><strong>con-</strong></span> 
     </span>
     <span class='ocr_line' id='line_1_14' title="bbox 160 675 1054 716; baseline -0.001 -11"><span class='ocrx_word' id='word_1_94' title='bbox 160 676 325 706; x_wconf 89' lang='lat' dir='ltr'><strong>temnenda</strong></span> <span class='ocrx_word' id='word_1_95' title='bbox 337 686 400 707; x_wconf 85' lang='lat' dir='ltr'><strong>esse</strong></span> <span class='ocrx_word' id='word_1_96' title='bbox 412 677 580 707; x_wconf 87' lang='lat' dir='ltr'><strong>videantur.</strong></span> <span class='ocrx_word' id='word_1_97' title='bbox 594 676 677 706; x_wconf 86' lang='lat' dir='ltr'><strong>Mihi</strong></span> <span class='ocrx_word' id='word_1_98' title='bbox 687 676 808 713; x_wconf 78' lang='lat' dir='ltr'><strong>credite,</strong></span> <span class='ocrx_word' id='word_1_99' title='bbox 817 675 944 714; x_wconf 86' lang='lat' dir='ltr'><strong>judices,</strong></span> <span class='ocrx_word' id='word_1_100' title='bbox 960 676 1054 716; x_wconf 88' lang='lat' dir='ltr'><strong>(tam-</strong></span> 
     </span>
     <span class='ocr_line' id='line_1_15' title="bbox 160 718 1052 760; baseline -0.001 -11"><span class='ocrx_word' id='word_1_101' title='bbox 160 718 215 749; x_wconf 84' lang='lat' dir='ltr'><strong>etsi</strong></span> <span class='ocrx_word' id='word_1_102' title='bbox 231 725 348 749; x_wconf 89' lang='lat' dir='ltr'><strong>vosmet</strong></span> <span class='ocrx_word' id='word_1_103' title='bbox 372 719 452 760; x_wconf 85' lang='lat' dir='ltr'><strong>ipsos</strong></span> <span class='ocrx_word' id='word_1_104' title='bbox 466 720 531 750; x_wconf 90' lang='lat' dir='ltr'><strong>haec</strong></span> <span class='ocrx_word' id='word_1_105' title='bbox 550 719 655 749; x_wconf 90' lang='lat' dir='ltr'><strong>eadem</strong></span> <span class='ocrx_word' id='word_1_106' title='bbox 670 718 775 749; x_wconf 84' lang='lat' dir='ltr'><strong>audire</strong></span> <span class='ocrx_word' id='word_1_107' title='bbox 796 724 874 748; x_wconf 89' lang='lat' dir='ltr'><strong>certo</strong></span> <span class='ocrx_word' id='word_1_108' title='bbox 890 718 962 755; x_wconf 83' lang='lat' dir='ltr'><strong>scio)</strong></span> <span class='ocrx_word' id='word_1_109' title='bbox 981 728 1052 748; x_wconf 89' lang='lat' dir='ltr'><strong>cum</strong></span> 
     </span>
     <span class='ocr_line' id='line_1_16' title="bbox 159 761 1053 802; baseline -0.002 -10"><span class='ocrx_word' id='word_1_110' title='bbox 159 762 274 792; x_wconf 84' lang='lat' dir='ltr'><strong>multas</strong></span> <span class='ocrx_word' id='word_1_111' title='bbox 288 763 457 802; x_wconf 86' lang='lat' dir='ltr'><strong>acceperint</strong></span> <span class='ocrx_word' id='word_1_112' title='bbox 471 772 525 802; x_wconf 90' lang='lat' dir='ltr'><strong>per</strong></span> <span class='ocrx_word' id='word_1_113' title='bbox 539 762 628 792; x_wconf 88' lang='lat' dir='ltr'><strong>hosce</strong></span> <span class='ocrx_word' id='word_1_114' title='bbox 642 771 736 791; x_wconf 90' lang='lat' dir='ltr'><strong>annos</strong></span> <span class='ocrx_word' id='word_1_115' title='bbox 751 761 822 791; x_wconf 90' lang='lat' dir='ltr'><strong>socii</strong></span> <span class='ocrx_word' id='word_1_116' title='bbox 838 766 928 801; x_wconf 91' lang='lat' dir='ltr'><strong>atque</strong></span> <span class='ocrx_word' id='word_1_117' title='bbox 943 766 1053 790; x_wconf 86' lang='lat' dir='ltr'><strong>exterae</strong></span> 
     </span>
     <span class='ocr_line' id='line_1_17' title="bbox 160 803 1051 844; baseline -0.002 -10"><span class='ocrx_word' id='word_1_118' title='bbox 160 805 297 835; x_wconf 87' lang='lat' dir='ltr'><strong>nationes</strong></span> <span class='ocrx_word' id='word_1_119' title='bbox 312 805 497 835; x_wconf 82' lang='lat' dir='ltr'><strong>calamitates</strong></span> <span class='ocrx_word' id='word_1_120' title='bbox 513 810 542 835; x_wconf 94' lang='lat' dir='ltr'><strong>et</strong></span> <span class='ocrx_word' id='word_1_121' title='bbox 555 804 704 844; x_wconf 86' lang='lat' dir='ltr'><strong>injurias;</strong></span> <span class='ocrx_word' id='word_1_122' title='bbox 727 804 827 834; x_wconf 84' lang='lat' dir='ltr'><strong>nullas</strong></span> <span class='ocrx_word' id='word_1_123' title='bbox 838 803 937 834; x_wconf 86' lang='lat' dir='ltr'><strong>Graeci</strong></span> <span class='ocrx_word' id='word_1_124' title='bbox 952 803 1051 833; x_wconf 90' lang='lat' dir='ltr'><strong>homi-</strong></span> 
     </span>
     <span class='ocr_line' id='line_1_18' title="bbox 160 845 1053 888; baseline -0.001 -11"><span class='ocrx_word' id='word_1_125' title='bbox 160 856 214 877; x_wconf 87' lang='lat' dir='ltr'><strong>nes</strong></span> <span class='ocrx_word' id='word_1_126' title='bbox 229 847 351 887; x_wconf 88' lang='lat' dir='ltr'><strong>gravius</strong></span> <span class='ocrx_word' id='word_1_127' title='bbox 366 847 513 886; x_wconf 88' lang='lat' dir='ltr'><strong>tulerunt,</strong></span> <span class='ocrx_word' id='word_1_128' title='bbox 530 857 584 878; x_wconf 92' lang='lat' dir='ltr'><strong>nec</strong></span> <span class='ocrx_word' id='word_1_129' title='bbox 599 847 713 884; x_wconf 80' lang='lat' dir='ltr'><strong>ferunt,</strong></span> <span class='ocrx_word' id='word_1_130' title='bbox 733 857 827 888; x_wconf 88' lang='lat' dir='ltr'><strong>quam</strong></span> <span class='ocrx_word' id='word_1_131' title='bbox 841 845 1053 886; x_wconf 87' lang='lat' dir='ltr'><strong>hujuscemodi</strong></span> 
     </span>
     <span class='ocr_line' id='line_1_19' title="bbox 160 890 824 932; baseline 0 -12"><span class='ocrx_word' id='word_1_132' title='bbox 160 890 353 931; x_wconf 85' lang='lat' dir='ltr'><strong>spoliationes</strong></span> <span class='ocrx_word' id='word_1_133' title='bbox 368 890 509 921; x_wconf 90' lang='lat' dir='ltr'><strong>fanorum</strong></span> <span class='ocrx_word' id='word_1_134' title='bbox 525 896 616 932; x_wconf 90' lang='lat' dir='ltr'><strong>atque</strong></span> <span class='ocrx_word' id='word_1_135' title='bbox 631 890 824 931; x_wconf 87' lang='lat' dir='ltr'><strong>oppidorum.</strong></span> 
     </span>
    </p>

    <p class='ocr_par' dir='ltr' id='par_1_4' title="bbox 159 932 1055 1523">
     <span class='ocr_line' id='line_1_20' title="bbox 205 932 1053 971; baseline -0.001 -8"><span class='ocrx_word' id='word_1_136' title='bbox 205 933 292 963; x_wconf 85' lang='lat' dir='ltr'><strong>Licet</strong></span> <span class='ocrx_word' id='word_1_137' title='bbox 303 933 358 964; x_wconf 90' lang='lat' dir='ltr'><strong>iste</strong></span> <span class='ocrx_word' id='word_1_138' title='bbox 373 933 453 964; x_wconf 87' lang='lat' dir='ltr'><strong>dicat</strong></span> <span class='ocrx_word' id='word_1_139' title='bbox 468 933 575 964; x_wconf 89' lang='lat' dir='ltr'><strong>emisse</strong></span> <span class='ocrx_word' id='word_1_140' title='bbox 595 944 636 971; x_wconf 89' lang='lat' dir='ltr'><strong>se,</strong></span> <span class='ocrx_word' id='word_1_141' title='bbox 654 933 742 964; x_wconf 88' lang='lat' dir='ltr'><strong>sicuti</strong></span> <span class='ocrx_word' id='word_1_142' title='bbox 757 933 831 964; x_wconf 87' lang='lat' dir='ltr'><strong>solet</strong></span> <span class='ocrx_word' id='word_1_143' title='bbox 847 932 943 963; x_wconf 86' lang='lat' dir='ltr'><strong>dicere</strong></span> <span class='ocrx_word' id='word_1_144' title='bbox 956 943 965 962; x_wconf 72' lang='lat' dir='ltr'><em>z</em></span> <span class='ocrx_word' id='word_1_145' title='bbox 989 942 1053 963; x_wconf 91' lang='lat' dir='ltr'><strong>cre-</strong></span> 
     </span>
     <span class='ocr_line' id='line_1_21' title="bbox 161 974 1054 1017; baseline -0.001 -11"><span class='ocrx_word' id='word_1_146' title='bbox 161 975 223 1006; x_wconf 90' lang='lat' dir='ltr'><strong>dite</strong></span> <span class='ocrx_word' id='word_1_147' title='bbox 243 976 301 1007; x_wconf 88' lang='lat' dir='ltr'><strong>hoc</strong></span> <span class='ocrx_word' id='word_1_148' title='bbox 322 976 410 1015; x_wconf 90' lang='lat' dir='ltr'><strong>mihi,</strong></span> <span class='ocrx_word' id='word_1_149' title='bbox 429 977 568 1016; x_wconf 88' lang='lat' dir='ltr'><strong>judices.</strong></span> <span class='ocrx_word' id='word_1_150' title='bbox 592 976 679 1006; x_wconf 86' lang='lat' dir='ltr'><strong>nulla</strong></span> <span class='ocrx_word' id='word_1_151' title='bbox 698 986 836 1017; x_wconf 90' lang='lat' dir='ltr'><strong>unquam</strong></span> <span class='ocrx_word' id='word_1_152' title='bbox 856 975 970 1013; x_wconf 84' lang='lat' dir='ltr'><strong>civitas,</strong></span> <span class='ocrx_word' id='word_1_153' title='bbox 992 974 1054 1005; x_wconf 89' lang='lat' dir='ltr'><strong>tota</strong></span> 
     </span>
     <span class='ocr_line' id='line_1_22' title="bbox 161 1018 1055 1061; baseline 0 -12"><span class='ocrx_word' id='word_1_154' title='bbox 161 1019 238 1050; x_wconf 85' lang='lat' dir='ltr'><strong>Asia.</strong></span> <span class='ocrx_word' id='word_1_155' title='bbox 253 1024 282 1049; x_wconf 87' lang='lat' dir='ltr'><strong>et</strong></span> <span class='ocrx_word' id='word_1_156' title='bbox 298 1020 429 1057; x_wconf 84' lang='lat' dir='ltr'><strong>Graecia,</strong></span> <span class='ocrx_word' id='word_1_157' title='bbox 449 1020 572 1061; x_wconf 86' lang='lat' dir='ltr'><strong>signum</strong></span> <span class='ocrx_word' id='word_1_158' title='bbox 593 1019 705 1057; x_wconf 87' lang='lat' dir='ltr'><strong>ullum,</strong></span> <span class='ocrx_word' id='word_1_159' title='bbox 726 1020 823 1049; x_wconf 87' lang='lat' dir='ltr'><strong>ullam</strong></span> <span class='ocrx_word' id='word_1_160' title='bbox 839 1018 976 1049; x_wconf 88' lang='lat' dir='ltr'><strong>tabulam</strong></span> <span class='ocrx_word' id='word_1_161' title='bbox 990 1018 1055 1059; x_wconf 86' lang='lat' dir='ltr'><strong>pic-</strong></span> 
     </span>
     <span class='ocr_line' id='line_1_23' title="bbox 159 1060 1053 1103; baseline -0.001 -11"><span class='ocrx_word' id='word_1_162' title='bbox 159 1068 236 1101; x_wconf 89' lang='lat' dir='ltr'><strong>tam,</strong></span> <span class='ocrx_word' id='word_1_163' title='bbox 259 1063 360 1092; x_wconf 91' lang='lat' dir='ltr'><strong>ullum</strong></span> <span class='ocrx_word' id='word_1_164' title='bbox 375 1062 507 1103; x_wconf 89' lang='lat' dir='ltr'><strong>denique</strong></span> <span class='ocrx_word' id='word_1_165' title='bbox 522 1068 737 1093; x_wconf 84' lang='lat' dir='ltr'><strong>ornamentum</strong></span> <span class='ocrx_word' id='word_1_166' title='bbox 757 1062 852 1099; x_wconf 83' lang='lat' dir='ltr'><strong>urbis,</strong></span> <span class='ocrx_word' id='word_1_167' title='bbox 876 1060 930 1091; x_wconf 62' lang='lat' dir='ltr'><strong>sui).</strong></span> <span class='ocrx_word' id='word_1_168' title='bbox 945 1061 1053 1092; x_wconf 90' lang='lat' dir='ltr'><strong>volun-</strong></span> 
     </span>
     <span class='ocr_line' id='line_1_24' title="bbox 159 1104 1053 1146; baseline -0.001 -11"><span class='ocrx_word' id='word_1_169' title='bbox 159 1111 221 1136; x_wconf 86' lang='lat' dir='ltr'><strong>tate</strong></span> <span class='ocrx_word' id='word_1_170' title='bbox 236 1105 379 1146; x_wconf 86' lang='lat' dir='ltr'><strong>cuiquam</strong></span> <span class='ocrx_word' id='word_1_171' title='bbox 396 1106 552 1136; x_wconf 87' lang='lat' dir='ltr'><strong>vendidit:</strong></span> <span class='ocrx_word' id='word_1_172' title='bbox 569 1105 627 1136; x_wconf 89' lang='lat' dir='ltr'><strong>nisi</strong></span> <span class='ocrx_word' id='word_1_173' title='bbox 638 1105 714 1135; x_wconf 86' lang='lat' dir='ltr'><strong>forte</strong></span> <span class='ocrx_word' id='word_1_174' title='bbox 730 1104 918 1142; x_wconf 84' lang='lat' dir='ltr'><strong>existimatis,</strong></span> <span class='ocrx_word' id='word_1_175' title='bbox 934 1109 1053 1144; x_wconf 80' lang='lat' dir='ltr'><strong>postea-</strong></span> 
     </span>
     <span class='ocr_line' id='line_1_25' title="bbox 160 1147 1051 1189; baseline -0.001 -11"><span class='ocrx_word' id='word_1_176' title='bbox 160 1158 255 1189; x_wconf 88' lang='lat' dir='ltr'><strong>quam</strong></span> <span class='ocrx_word' id='word_1_177' title='bbox 278 1149 393 1188; x_wconf 87' lang='lat' dir='ltr'><strong>judicia</strong></span> <span class='ocrx_word' id='word_1_178' title='bbox 414 1159 516 1180; x_wconf 87' lang='lat' dir='ltr'><strong>severa</strong></span> <span class='ocrx_word' id='word_1_179' title='bbox 536 1149 646 1179; x_wconf 92' lang='lat' dir='ltr'><strong>Romae</strong></span> <span class='ocrx_word' id='word_1_180' title='bbox 665 1147 730 1179; x_wconf 85' lang='lat' dir='ltr'><strong>fieri</strong></span> <span class='ocrx_word' id='word_1_181' title='bbox 750 1147 904 1185; x_wconf 86' lang='lat' dir='ltr'><strong>desierint,</strong></span> <span class='ocrx_word' id='word_1_182' title='bbox 929 1147 1051 1178; x_wconf 87' lang='lat' dir='ltr'><strong>Graecos</strong></span> 
     </span>
     <span class='ocr_line' id='line_1_26' title="bbox 160 1190 1052 1232; baseline -0.001 -11"><span class='ocrx_word' id='word_1_183' title='bbox 160 1191 298 1222; x_wconf 89' lang='lat' dir='ltr'><strong>homines</strong></span> <span class='ocrx_word' id='word_1_184' title='bbox 313 1191 378 1222; x_wconf 86' lang='lat' dir='ltr'><strong>haec</strong></span> <span class='ocrx_word' id='word_1_185' title='bbox 393 1192 546 1223; x_wconf 86' lang='lat' dir='ltr'><strong>venditare</strong></span> <span class='ocrx_word' id='word_1_186' title='bbox 566 1191 699 1232; x_wconf 85' lang='lat' dir='ltr'><strong>coepisse,</strong></span> <span class='ocrx_word' id='word_1_187' title='bbox 716 1202 785 1232; x_wconf 88' lang='lat' dir='ltr'><strong>quae</strong></span> <span class='ocrx_word' id='word_1_188' title='bbox 800 1196 867 1221; x_wconf 88' lang='lat' dir='ltr'><strong>tum</strong></span> <span class='ocrx_word' id='word_1_189' title='bbox 883 1200 944 1221; x_wconf 91' lang='lat' dir='ltr'><strong>non</strong></span> <span class='ocrx_word' id='word_1_190' title='bbox 960 1190 1052 1221; x_wconf 90' lang='lat' dir='ltr'><strong>modo</strong></span> 
     </span>
     <span class='ocr_line' id='line_1_27' title="bbox 161 1233 1052 1274; baseline -0.001 -10"><span class='ocrx_word' id='word_1_191' title='bbox 161 1244 224 1265; x_wconf 91' lang='lat' dir='ltr'><strong>non</strong></span> <span class='ocrx_word' id='word_1_192' title='bbox 240 1234 447 1273; x_wconf 84' lang='lat' dir='ltr'><strong>venditabant,</strong></span> <span class='ocrx_word' id='word_1_193' title='bbox 465 1245 536 1266; x_wconf 90' lang='lat' dir='ltr'><strong>cum</strong></span> <span class='ocrx_word' id='word_1_194' title='bbox 556 1234 671 1274; x_wconf 89' lang='lat' dir='ltr'><strong>judicia</strong></span> <span class='ocrx_word' id='word_1_195' title='bbox 690 1234 814 1271; x_wconf 88' lang='lat' dir='ltr'><strong>fiebant,</strong></span> <span class='ocrx_word' id='word_1_196' title='bbox 830 1243 937 1264; x_wconf 90' lang='lat' dir='ltr'><strong>verum</strong></span> <span class='ocrx_word' id='word_1_197' title='bbox 960 1233 1052 1263; x_wconf 86' lang='lat' dir='ltr'><strong>etiam</strong></span> 
     </span>
     <span class='ocr_line' id='line_1_28' title="bbox 162 1276 1054 1316; baseline -0.001 -8"><span class='ocrx_word' id='word_1_198' title='bbox 162 1277 341 1308; x_wconf 67' lang='lat' dir='ltr'><strong>coemebant</strong></span> <span class='ocrx_word' id='word_1_199' title='bbox 354 1290 361 1307; x_wconf 68' lang='grc' dir='ltr'><strong>ι</strong></span> <span class='ocrx_word' id='word_1_200' title='bbox 381 1284 434 1308; x_wconf 90' lang='lat' dir='ltr'><strong>aut</strong></span> <span class='ocrx_word' id='word_1_201' title='bbox 445 1278 503 1309; x_wconf 90' lang='lat' dir='ltr'><strong>nisi</strong></span> <span class='ocrx_word' id='word_1_202' title='bbox 515 1277 716 1316; x_wconf 88' lang='lat' dir='ltr'><strong>arbitramini,</strong></span> <span class='ocrx_word' id='word_1_203' title='bbox 732 1277 771 1307; x_wconf 81' lang='lat' dir='ltr'><strong>L.</strong></span> <span class='ocrx_word' id='word_1_204' title='bbox 787 1277 907 1315; x_wconf 83' lang='lat' dir='ltr'><strong>Crasso,</strong></span> <span class='ocrx_word' id='word_1_205' title='bbox 921 1276 961 1314; x_wconf 89' lang='lat' dir='ltr'><strong>Q.</strong></span> <span class='ocrx_word' id='word_1_206' title='bbox 973 1276 1054 1307; x_wconf 88' lang='lat' dir='ltr'><strong>Scae-</strong></span> 
     </span>
     <span class='ocr_line' id='line_1_29' title="bbox 161 1320 1052 1362; baseline -0.001 -12"><span class='ocrx_word' id='word_1_207' title='bbox 161 1321 249 1358; x_wconf 85' lang='lat' dir='ltr'><strong>volae,</strong></span> <span class='ocrx_word' id='word_1_208' title='bbox 265 1320 302 1351; x_wconf 87' lang='lat' dir='ltr'><strong>C.</strong></span> <span class='ocrx_word' id='word_1_209' title='bbox 320 1321 462 1359; x_wconf 84' lang='lat' dir='ltr'><strong>Claudio,</strong></span> <span class='ocrx_word' id='word_1_210' title='bbox 482 1320 697 1362; x_wconf 87' lang='lat' dir='ltr'><strong>potentissimis</strong></span> <span class='ocrx_word' id='word_1_211' title='bbox 714 1320 902 1357; x_wconf 87' lang='lat' dir='ltr'><strong>hominibus,</strong></span> <span class='ocrx_word' id='word_1_212' title='bbox 919 1329 1052 1359; x_wconf 89' lang='lat' dir='ltr'><strong>quorum</strong></span> 
     </span>
     <span class='ocr_line' id='line_1_30' title="bbox 162 1362 1052 1402; baseline -0.002 -9"><span class='ocrx_word' id='word_1_213' title='bbox 162 1363 319 1394; x_wconf 85' lang='lat' dir='ltr'><strong>aedilitates</strong></span> <span class='ocrx_word' id='word_1_214' title='bbox 328 1364 531 1395; x_wconf 88' lang='lat' dir='ltr'><strong>ornatissimas</strong></span> <span class='ocrx_word' id='word_1_215' title='bbox 541 1364 684 1402; x_wconf 87' lang='lat' dir='ltr'><strong>vidimus,</strong></span> <span class='ocrx_word' id='word_1_216' title='bbox 698 1363 913 1394; x_wconf 89' lang='lat' dir='ltr'><strong>commercium</strong></span> <span class='ocrx_word' id='word_1_217' title='bbox 924 1362 1052 1392; x_wconf 88' lang='lat' dir='ltr'><strong>istarum</strong></span> 
     </span>
     <span class='ocr_line' id='line_1_31' title="bbox 160 1404 1053 1445; baseline -0.002 -9"><span class='ocrx_word' id='word_1_218' title='bbox 160 1416 265 1436; x_wconf 90' lang='lat' dir='ltr'><strong>rerum</strong></span> <span class='ocrx_word' id='word_1_219' title='bbox 289 1417 359 1437; x_wconf 88' lang='lat' dir='ltr'><strong>cum</strong></span> <span class='ocrx_word' id='word_1_220' title='bbox 382 1407 495 1438; x_wconf 80' lang='lat' dir='ltr'><strong>Graecis</strong></span> <span class='ocrx_word' id='word_1_221' title='bbox 515 1407 690 1437; x_wconf 90' lang='lat' dir='ltr'><strong>hominibus</strong></span> <span class='ocrx_word' id='word_1_222' title='bbox 710 1416 771 1436; x_wconf 92' lang='lat' dir='ltr'><strong>non</strong></span> <span class='ocrx_word' id='word_1_223' title='bbox 790 1406 904 1442; x_wconf 79' lang='lat' dir='ltr'><strong>fuisse3</strong></span> <span class='ocrx_word' id='word_1_224' title='bbox 928 1404 976 1444; x_wconf 88' lang='lat' dir='ltr'><strong>iis,</strong></span> <span class='ocrx_word' id='word_1_225' title='bbox 998 1404 1053 1445; x_wconf 91' lang='lat' dir='ltr'><strong>qui</strong></span> 
     </span>
     <span class='ocr_line' id='line_1_32' title="bbox 160 1448 1053 1490; baseline -0.002 -10"><span class='ocrx_word' id='word_1_226' title='bbox 160 1455 230 1490; x_wconf 89' lang='lat' dir='ltr'><strong>post</strong></span> <span class='ocrx_word' id='word_1_227' title='bbox 245 1449 430 1489; x_wconf 86' lang='lat' dir='ltr'><strong>judiciorum</strong></span> <span class='ocrx_word' id='word_1_228' title='bbox 448 1450 675 1481; x_wconf 86' lang='lat' dir='ltr'><strong>dissolutionem</strong></span> <span class='ocrx_word' id='word_1_229' title='bbox 691 1448 791 1480; x_wconf 87' lang='lat' dir='ltr'><strong>aediles</strong></span> <span class='ocrx_word' id='word_1_230' title='bbox 810 1449 882 1479; x_wconf 87' lang='lat' dir='ltr'><strong>facti</strong></span> <span class='ocrx_word' id='word_1_231' title='bbox 899 1454 981 1487; x_wconf 89' lang='lat' dir='ltr'><strong>sunt,</strong></span> <span class='ocrx_word' id='word_1_232' title='bbox 1003 1448 1053 1478; x_wconf 87' lang='lat' dir='ltr'><strong>fu-</strong></span> 
     </span>
     <span class='ocr_line' id='line_1_33' title="bbox 161 1502 229 1523; baseline 0.015 -1"><span class='ocrx_word' id='word_1_233' title='bbox 161 1502 229 1523; x_wconf 77' lang='lat' dir='ltr'><strong>isse.</strong></span> 
     </span>
    </p>

    <p class='ocr_par' dir='ltr' id='par_1_5' title="bbox 161 1533 1054 1793">
     <span class='ocr_line' id='line_1_34' title="bbox 205 1533 1053 1567; baseline -0.005 -1"><span class='ocrx_word' id='word_1_234' title='bbox 205 1534 278 1566; x_wconf 82' lang='lat' dir='ltr'><strong>LX.</strong></span> <span class='ocrx_word' id='word_1_235' title='bbox 298 1535 497 1567; x_wconf 88' lang='lat' dir='ltr'><strong>Acerbiorem</strong></span> <span class='ocrx_word' id='word_1_236' title='bbox 513 1536 604 1567; x_wconf 87' lang='lat' dir='ltr'><strong>etiam</strong></span> <span class='ocrx_word' id='word_1_237' title='bbox 620 1536 723 1567; x_wconf 85' lang='lat' dir='ltr'><strong>scitote</strong></span> <span class='ocrx_word' id='word_1_238' title='bbox 738 1545 800 1566; x_wconf 88' lang='lat' dir='ltr'><strong>esse</strong></span> <span class='ocrx_word' id='word_1_239' title='bbox 814 1534 985 1565; x_wconf 87' lang='lat' dir='ltr'><strong>civitatibus</strong></span> <span class='ocrx_word' id='word_1_240' title='bbox 995 1533 1053 1563; x_wconf 81' lang='lat' dir='ltr'><strong>fal-</strong></span> 
     </span>
     <span class='ocr_line' id='line_1_35' title="bbox 161 1576 1053 1619; baseline -0.002 -11"><span class='ocrx_word' id='word_1_241' title='bbox 161 1588 226 1608; x_wconf 85' lang='lat' dir='ltr'><strong>sam</strong></span> <span class='ocrx_word' id='word_1_242' title='bbox 245 1579 335 1609; x_wconf 88' lang='lat' dir='ltr'><strong>istam</strong></span> <span class='ocrx_word' id='word_1_243' title='bbox 362 1585 391 1609; x_wconf 87' lang='lat' dir='ltr'><strong>et</strong></span> <span class='ocrx_word' id='word_1_244' title='bbox 416 1579 592 1610; x_wconf 88' lang='lat' dir='ltr'><strong>simulatam</strong></span> <span class='ocrx_word' id='word_1_245' title='bbox 617 1579 791 1617; x_wconf 88' lang='lat' dir='ltr'><strong>emtionem,</strong></span> <span class='ocrx_word' id='word_1_246' title='bbox 819 1587 912 1619; x_wconf 89' lang='lat' dir='ltr'><strong>quam</strong></span> <span class='ocrx_word' id='word_1_247' title='bbox 937 1576 961 1607; x_wconf 84' lang='lat' dir='ltr'><strong>si</strong></span> <span class='ocrx_word' id='word_1_248' title='bbox 983 1577 1053 1617; x_wconf 88' lang='lat' dir='ltr'><strong>quis</strong></span> 
     </span>
     <span class='ocr_line' id='line_1_36' title="bbox 161 1619 1049 1663; baseline -0.002 -12"><span class='ocrx_word' id='word_1_249' title='bbox 161 1622 241 1652; x_wconf 85' lang='lat' dir='ltr'><strong>clam</strong></span> <span class='ocrx_word' id='word_1_250' title='bbox 267 1621 420 1662; x_wconf 86' lang='lat' dir='ltr'><strong>surripiat,</strong></span> <span class='ocrx_word' id='word_1_251' title='bbox 446 1628 499 1652; x_wconf 90' lang='lat' dir='ltr'><strong>aut</strong></span> <span class='ocrx_word' id='word_1_252' title='bbox 523 1622 630 1663; x_wconf 88' lang='lat' dir='ltr'><strong>eripiat</strong></span> <span class='ocrx_word' id='word_1_253' title='bbox 653 1622 768 1663; x_wconf 86' lang='lat' dir='ltr'><strong>palam,</strong></span> <span class='ocrx_word' id='word_1_254' title='bbox 793 1626 884 1662; x_wconf 89' lang='lat' dir='ltr'><strong>atque</strong></span> <span class='ocrx_word' id='word_1_255' title='bbox 913 1619 1049 1650; x_wconf 87' lang='lat' dir='ltr'><strong>auferat:</strong></span> 
     </span>
     <span class='ocr_line' id='line_1_37' title="bbox 161 1661 1051 1705; baseline -0.003 -11"><span class='ocrx_word' id='word_1_256' title='bbox 161 1674 233 1694; x_wconf 89' lang='lat' dir='ltr'><strong>nam</strong></span> <span class='ocrx_word' id='word_1_257' title='bbox 249 1664 470 1705; x_wconf 83' lang='lat' dir='ltr'><strong>turpitudinem</strong></span> <span class='ocrx_word' id='word_1_258' title='bbox 490 1675 644 1696; x_wconf 90' lang='lat' dir='ltr'><strong>summam</strong></span> <span class='ocrx_word' id='word_1_259' title='bbox 660 1675 722 1695; x_wconf 90' lang='lat' dir='ltr'><strong>esse</strong></span> <span class='ocrx_word' id='word_1_260' title='bbox 736 1663 931 1699; x_wconf 87' lang='lat' dir='ltr'><strong>arbitrantur,</strong></span> <span class='ocrx_word' id='word_1_261' title='bbox 947 1661 1051 1693; x_wconf 87' lang='lat' dir='ltr'><strong>referri</strong></span> 
     </span>
     <span class='ocr_line' id='line_1_38' title="bbox 162 1706 1052 1749; baseline -0.002 -13"><span class='ocrx_word' id='word_1_262' title='bbox 162 1707 193 1737; x_wconf 88' lang='lat' dir='ltr'><strong>in</strong></span> <span class='ocrx_word' id='word_1_263' title='bbox 218 1707 319 1738; x_wconf 83' lang='lat' dir='ltr'><strong>literas</strong></span> <span class='ocrx_word' id='word_1_264' title='bbox 341 1708 490 1749; x_wconf 86' lang='lat' dir='ltr'><strong>publicas,</strong></span> <span class='ocrx_word' id='word_1_265' title='bbox 516 1708 612 1749; x_wconf 88' lang='lat' dir='ltr'><strong>pretio</strong></span> <span class='ocrx_word' id='word_1_266' title='bbox 641 1707 803 1738; x_wconf 78' lang='lat' dir='ltr'><strong>adductam</strong></span> <span class='ocrx_word' id='word_1_267' title='bbox 828 1706 992 1743; x_wconf 87' lang='lat' dir='ltr'><strong>civitatem,</strong></span> <span class='ocrx_word' id='word_1_268' title='bbox 1022 1709 1052 1735; x_wconf 90' lang='lat' dir='ltr'><strong>et</strong></span> 
     </span>
     <span class='ocr_line' id='line_1_39' title="bbox 162 1747 1054 1793; baseline -0.003 -12"><span class='ocrx_word' id='word_1_269' title='bbox 162 1750 259 1790; x_wconf 87' lang='lat' dir='ltr'><strong>pretio</strong></span> <span class='ocrx_word' id='word_1_270' title='bbox 274 1761 378 1792; x_wconf 84' lang='lat' dir='ltr'><strong>parvo,</strong></span> <span class='ocrx_word' id='word_1_271' title='bbox 395 1762 441 1789; x_wconf 86' lang='lat' dir='ltr'><strong>ea,</strong></span> <span class='ocrx_word' id='word_1_272' title='bbox 457 1762 526 1791; x_wconf 85' lang='lat' dir='ltr'><strong>quae</strong></span> <span class='ocrx_word' id='word_1_273' title='bbox 541 1750 701 1793; x_wconf 83' lang='lat' dir='ltr'><strong>accepisset</strong></span> <span class='ocrx_word' id='word_1_274' title='bbox 715 1761 735 1781; x_wconf 88' lang='lat' dir='ltr'><strong>a</strong></span> <span class='ocrx_word' id='word_1_275' title='bbox 748 1749 926 1790; x_wconf 86' lang='lat' dir='ltr'><strong>majoribus,</strong></span> <span class='ocrx_word' id='word_1_276' title='bbox 947 1747 1054 1779; x_wconf 85' lang='lat' dir='ltr'><strong>vendi-</strong></span> 
     </span>
    </p>
   </div>
  </div>
 </body>
</html>
