1181 1902
187 127 239 159 IN
262 127 460 160 VERREM
485 127 545 160 IV.
569 127 654 160 CAP.
677 128 732 159 28.
841 126 905 157 315

20 212 171 251 custodiri,
182 213 304 244 destitui
314 214 388 244 alios
397 215 428 244 in
439 214 592 251 convivio,
583 225 591 233 ·
603 212 798 245 condemnari
807 212 881 243 alios
890 221 910 242 a

18 255 134 286 medico
147 263 176 286 et
189 267 326 297 praecone
340 258 492 298 praetoris3
516 260 597 288 bona
612 264 714 288 tamen
729 257 842 287 interea
861 255 910 285 ni-

18 298 183 329 hilominus
198 310 303 330 eorum
318 301 456 330 omnium
474 311 512 331 ex
527 301 606 342 agris
621 300 733 331 auferri
753 310 788 331 ac
807 298 908 339 diripi.

20 341 104 379 Quid
129 349 172 372 est
191 343 268 373 hoc?
300 344 408 384 populi
432 344 567 374 Romani
589 344 778 384 imperium?
805 341 912 383 populi

20 384 153 415 Romani
168 386 269 425 leges?
289 386 429 425 judicia?
443 387 514 417 socii
530 387 650 417 fideles.
643 389 657 408 ’θ
673 397 746 427 prov
749 385 828 416 incia
839 386 911 415 sub-

20 428 156 458 urbana?
193 429 306 459 Nonne
320 430 423 459 omnia
437 430 538 470 potius
560 430 709 469 ejusmodi
731 435 813 465 sunt,
830 438 911 468 quae,

21 470 46 500 si
60 471 197 501 Athenio
209 472 337 509 w'cisset,
354 473 384 502 in
402 472 504 503 Sicilia
519 483 579 503 non
595 473 711 503 fecisset
723 474 737 502 Ρ
761 472 792 502 N
796 481 847 507 on,
863 471 912 500 in-

21 523 126 554 quam,
148 514 276 553 judices,
300 522 375 546 esset
399 516 495 546 ullam
516 522 635 556 partem
658 515 745 546 istius
768 513 913 555 nequitiae

21 556 221 596 tugitivorum
237 558 396 589 insolentia
407 566 574 589 consecuta.

63 599 162 630 :xxv
166 601 211 630 ΙΙ.
236 601 385 632 Privatim
400 602 456 632 hoc
472 602 579 633 1110(10.
605 601 705 643 quid?
731 600 853 642 publice
871 599 913 630 ci-

20 642 126 673 vitates
141 644 401 683 quemadmodum
417 651 549 675 tractatae
564 645 654 675 sunt?
682 644 825 675 Audistis
844 653 914 684 per-

20 686 119 715 multa
130 686 241 717 indicia
255 694 284 717 et
299 688 471 718 testimonia
482 689 660 724 civitatum3
685 693 714 717 et
725 687 913 728 reliquarum

21 728 157 759 audietis.
180 731 230 760 Ac
245 731 380 771 primum
396 731 433 761 de
445 732 632 772 Agyrinensi
646 731 771 772 populo,
788 729 871 760 fideli
883 735 913 760 et

20 771 142 809 illustri,
159 773 287 804 breviter
302 774 479 814 cognoscite.
525 774 727 815 Agyrinensis
745 779 790 804 est
805 773 836 802 in
851 772 914 813 pri-

21 815 80 845 mis
109 814 235 846 honesta
260 817 364 847 civitas
393 818 515 855 Siciliae,
540 818 714 855 homiuum,
739 822 809 847 ante
830 816 914 846 hunc

22 864 195 908 praetorem,
220 860 432 900 locupletium,
463 870 718 901 summorumque
747 866 912 889 aratorum.

21 900 61 940 Ε]
66 912 101 930 us
127 902 192 942 agri
220 902 363 933 decumas
392 914 463 934 cum
490 904 610 934 emisset
636 904 718 933 idem
743 902 914 943 Apronius,

21 945 176 986 Agyrium
192 946 283 976 venit.
316 946 381 984 Qui
402 957 473 977 cum
498 957 532 977 eo
548 957 619 977 cum
634 945 866 994 apparitoribus,
882 945 916 975 id

22 995 77 1027 est,
103 999 174 1019 cum
199 989 290 1019 minis
314 1000 349 1019 ac
374 990 415 1027 vi,
443 990 583 1029 venisset,
608 999 729 1031 poscere
752 988 915 1029 pecuniam

21 1031 169 1072 grandem
189 1033 288 1073 coepit,
305 1038 351 1070 ut,
375 1039 496 1074 accepto
512 1034 608 1070 lucro,
625 1032 796 1063 discederet.
821 1031 916 1061 Nolle

22 1086 52 1106 se
67 1075 180 1117 negotii
196 1075 365 1124 quidquam
379 1076 490 1106 habere
505 1076 634 1113 dicebat,
650 1076 714 1114 sed,
727 1075 849 1116 accepta
862 1084 916 1115 pe·

24 1120 125 1158 cunia,
158 1129 252 1160 quam
281 1119 418 1159 primum
448 1119 540 1149 aliam
569 1119 722 1150 civitatem
752 1127 916 1148 occurrere.

24 1165 103 1194 Sunt
125 1172 229 1193 omnes
245 1162 340 1192 Siculi
354 1172 416 1193 non
431 1162 655 1199 contemnendi,
678 1162 776 1210 siper
800 1167 917 1191 nostros

24 1207 217 1247 magistratus
240 1205 346 1242 liceat;
379 1205 431 1236 sed
456 1205 595 1236 homines
620 1211 649 1235 et
670 1205 740 1235 satis
759 1204 862 1240 fortes,
888 1209 918 1234 et

24 1250 95 1280 satis
110 1250 200 1290 plane
211 1248 294 1289 frugi
309 1259 342 1279 ac
358 1249 470 1279 sobrii·
461 1272 471 1285 ‚
507 1255 536 1279 et
550 1249 582 1278 in
597 1248 705 1297 primis
719 1248 784 1278 haec
801 1247 917 1285 civitas,

24 1293 62 1323 de
77 1304 139 1334 qua
153 1293 272 1333 loquor,
286 1292 546 1332 judices.1taque
560 1291 702 1322 1101111111
693 1301 725 1321 111
740 1290 847 1331 primis
858 1290 918 1320 im-

24 1336 204 1377 probissimo
215 1335 397 1376 respondent
411 1335 630 1376 Agyrinenses,
647 1345 708 1365 sese
724 1334 866 1364 decumas
878 1333 918 1372 ei,

25 1378 287 1420 quemadmodum
317 1378 471 1414 deberent,
503 1378 645 1408 daturos·
637 1400 646 1413 ‚
684 1378 817 1414 lucrum,
848 1387 920 1407 cum

25 1421 76 1452 ille
91 1433 203 1463 magno
218 1421 384 1462 praesertim
401 1421 531 1459 emisset,
547 1431 608 1450 non
625 1420 788 1450 additurus.
815 1419 920 1461 Apro-

26 1465 95 1496 nius
117 1466 274 1496 certiorem
294 1464 367 1495 facit
392 1464 497 1501 istum,
519 1465 589 1503 cuja
610 1474 657 1494 res
680 1469 755 1501 erat,
780 1463 856 1504 quid
878 1463 921 1493 rei

27 1515 111 1539 esset.

69 1551 237 1582 XXVIII.
270 1551 392 1589 Statim,
422 1556 583 1591 tamquam
618 1549 785 1589 conjuratio
814 1548 919 1590 aliqua

26 1595 139 1644 Agyrii
163 1601 266 1625 contra
285 1594 505 1634 rempublicam
526 1593 617 1630 facta,
638 1598 691 1622 aut
710 1593 828 1632 legatus
842 1603 921 1633 prae-

27 1639 98 1668 toris
113 1639 250 1687 pulsatus
265 1643 350 1686 esset,
367 1637 409 1667 ita
423 1636 543 1677 Agyrio
557 1636 751 1677 magistratus
772 1641 801 1665 et
818 1635 924 1673 Quin-

28 1681 204 1722 que-primi,
218 1681 314 1711 accitu
326 1680 423 1716 istius,
435 1690 469 1710 ev
471 1685 606 1710 ocantur.
637 1678 775 1709 Veniunt
791 1679 921 1719 Syracu-

29 1734 91 1754 sas:
115 1731 224 1766 praesto
239 1730 283 1754 est
296 1723 474 1764 Apronius:
507 1722 561 1759 ait,
579 1732 628 1752 eos
642 1722 733 1762 ipsos,
755 1721 810 1761 qui
825 1721 923 1751 venis-

28 1773 106 1805 sent,
131 1774 234 1798 contra
259 1767 392 1798 edictum
416 1766 552 1807 praetoris
574 1765 687 1796 fecisse.
721 1765 920 1803 Quaerebant,

28 1790 118 1851 quid'.
111 1812 124 1832 ⁹
157 1809 384 1852 Respondebat,
400 1820 431 1840 se
446 1809 484 1840 ad
499 1815 720 1849 recuperatores
735 1817 798 1839 esse
823 1806 921 1837 dictu-

1163 0 1181 38 11

1171 1887 1181 1899 ἰ
1171 1754 1181 1879 s—„fm—-nv
1173 1740 1175 1745 ⁴
1173 1711 1178 1714 ·
1171 1688 1181 1694 τ
