1181 1902
306 74 355 105 IN
380 72 575 104 VERREM
601 72 642 103 V.
665 72 749 102 CAP.
768 72 820 107 67.
945 71 1005 101 451

165 160 260 199 Quod
280 160 333 191 ubi
354 158 502 195 intellexi,
519 158 654 188 multum
674 157 756 198 apud
776 157 864 187 illum
880 162 1012 188 recentes

122 203 256 239 nuntios,
275 204 409 233 multum
433 202 562 237 tabulas,
579 211 640 231 non
663 200 938 236 commendaticias,
961 200 1012 230 sed

123 247 306 282 tributarias,
324 245 472 279 valuisse3
496 243 653 274 admonitu
666 243 799 284 ipsorum
811 245 1013 284 Syracusano-

123 299 192 319 rum
205 289 354 329 impetum
370 288 401 317 in
416 298 464 317 eas
480 287 599 316 tabulas
614 286 701 322 facio,
719 286 749 315 in
766 286 877 326 quibus
893 286 1013 326 singula

123 332 287 372 perscripta
302 337 396 361 eraut.
419 330 498 359 Ecce
513 335 614 359 autem
631 339 708 359 nova
723 330 811 359 turba
825 334 917 369 atque
932 329 1008 358 rixa.

124 375 175 405 Ne
190 380 290 405 tamen
308 374 400 403 istum
416 372 540 403 omnino
556 372 711 412 Syracusis
734 373 797 402 sine
812 371 927 407 amicis,
949 371 1013 402 sine

124 417 305 458 hospitibus,
328 417 418 457 plane
432 415 551 445 nudum
568 424 630 444 esse
653 424 687 444 ac
702 414 854 444 desertum
878 414 1010 455 putetis;

124 460 250 490 retinere
274 460 362 500 coepit
380 458 498 489 tabulas
517 457 743 487 Theomnastus
764 457 902 497 quidam,
919 457 1012 487 homo

123 503 249 533 ridicule
269 502 404 538 insanus,
423 509 516 542 quern
535 500 715 541 Syracusani
738 500 944 530 Theoractum
960 510 1012 530 vo-

123 552 214 581 cant;
239 545 293 586 qui
301 545 363 575 illic
378 543 527 583 ejusmodi
542 549 596 579 est,
610 548 644 572 ut
659 552 728 572 eum
740 543 826 583 pueri
842 548 1012 578 sectentur3

123 594 158 619 ut
172 598 288 624 omnes,
301 598 371 618 cum
383 587 469 628 loqui
480 586 611 627 coeperit,
624 585 775 615 irrideant.
794 585 899 624 Hujus
911 591 1014 615 tamen

123 631 251 669 insania,
268 641 337 672 quae
352 630 479 660 ridicula
490 636 534 659 est
548 629 625 665 aliis,
637 628 713 658 mihi
726 634 792 658 tum
803 629 929 658 molesta
942 638 1014 659 sane

124 673 202 704 fuit:
227 684 310 710 nam,
328 684 398 703 cuni
414 683 538 713 spumas
554 677 655 712 ageret
669 671 700 700 in
716 681 778 707 ore,
796 671 933 701 arderent
943 681 1015 701 ocu-

123 717 157 753 li,
175 727 245 747 voce
256 715 392 747 maxima
407 716 469 746 vim
485 725 535 746 me
550 715 609 746 sibi
623 713 729 745 afferre
741 714 903 751 clamaret3
921 723 1014 755 copu-

121 759 175 790 lati
190 759 221 789 in
234 760 286 799 jus
300 759 503 800 pervenimus.

167 803 231 833 Hic
246 813 301 843 ego
312 802 464 843 postulare
479 802 566 842 coepi,
583 806 617 832 ut
632 801 708 831 mihi
723 801 842 831 tabulas
854 801 1013 841 obsignare

124 856 159 876 ac
178 845 334 886 deportare
348 845 459 875 Iiceret.
490 845 549 875 Ille
564 851 676 875 contra.
700 844 817 874 Instare
831 854 898 884 ego,
914 843 1014 873 omni-

124 899 179 919 um
203 888 280 919 mihi
307 888 481 918 tabularum
508 894 537 918 et
565 887 721 918 literarum
747 887 811 917 fleri
834 892 1013 927 potestatem

123 937 270 972 oportere.
305 930 506 968 Contra,-iHe
528 930 658 960 furiosus
684 940 802 969 urgere,
824 930 900 959 nihil
923 929 961 959 ad
982 939 1013 959 se

125 980 241 1005 nostras
256 975 336 1014 leges
351 974 508 1014 pertinere.
532 974 650 1003 Praetor
658 973 828 1012 intelligens
839 982 948 1013 negare
958 971 1015 1002 sibi

123 1017 252 1058 placere,
269 1016 351 1058 quod
366 1017 674 1047 senatus-consultum
689 1021 789 1045 ratum
804 1026 866 1045 esse
880 1025 941 1045 non
962 1015 1015 1045 de-

124 1061 218 1098 beret,
240 1060 272 1090 id
286 1070 336 1090 me
356 1060 491 1090 Romam
511 1059 676 1100 deportare.
700 1058 785 1096 Quid
806 1059 930 1089 multa?
954 1057 1014 1087 nisi

123 1103 332 1133 vehementius
346 1102 464 1132 homini
478 1102 612 1133 minatus
627 1112 734 1139 essem,
748 1101 805 1131 nisi
814 1102 918 1141 legum
929 1110 1014 1131 sanc-

123 1145 249 1183 tionem,
266 1155 448 1186 poenamque
462 1145 646 1183 recitassem,
663 1144 837 1175 tabularum
859 1144 936 1174 mihi
958 1153 1013 1184 po-

124 1194 214 1219 testas
237 1189 315 1219 facta
335 1198 395 1219 non
412 1194 496 1219 esset.
528 1188 586 1218 Ine
605 1194 708 1218 autem
723 1187 858 1225 insanus,
880 1187 934 1228 qui
956 1197 1012 1227 pro

122 1231 180 1262 isto
192 1238 294 1262 contra
305 1242 355 1262 me
364 1231 623 1262 vehementissime
632 1230 838 1267 declamasset,
851 1236 1013 1270 postquam

124 1283 186 1304 non
209 1274 401 1315 impetravitg
426 1274 522 1309 credo,
545 1280 580 1303 ut
599 1273 631 1303 in
653 1273 782 1314 gratiam
801 1282 922 1303 mecum
943 1272 1011 1302 red-

123 1317 189 1355 iret,
202 1317 341 1347 libellum
353 1316 429 1347 mihi
438 1317 501 1355 dat,
513 1317 545 1347 in
557 1327 618 1357 quo
629 1317 714 1346 istius
729 1317 811 1346 furta
826 1316 1013 1356 Syracusana

123 1360 289 1401 perscripta
303 1367 408 1396 erant;
432 1371 501 1401 quae
516 1370 571 1401 ego
586 1365 674 1390 antea
686 1360 752 1398 jam
769 1360 807 1389 ab
822 1358 882 1388 illis
897 1360 1009 1399 cognom

125 1413 192 1433 ram
204 1408 233 1433 et
248 1413 430 1444 acceperam.

169 1445 312 1476 LXVII.
336 1445 479 1476 Laudent
494 1451 523 1477 te
537 1456 608 1477 sane
619 1447 684 1486 jam
701 1444 892 1481 Mamertini,
905 1444 959 1485 qui
973 1454 1012 1475 ex

122 1489 209 1519 tanta
230 1489 385 1530 provincia
399 1489 454 1519 soli
474 1495 554 1526 sunt,
579 1489 632 1530 qui
648 1495 677 1519 te
700 1489 817 1518 salvum
832 1488 945 1518 velint:
969 1487 1013 1517 ita

124 1537 227 1562 tamen
241 1531 378 1569 laudent,
394 1538 428 1561 ut
444 1532 554 1567 Heius,
576 1532 629 1572 qui
652 1532 716 1570 ejus
733 1531 871 1572 princeps
885 1531 1013 1571 legatio-

124 1575 172 1604 nis
194 1581 248 1612 est,
274 1574 375 1605 adsit:
409 1574 452 1604 ita
474 1575 610 1611 laudent,
636 1580 670 1604 ut
693 1574 732 1604 ad
756 1584 800 1611 ea,
827 1584 895 1614 quae
916 1573 1012 1613 rogati

123 1623 223 1655 erunt,
240 1617 317 1647 mihi
338 1617 435 1658 parati
455 1618 516 1647 sint
535 1618 721 1658 respondere.
745 1619 805 1654 Ac,
822 1626 860 1646 ne
881 1616 980 1647 subito
994 1626 1013 1646 a

122 1668 173 1689 me
187 1660 409 1700 opprimantur,
421 1660 486 1691 haec
495 1670 563 1690 sum
578 1666 737 1701 rogaturus
750 1672 758 1690 :
783 1662 806 1678 ‘⁶
817 1659 938 1690 Navem
955 1670 1010 1700 po-

122 1702 197 1742 pulo
215 1703 358 1733 Romano
378 1703 546 1734 debeantne
558 1703 595 1734 ?’'
618 1703 803 1733 fatebuntur.
826 1704 849 1721 ‘4
866 1703 1011 1732 Praebue-

121 1745 231 1784 rintne,
247 1752 373 1786 praetore
389 1746 427 1778 C.
443 1746 539 1778 Verre
552 1746 589 1778 ?''
605 1747 769 1788 negabunt.
794 1747 816 1764 “
831 1745 1014 1776 AEdificave-
