1181 1902
207 112 270 143 280
379 111 431 143 IN
455 111 650 143 VERREM
676 111 741 142 ΙΙΙ.
765 111 849 142 Ost.
871 110 923 147 78.

205 196 335 229 caudam
350 197 436 229 illam
460 198 575 235 Verris,
601 204 759 239 tamquam
775 197 806 227 in
826 197 903 233 luto,
927 196 1095 227 demersam

203 251 264 271 esse
279 241 310 271 in
325 241 441 271 litura?
465 241 514 272 Sic
529 242 642 271 habent
657 252 687 271 se
706 241 828 277 tabulae,
849 240 975 279 judices,
999 246 1032 269 ut
1049 239 1093 270 vi-

201 283 286 314 detis.
325 284 411 322 Quid
441 285 643 326 exspectatis?
676 285 751 325 quid
775 283 909 324 quaeritis
933 283 1091 323 amplius?

201 326 253 357 Tu
269 327 344 368 ipse,
363 328 484 365 Verres,
509 328 584 368 quid
600 328 683 357 sedes
694 328 708 356 ’Β
732 327 806 368 quid
822 326 972 356 moraris?
1006 326 1090 355 Nam

200 375 254 399 aut
276 370 418 400 exhibeas
439 371 525 401 nobis
551 371 581 401 V
583 371 742 406 errutium,
765 380 881 399 necesse
906 375 960 406 est,
987 374 1039 398 aut
1063 374 1093 398 te

200 423 262 443 esse
289 413 468 444 Verrutium
493 414 612 444 fateare.
650 413 869 443 Laudabantur
890 418 1019 441 oratores
1043 422 1088 441 ve-

199 461 286 492 teres,
305 456 404 486 Crassi
420 457 465 486 illi
475 462 503 486 et
518 456 660 493 Antonii,
678 456 759 496 quod
776 456 902 485 crimina
917 455 1031 485 diluere
1046 455 1093 484 di-

199 498 309 536 lucide,
335 499 417 540 quod
442 500 558 540 copiose
574 510 693 529 reorum
710 509 813 529 causas
829 497 998 535 defendere,
1016 497 1093 528 sole-

200 547 279 571 rent.
304 542 462 572 Nimirum
480 543 537 579 illi,
560 552 619 572 non
636 542 757 582 ingenio
770 542 868 571 solum
885 541 931 570 his
946 541 1091 581 patronis,

198 584 250 614 sed
261 584 384 615 fortuna
396 585 499 622 etiam,
516 585 727 626 praestiterunt.
753 585 854 614 Nemo
865 584 945 613 enim
962 590 1034 614 tunc
1050 583 1093 614 ita

198 629 350 666 peccabat,
368 634 402 658 ut
417 628 583 658 defensioni
596 628 696 658 locum
710 638 769 657 non
780 628 982 667 relinqueret:
1000 637 1091 657 nemo

198 668 241 700 ita
256 670 386 708 vivebat,
409 678 443 702 ut
459 672 544 701 nulla
560 673 624 711 ejus
640 672 709 701 vitae
724 681 793 711 pars
809 680 937 700 summae
958 670 1091 710 turpitu-

198 711 277 742 dinis
293 720 368 744 esset
383 725 489 755 expers
502 726 509 744 :
535 725 624 744 nemo
640 715 682 744 ita
694 715 725 744 in
739 714 899 743 manifesto
910 720 1034 753 peccatu
1048 719 1092 743 te-

197 757 337 794 nebatur,
355 763 400 793 ut,
418 768 488 788 cum
501 757 663 797 impudens
678 757 783 787 fuisset
798 757 829 786 in
846 757 936 793 fact0,
949 762 1016 786 tum
1033 756 1092 786 im-

197 798 359 839 pudentior
375 800 537 837 videretur,
555 800 579 829 si
596 806 727 840 negaret.

242 842 335 873 Nunc
359 853 428 872 vero
449 843 524 883 quid
548 843 638 873 faciat
660 842 842 873 Hortensius
856 844 870 872 Ρ
902 842 1089 872 Avaritiaene

197 884 323 915 crimina
338 885 520 925 frugalitatis
534 885 676 915 laudibus
698 886 898 926 deprecetur?
927 885 973 915 At
989 885 1089 915 homi-

196 936 267 957 nem
297 928 578 967 flagitiosissimum,
616 927 911 964 libidinosissimum,
943 929 1090 968 nequissi-

196 979 356 1011 mumque,
374 971 516 1001 defendit.
545 972 599 1001 An
616 973 653 1001 ab
670 972 725 1001 hac
741 973 805 1011 ejus
825 970 963 1007 infamia,
981 972 1089 1011 nequi-

195 1011 247 1049 tia,
259 1019 370 1044 vestros
383 1014 499 1044 animos
515 1014 545 1043 in
562 1015 654 1044 aliani
670 1020 799 1054 partem,
811 1013 996 1043 fortitudinis
1007 1024 1089 1044 corn-

195 1056 423 1093 memoratione,
437 1057 598 1087 traducat?
621 1057 668 1086 At
683 1057 774 1087 homo
789 1057 922 1093 inertior,
939 1056 1087 1097 ignavior,

195 1100 293 1138 magis
308 1099 353 1128 vir
367 1099 444 1129 inter
459 1100 611 1136 mulieres,
635 1100 757 1140 impura
771 1099 849 1129 inter
870 1099 948 1129 viros
963 1100 1088 1130 mulier-

195 1142 273 1177 cula,
291 1142 416 1182 proferri
431 1152 491 1172 non
508 1148 613 1182 potest.
643 1143 689 1172 At
706 1152 803 1172 mores
819 1142 980 1172 commodi.
1008 1143 1087 1180 Quis

195 1185 424 1215 contumacior?
456 1185 524 1226 quis
554 1185 748 1215 inhumanior
761 1187 773 1215 ἓ
807 1185 874 1225 quis
904 1186 1059 1225 superbior
1073 1189 1086 1217 ‚⁹

194 1227 241 1257 At
256 1227 320 1257 haec
335 1228 399 1258 sine
420 1229 601 1268 cujusquam
623 1228 714 1258 malo.
750 1228 830 1265 Quis
851 1228 994 1265 acerbior,
1018 1229 1087 1269 quis

193 1269 372 1307 insidiosior,
386 1271 455 1312 quis
471 1271 629 1307 crudelior,
646 1281 782 1312 unquam
800 1271 884 1301 fuit?
910 1272 947 1300 In
960 1271 1016 1302 hoc
1032 1272 1087 1302 ho-

194 1313 286 1349 mine,
305 1319 397 1354 atque
413 1314 444 1343 in
461 1314 610 1353 ejusmodi
626 1315 726 1351 causa,
744 1314 818 1354 quid
834 1314 965 1343 facerent
981 1324 1085 1345 omnes

194 1356 293 1386 Crassi
315 1362 344 1386 et
365 1357 518 1387 Antonii?
542 1357 692 1393 Tantum,
718 1357 835 1397 opinor,
862 1357 1018 1393 Hortensi,
1046 1358 1085 1388 ad

192 1409 315 1430 causam-
330 1409 389 1429 non
406 1400 589 1436 accederent,
607 1410 655 1436 ne,
680 1400 710 1429 in
734 1400 856 1430 alterius
880 1400 1083 1440 impudentia,

192 1441 239 1471 sui
255 1442 377 1482 pudoris
393 1443 647 1473 existimationem
667 1443 848 1472 amitterent.
883 1443 986 1472 Liberi
1002 1444 1083 1473 enim

191 1484 230 1514 ad
242 1495 346 1514 causas
362 1486 512 1526 solutique
524 1486 703 1520 veniebant;
728 1496 826 1526 neque
842 1486 1082 1523 committebant,

191 1533 236 1563 ut,
254 1527 278 1556 si
293 1527 484 1567 impudentes
507 1528 537 1558 in
553 1528 740 1558 defendendo
761 1539 822 1559 esse
838 1529 1013 1567 noluissent,
1037 1530 1085 1559 in-

191 1570 270 1612 grati
281 1570 313 1600 in
329 1570 491 1602 deserendo
507 1571 760 1602 existimarentur.
