1181 1902
206 161 247 191 52
292 160 383 192 PRO
407 160 574 193 ROSCIO
596 160 828 193 AMERINO.
854 160 937 192 CAP.
957 161 1005 191 18.

203 256 266 276 esse
278 247 470 278 arbitrantur.
494 248 580 286 Quid
595 258 695 278 censes
709 247 791 278 hunc
805 247 906 288 ipsum
922 247 992 277 Sex.
1010 245 1089 276 Ros-

201 289 294 325 cium,
312 300 372 331 quo
388 291 497 329 studio,
514 298 543 321 et
558 291 619 332 qua
634 290 833 331 intelligentia
848 301 909 320 esse
924 290 955 319 in
971 289 1089 319 rusticis

202 334 291 362 rebus
305 336 318 363 Ρ
343 334 387 363 Ut
402 344 438 363 ex
451 334 497 364 his
512 335 688 374 propinquis
704 335 779 372 ejus,
796 333 969 363 hominibus
980 332 1088 362 hones-

201 375 334 412 tissimis,
362 377 463 414 audio,
489 387 549 406 11011
574 384 606 407 tu
633 377 664 406 in
691 377 747 406 isto
765 376 889 406 artificio
907 374 1089 406 accusatorio

201 418 336 448 callidior
359 430 399 456 es,
420 430 513 460 quam
538 420 586 450 hic
608 420 640 449 in
665 430 728 449 suo.
763 420 890 455 Verum,
915 425 949 448 ut
970 418 1088 458 opinor,

202 462 347 501 quoniam
369 463 411 492 ita
434 463 630 503 Chrysogono
653 462 780 498 videtur,
800 462 853 502 qui
879 461 950 491 huic
967 461 1091 490 nullum

201 504 351 544 praedium
367 505 498 545 reliquit,
524 512 552 535 et
570 505 730 535 artificium
753 504 957 541 obliviscatur,
979 509 1008 533 et
1026 508 1090 533 stu-

201 547 287 576 dium
304 548 443 588 deponat‚
460 549 569 578 licebit.
594 548 687 585 Quod
703 548 821 578 tametsi
842 547 986 576 miserum
1003 552 1031 576 et
1043 546 1091 575 in-

202 589 331 629 dignum
345 597 398 627 est,
416 591 488 620 feret
504 597 605 621 tamen
623 601 709 631 aequo
730 591 843 628 animo,
857 589 984 628 judices,
997 589 1021 619 si
1036 599 1091 629 per

201 643 253 663 vos
269 634 363 663 vitam
387 640 416 663 et
431 634 545 664 faniam
570 639 667 674 potest
685 633 827 663 obtinere.
864 633 933 662 Hoc
949 642 1018 662 vero
1033 637 1089 668 est,

201 676 283 715 quod
299 676 368 706 ferri
381 686 439 705 non
453 682 560 717 potest,
578 677 602 706 si
615 683 643 706 et
654 677 685 706 in
698 676 775 706 hanc
791 676 991 706 calamitatem
1008 674 1090 705 venit

200 725 322 759 propter
344 720 526 759 praediorum
548 720 712 749 bonitatem
736 726 765 749 et
786 718 1025 754 multitudinem,
1048 722 1089 755 et,

201 762 283 801 quod
305 773 339 792 ea
361 762 492 792 studiose
511 763 614 799 coluit7
632 763 662 792 id
686 762 740 792 erit
762 762 789 792 ei
811 761 945 791 maxime
967 760 1088 795 fraudi;

200 810 235 834 ut
249 815 357 844 parum
371 805 497 835 miseriae
509 805 556 841 sit,
581 805 663 845 quod
675 805 740 834 aliis
753 805 855 841 coluit,
874 814 933 834 non
946 803 1014 842 sibi,
1031 803 1090 833 nisi

200 847 303 883 etiam,
321 848 402 888 quod
418 848 541 878 omnino
554 849 656 885 coluit,
673 848 791 878 crimini
806 847 906 877 fuerit.

243 890 375 920 xvssl.
401 891 460 920 Nae
481 897 525 926 tu,
546 891 650 929 Eruci,
667 897 820 921 aecusator
835 901 910 920 esses
930 889 1088 927 ridiculus,

200 931 224 961 si
235 932 294 963 illis
307 934 492 973 temporibus
502 940 590 963 natus
603 945 693 972 esses,
709 944 779 964 cum
796 935 833 963 ab
849 938 947 963 aratro
962 943 1089 962 arcesse-

199 975 322 1013 bantur,
345 976 399 1016 qui
414 977 550 1006 consules
575 977 688 1006 fierent.
723 977 859 1013 Etenim,
885 976 938 1016 qui
964 985 1090 1015 praeesse

199 1028 272 1058 agro
287 1019 411 1049 colendo
424 1019 572 1059 flagitium
583 1026 681 1059 putes,
698 1020 830 1060 profecto
839 1019 928 1048 illum
940 1018 1088 1055 Atilium,

199 1071 291 1101 quem
304 1062 359 1092 sua
375 1072 468 1092 manu
485 1069 674 1102 spargentem
691 1073 804 1099 semen,
818 1062 871 1103 qui
886 1061 969 1091 missi
990 1067 1087 1098 erant,

199 1111 414 1141 convenerunt,
431 1105 586 1135 hominem
603 1106 811 1146 turpissimum
835 1111 925 1145 atque
947 1104 1088 1134 inhones-

199 1146 350 1177 tissimum
361 1148 519 1187 judicares.
543 1149 600 1185 At,
612 1148 742 1184 hercule,
756 1149 883 1187 majores
894 1147 985 1177 nostri
997 1147 1087 1187 longe

199 1190 285 1219 aliter
306 1197 336 1221 et
351 1191 387 1221 de
403 1191 455 1221 illo
471 1197 500 1221 et
520 1191 558 1221 de
572 1191 684 1221 ca‘teris
707 1191 818 1221 talibus
841 1190 909 1221 viris
933 1189 1086 1220 existima-

198 1233 281 1262 bant.
321 1234 431 1274 Itaque
456 1244 493 1264 ex
518 1234 648 1264 minim-Cr
672 1234 908 1274 tenuissimfique
931 1232 1087 1273 republica

197 1276 365 1307 maximam
387 1282 415 1306 et
431 1277 671 1307 florentissimam
692 1277 778 1307 nobis
790 1277 984 1317 reliquerunt.
1009 1277 1088 1305 Suos

197 1327 278 1347 811111
305 1330 391 1358 agros
410 1319 540 1350 studiose
561 1320 718 1357 colebant3
756 1330 817 1349 non
841 1319 952 1349 alienos
977 1318 1085 1358 cupide

196 1363 313 1400 appete
316 1367 399 1392 iant
434 1362 545 1402 quibus
571 1364 670 1399 rebus,
698 1369 727 1393 et
750 1362 828 1402 agris
854 1368 883 1392 et
909 1362 1034 1394 urbibus
1055 1366 1085 1390 et

196 1403 369 1434 nationibus
396 1406 615 1445 rempublicam
645 1411 736 1446 atque
765 1406 821 1434 hoc
850 1405 1024 1445 imperium,
1056 1409 1086 1433 et

196 1447 302 1486 populi
313 1448 446 1477 Romani
459 1458 580 1484 nomen
594 1455 754 1478 auxerunt.
780 1449 889 1488 Neque
901 1458 955 1488 ego
971 1447 1035 1477 haec
1050 1457 1085 1476 eo

198 1489 327 1529 profero,
345 1501 405 1538 quo
421 1471 601 1521 conferenda
625 1492 683 1520 sint
708 1501 777 1521 curn
801 1491 891 1529 hisce,
913 1491 951 1521 de
972 1490 1084 1531 quibus

197 1541 278 1562 nunc
291 1544 342 1572 qu:
335 1534 476 1563 erimus·
468 1557 477 1569 ‚
503 1534 552 1563 sed
565 1540 599 1563 ut
615 1533 691 1563 illud
706 1534 830 1573 intellig
825 1539 903 1570 rtur,
915 1543 985 1563 cum
1000 1532 1084 1573 apud.

196 1576 325 1613 majores
349 1582 464 1606 nostros
487 1577 599 1606 summi
621 1577 674 1606 viri
698 1576 914 1616 clarissimique
932 1575 1081 1613 homines,

197 1618 250 1657 qui
266 1618 349 1648 omni
366 1625 499 1659 tempore
520 1620 557 1649 ad
575 1620 779 1656 ‹rubemacula
795 1619 967 1659 reipublieae
983 1618 1083 1648 sedere

196 1660 356 1697 debebant,
374 1668 473 1692 tamen
495 1662 525 1691 in
547 1662 625 1702 agris
649 1673 770 1702 quoque
793 1662 924 1692 colendis
943 1661 1081 1701 aliquan-

196 1708 262 1732 tum
279 1714 376 1743 operae
388 1705 589 1745 temporisque
605 1705 841 1740 consumserint;
867 1704 979 1744 ignosci
994 1714 1083 1744 opor-

195 1750 257 1776 tere
272 1747 298 1776 ei
314 1747 441 1783 homini,
465 1748 519 1788 qui
543 1759 573 1778 se
594 1748 724 1778 fatentur
744 1758 806 1778 esse
829 1748 987 1783 rusticum,
1011 1756 1082 1776 culn

194 1788 257 1819 ruri
281 1789 418 1821 assiduus
441 1800 560 1832 semper
584 1791 711 1827 vixerit3
736 1800 806 1822 cuin
824 1789 991 1831 praescrtiiu
1006 1789 1083 1820 nihil
