1181 1902
259 77 309 108 IN
333 76 529 108 VERREM
559 75 617 106 IV.
641 75 724 107 CAP.
747 77 796 110 78.
906 77 968 106 365

83 162 215 204 perisse:
240 173 350 201 unum,
366 163 504 203 inquam,
517 162 557 192 da
571 162 647 192 mihi
661 172 699 192 ex
714 161 773 191 inis
787 162 966 200 aratoribus,

83 206 138 246 qui
153 206 208 237 tibi
229 207 276 236 vel
296 206 336 236 ad
357 211 486 235 statuam
508 205 667 245 pecuniam
688 205 890 242 contulerunt,
913 205 967 246 qui

83 249 140 278 sibi
162 249 241 280 dicat
256 259 310 290 pro
325 248 479 278 frumento
493 257 583 277 omne
599 258 671 285 esse,
693 247 775 288 quod
789 248 965 288 oportuerit,

82 291 226 322 solutum.
263 291 429 327 Confismo,
452 290 580 329 Jid1ce5‚
605 290 758 320 neminem
782 301 844 321 esse
867 290 965 321 dictu-

81 343 160 364 rum.

124 376 319 407 LXXVIII.
343 377 394 406 Ex
414 376 497 406 omni
521 375 660 416 pecunia⁷
682 386 774 416 quam
797 376 964 407 aratoribus

79 419 192 450 solvere
216 419 356 455 debuisti,
382 419 468 449 certis
491 418 665 448 nominibus
687 419 879 449 deductiones
899 419 962 449 fieri

78 462 236 493 solebant:
260 462 394 503 primum
419 472 473 502 pro
495 461 676 509 spectatione
696 467 725 491 ct
747 462 885 509 collybo;
910 462 962 492 de-

76 504 147 535 inde
170 516 224 546 pro
248 505 347 535 nescio
371 514 433 545 quo
454 504 574 534 cerario-
601 504 678 534 Haec
701 505 814 540 onmia,
833 504 961 543 judices,

75 556 136 577 non
147 558 247 578 rerum
258 554 418 584 certarum,
431 547 483 577 sed
492 547 643 576 furtorum
653 546 960 587 improbissimorum,

74 596 145 620 sunt
161 591 315 621 vocabula.
339 591 424 620 Nam
447 590 583 630 collybus
604 599 665 619 esse
689 590 742 630 qui
758 595 867 630 potest,
889 600 959 620 cum

71 638 197 663 utantur
217 644 321 664 omnes
340 643 402 663 uno
428 643 535 673 genere
556 632 779 662 nummorum?
802 633 959 663 Cerarium

73 685 143 706 vero
159 676 259 717 quid?
284 675 436 717 quomodo
458 676 514 705 hoc
532 685 642 705 nornen
658 675 696 704 ad
711 675 839 705 rationes
861 676 960 716 magi-

72 721 193 755 stratus,
215 719 367 760 quomodo
391 718 429 748 ad
454 718 614 758 pecuniam
640 718 806 758 publicam,
829 718 957 748 allatum

71 766 115 791 est
128 763 142 791 {a
168 762 250 792 Nam
262 762 339 792 illud
354 771 448 802 genus
464 761 586 790 tertium
602 760 788 791 deductionis
803 767 866 790 erat
878 762 902 800 ej
908 772 958 791 us-

70 804 164 842 modi,
187 805 273 845 quasi
288 814 348 835 non
368 804 459 834 modo
472 804 584 840 liceret,
607 803 658 833 sed
673 803 763 833 etiarn
783 809 931 844 oporteret
945 815 954 840 ;

69 856 124 877 nec
140 848 238 877 50111111
253 853 412 888 oporteret,
430 846 480 876 sed
495 846 584 886 plane
604 856 720 876 necesse
735 855 818 876 esset.
843 847 956 877 Scribae

69 890 204 928 nomine,
220 890 258 920 de
273 891 336 920 tota
350 888 477 931 pecunia
492 889 570 918 binae
581 888 841 929 quinquagesimae
856 889 955 919 detra-

68 931 228 963 hebantur.
253 933 332 971 Quis
356 933 412 963 tibi
434 933 491 962 hoc
511 932 676 962 concessit?
699 943 769 972 quae
787 932 860 962 lex?
883 943 952 972 quae

67 978 186 1006 senatus
207 976 391 1006 auctoritas?
415 986 483 1016 quae
503 985 592 1015 porro
618 974 754 1015 aequitas,
778 980 812 1004 ut
834 981 951 1005 tantam

64 1019 224 1057 pecuniam
240 1018 421 1048 scribamus
444 1017 635 1058 [averreren]
662 1017 722 1047 sive
737 1017 774 1047 de
797 1023 950 1048 aratorum

65 1061 162 1097 bonis,
180 1061 241 1091 sive
255 1061 292 1091 de
307 1061 414 1102 populi
430 1060 563 1090 Romani
578 1060 798 1100 vectigalibus?

107 1104 203 1142 Nam,
220 1104 244 1134 si
264 1110 361 1144 potest
375 1104 432 1134 ista
446 1103 574 1144 pecunia
589 1103 652 1133 sine
669 1109 821 1133 aratorum
837 1103 950 1143 injuria

63 1146 198 1183 detrahi3
231 1147 363 1187 populus
389 1147 548 1177 Romanus
573 1146 694 1183 habeat,
724 1147 889 1187 praesertim
916 1147 948 1177 in

63 1189 154 1219 tantis
183 1190 279 1220 aerarii
307 1189 463 1230 angustiis.
498 1189 551 1219 Sin
578 1194 681 1218 autem
708 1196 736 1219 et
761 1190 893 1230 populus
916 1190 948 1220 id

62 1232 169 1270 voluit,
186 1239 216 1263 et
233 1243 355 1273 aequum
372 1233 415 1262 ita
434 1238 489 1269 est,
506 1232 581 1261 solvi
596 1232 783 1269 aratoribusg
808 1239 878 1262 tuus
894 1243 948 1273 ap-

60 1275 184 1315 paritor,
206 1286 299 1316 parva
319 1275 454 1305 mercede
474 1275 581 1323 populi
600 1275 776 1313 conductus,
798 1275 836 1305 de
851 1281 949 1305 arato-

61 1328 129 1347 rum
146 1319 233 1348 bonis
255 1318 466 1359 praedabitur?
491 1324 520 1347 et
543 1318 575 1347 in
593 1317 651 1348 hac
670 1328 759 1348 causa
781 1318 947 1348 scribarum

59 1360 194 1391 ordinem
225 1361 257 1390 in
283 1371 333 1391 me
362 1361 523 1392 concitabit
550 1360 758 1391 Hortensius?
787 1366 817 1391 et
842 1371 949 1391 eorum

57 1404 217 1434 commoda
240 1414 258 1434 a
280 1413 330 1434 me
351 1404 535 1440 labefactam
560 1409 651 1444 atque
676 1403 848 1444 oppugnari
863 1404 945 1443 jura,

57 1445 159 1476 dicet?
182 1447 269 1488 quasi
291 1457 360 1477 vero
382 1447 440 1477 hoc
463 1446 565 1477 scribis
588 1447 652 1476 ullo
673 1447 813 1488 exemplo
834 1446 872 1476 sit
891 1453 945 1477 aut

57 1489 122 1519 ullo
145 1490 213 1529 jure
237 1500 420 1520 concessum.
445 1489 531 1526 Quid
554 1499 624 1538 ergo
653 1495 753 1519 vetera
781 1492 943 1530 repetam?

57 1538 110 1562 aut
132 1532 207 1573 quid
222 1543 327 1563 eorum
348 1533 513 1563 scribarum
529 1532 714 1562 mentionem
729 1532 850 1567 faciam,
867 1543 943 1573 quos

56 1581 173 1604 constat
194 1576 395 1606 sanctissimos
412 1575 550 1605 homines
570 1581 660 1616 atque
683 1575 942 1605 innocentissimos

55 1616 168 1648 fuisse.
161 1620 175 1640 ⁹
200 1619 272 1648 Non
291 1629 342 1649 me
361 1618 451 1658 fugit
466 1619 500 1657 ju
503 1619 593 1656 dices,
612 1624 712 1648 vetera
727 1618 867 1658 exempla
887 1628 942 1658 pro

55 1659 131 1690 fictis
157 1660 268 1691 fabulis
286 1662 352 1700 jam
373 1661 471 1691 audiri
492 1666 583 1702 atque
605 1661 719 1691 haberi.
744 1662 782 1691 In
801 1661 848 1690 his
864 1666 941 1690 tem-

53 1703 177 1742 poribus
203 1706 341 1735 versabor
360 1704 477 1734 miseris
498 1715 532 1734 ac
554 1704 688 1744 perditis.
712 1705 832 1744 Nuper,
859 1703 942 1733 Hor-

53 1745 141 1784 tensi,
167 1752 297 1787 quaestor
321 1747 414 1778 fuisti.
450 1747 536 1786 Quid
562 1747 608 1778 tui
622 1747 727 1778 scribae
750 1746 885 1782 fecerint,
908 1752 943 1778 tu

642 1792 661 1820 ‘3
680 1799 692 1820 1
709 1792 728 1821 ὃ
