1181 1902
164 33 227 63 320
346 31 396 61 IN
420 30 616 61 VERREM
642 31 701 62 IV.
718 32 800 62 CAP.
818 32 870 62 34.

167 117 270 148 nex-it?
293 117 389 147 Anno
409 127 478 148 vero
499 117 596 153 tertio,
621 117 652 147 in
673 117 729 148 hoc
747 128 818 157 agro
839 116 1055 147 consuetudine

169 171 241 191 usus
258 166 301 190 est
313 160 404 199 regist.

215 203 382 233 XXXHI.
407 203 519 239 Solere,
536 203 632 239 aiunt,
647 204 787 233 barbaros
797 214 880 243 reges
892 203 1054 233 Persarum

171 257 206 277 ac
222 247 368 286 Syrorum
387 246 488 287 plures
504 256 612 276 uxores
626 246 735 276 habere
748 257 758 281 ς
782 246 828 275 his
840 252 943 275 autern
955 245 1058 275 uxori-

171 291 230 319 bus
246 289 378 319 civitates
393 289 566 327 attribuere,
582 289 639 319 hoe
651 289 740 319 modo
753 300 760 318 :
786 289 863 318 Haec
875 288 977 319 civitas
988 298 1058 318 mu-

172 332 239 362 lieri
254 331 466 362 redimiculum
482 333 633 372 praebeat;
658 332 721 362 haec
736 332 767 361 in
790 332 923 366 collum;
947 332 1012 361 haec
1026 331 1059 360 in

172 375 284 405 crines:
308 374 350 404 ita
364 375 492 415 populos
507 375 619 404 habent
630 375 794 411 universos,
810 384 871 404 non
884 374 981 404 solum
990 383 1061 404 con-

174 418 249 448 scios
263 417 397 447 libidinis
418 428 490 453 sure,
513 427 618 448 verum
634 417 724 447 etiam
740 417 941 447 administros.
965 417 1062 447 Eam-

174 461 245 491 dem
266 460 363 497 istius,
389 460 442 501 qui
462 471 492 490 se
516 470 617 500 regem
638 460 810 490 Siculorum
835 470 896 490 esse
920 460 1060 498 ducebat,

174 503 328 534 licentiam
339 503 557 543 libidinemque
567 502 658 533 fuisse
673 503 849 543 cognoscite.
874 503 1063 533 AEschrionis

176 546 356 587 Syracusani
372 556 449 576 uxor
464 552 507 576 est
529 546 647 586 Pippa;
672 547 760 586 cujus
778 556 887 576 nomen
909 546 995 575 istius
1010 555 1064 576 ne-

176 589 275 630 quitia
290 589 353 619 tota
369 589 470 619 Sicilia
485 589 698 629 pervulgatum
714 595 775 619 est:
801 589 838 618 de
853 589 915 630 qua
936 589 1065 619 muliere

175 642 279 663 versus
294 632 419 672 plurimi
431 642 522 672 supra
536 632 669 662 tribunal
680 638 708 662 et
724 643 813 672 supra
828 631 963 672 praetoris
975 637 1066 672 caput

177 675 392 705 scribebantur.
418 675 479 704 Hic
494 674 646 711 AEschrio,
664 675 772 715 Pippae
787 675 832 704 vir
852 675 1063 712 adumbratus,

177 718 210 748 in
227 717 459 748 Herbitensibus
475 717 609 747 decumis
631 727 727 748 novus
742 718 910 747 instituitur
929 718 1066 758 publica-

177 771 245 791 nus.
263 761 459 790 Herbitenses
466 771 536 790 cum
546 760 692 797 viderent,
700 760 725 790 si
734 761 772 790 ad
781 760 991 791 AEschrionem
999 771 1068 801 pre-

178 804 257 834 tium
272 802 466 844 [recidissee]
481 814 511 833 se
520 803 558 833 ad
568 803 727 833 arbitrium
737 803 990 833 libidinosissimae
998 814 1069 833 mu-

179 846 260 876 lieris
275 846 437 886 spoliatum
453 846 512 881 iri;
536 846 611 876 liciti
636 852 706 876 sunt
726 857 823 887 usque
846 856 891 884 eo,
914 846 1014 886 quoad
1039 856 1070 876 se

181 889 295 919 efficere
310 899 396 930 posse
411 889 643 919 arbitrabantur.
668 890 768 930 Supra
783 889 892 929 adjecit
907 889 1065 919 AEschrio:

182 942 281 973 neque
297 932 379 962 enim
394 934 560 969 metuebat,
577 942 625 969 ne,
642 939 768 973 praetore
781 933 887 969 Verre,
900 932 1070 962 decumana

182 975 293 1005 mulier
318 975 430 1005 damno
454 975 531 1005 affici
554 982 662 1015 posset.
690 975 855 1005 Addicitur
878 975 1070 1005 medimnum

182 1018 316 1048 XXXV
328 1018 475 1053 millibus,
488 1018 615 1048 dimidio
626 1018 687 1048 fere
696 1019 803 1059 pluris,
815 1028 908 1059 quam
919 1018 1071 1059 superiore

182 1071 272 1091 anno.
296 1062 441 1091 Aratores
456 1061 594 1091 funditus
615 1063 843 1097 evertebantur;
868 1067 897 1092 et
912 1072 947 1091 eo
961 1061 1071 1102 magis,

183 1104 266 1145 quod
279 1105 344 1143 jam
356 1104 559 1144 superioribus
571 1105 658 1134 annis
673 1105 813 1134 exhausti
828 1110 922 1143 erant,
940 1115 974 1135 ac
985 1114 1073 1145 paene

183 1147 302 1188 perditi.
328 1147 483 1177 Intellexit
506 1147 572 1184 iste,
594 1148 636 1178 ita
659 1158 771 1188 magno
794 1148 922 1184 venisse,
948 1154 982 1177 ut
1007 1158 1073 1177 arn-

183 1191 265 1231 plius
288 1191 326 1220 ab
348 1190 582 1220 Herbitensibus
602 1191 733 1231 exprimi
752 1200 813 1220 non
833 1196 941 1231 posset.
966 1190 1074 1220 Demit

183 1233 222 1263 de
245 1233 342 1274 capite
364 1233 554 1263 medimnum
580 1242 639 1264 cm
669 1243 727 1264 cm
756 1243 813 1264 cm
840 1242 886 1263 Dc
900 1245 907 1263 :
929 1234 1017 1272 jubet
1040 1234 1072 1263 in

183 1277 315 1314 tabulas,
343 1286 398 1316 pro
423 1277 614 1306 medimnum
642 1276 773 1307 XXXV
795 1276 942 1315 millibus,
970 1276 1074 1306 referri

185 1318 305 1349 XXXI
326 1319 424 1349 millia
443 1324 473 1349 et
494 1319 614 1350 CCCC.
638 1319 756 1350 Hordei
775 1319 917 1350 decumas
935 1319 1073 1359 ejusdem

183 1362 249 1403 agri
264 1362 413 1392 Docimus
428 1368 550 1392 emerat.

229 1405 392 1435 XXXIV.
418 1405 479 1435 Hic
494 1411 538 1435 est
552 1404 712 1441 Docimus,
729 1405 782 1446 qui
797 1405 836 1435 ad
847 1405 941 1435 istum
956 1404 1075 1436 dedux-

187 1454 251 1478 erat
272 1448 421 1485 Tertiam,
447 1448 556 1478 Isidori
571 1448 660 1478 mimi
674 1448 781 1485 filiam,
803 1448 833 1478 vi
857 1448 1020 1478 abductam
1037 1450 1075 1479 ab

188 1491 310 1521 Rhodio
336 1491 466 1521 tibicine.
491 1491 597 1530 Hujus
623 1491 736 1522 Tertiae
756 1492 826 1532 plus
852 1491 955 1525 etiam,
981 1502 1075 1532 quam

188 1533 308 1574 Pippae‚
325 1534 394 1574 plus
410 1545 503 1574 quam
520 1540 707 1572 caeterarum,
724 1545 758 1565 ac
773 1544 866 1575 prope
881 1534 991 1571 dicam,
1009 1539 1077 1564 tan-

188 1582 256 1606 tum
271 1576 353 1617 apud
368 1577 461 1607 istum
484 1577 514 1606 in
531 1577 678 1608 Sicih'ensi
700 1577 831 1618 praeturfi
846 1577 1005 1607 auctoritas
1024 1588 1077 1607 va-

189 1618 258 1655 luit⁷
279 1626 429 1660 quantum
445 1620 476 1649 in
492 1621 610 1650 urbana
626 1620 810 1651 Chelidonis.
834 1620 973 1650 Veniunt
996 1620 1078 1650 Her-

189 1661 284 1693 bitam
300 1662 362 1694 duo
381 1663 516 1704 praetoris
540 1663 643 1694 aemuli
659 1674 719 1695 non
737 1663 867 1701 molesti,
883 1663 1077 1694 muliercula-
