1181 1902
251 70 300 102 IV
324 69 521 101 VERREM
546 69 588 101 V.
613 70 698 102 CAP.
727 72 776 101 12.
897 71 960 107 397

71 154 164 186 frater
181 165 279 192 meus7
296 156 418 187 summa
432 156 556 187 illorum
568 157 734 194 voluntate,
750 156 882 187 divertit.
914 158 968 189 Se.

74 204 160 228 nator
185 199 292 239 populi
318 200 464 236 Romani,
490 199 572 240 quod
588 201 620 230 in
636 200 720 229 vobis
735 200 805 236 fuit,
822 200 853 230 in
869 207 966 232 vestro

73 241 184 282 oppido
197 242 294 281 jacuit
319 248 348 272 et
369 243 556 283 pernoctavit
576 243 607 272 in
633 243 765 283 publico.
792 243 890 273 Nulla
910 244 968 275 hoc

72 284 176 315 civitas
200 295 338 325 unquam
360 286 418 315 alia
443 285 603 316 commisit.
636 285 784 315 Amicum
800 286 882 316 enim
898 297 968 318 nos-

73 332 155 357 trum
171 327 203 357 in
217 328 367 367 judicium
393 329 529 358 vocabas.
562 328 626 364 Tu,
649 328 723 369 quid
747 339 802 368 ego
823 329 967 369 privatim

71 371 185 410 negotii
206 381 321 411 geram,
345 371 590 412 interpretabere,
618 371 829 401 imminuendo
851 372 965 404 honore

70 414 218 444 senatorio
230 415 243 444 ?

115 456 230 487 Verum
246 456 310 487 haec
325 462 392 487 tum
407 467 581 497 queremur,
598 457 623 488 si
638 457 713 498 quid
735 457 772 488 de
798 459 883 489 vobis
908 469 964 500 per

76 509 148 529 eum
175 500 313 530 ordinem
340 506 457 540 agetur,
482 500 535 540 qui
556 500 628 530 ordo
644 511 662 530 a
680 500 765 530 vobis
780 501 880 532 adhuc
895 502 965 533 solis

73 549 241 572 contemtus
265 549 318 573 est.
343 544 380 573 In
404 543 510 583 populi
526 543 660 573 Romani
685 543 809 584 quidem
825 554 966 585 conspec-

72 590 151 623 tum,
168 595 229 626 quo
247 596 297 616 ore
313 596 364 616 vos
385 585 600 616 commisistis?
623 595 678 616 nec
692 586 777 626 prius
792 586 877 617 illam
898 598 967 618 cru-

73 638 150 664 cem,
168 639 237 668 quae
251 629 342 658 etiam
358 639 439 659 nunc
454 629 526 659 civis
543 629 677 659 Romani
693 629 840 669 sanguine
855 630 967 660 redun-

73 671 136 707 dat,
154 682 223 712 quae
238 672 299 701 fixa
315 678 359 702 est
379 672 417 701 ad
439 678 563 712 portum
578 673 747 712 urbemque
762 678 903 711 vestram,
921 684 968 704 re-

72 714 209 750 vellistis,
228 725 326 755 neque
350 715 382 745 in
407 714 595 755 profundum
619 715 778 753 abjecistis,
804 716 968 757 locumque

75 757 163 787 illum
180 767 303 788 omnem
319 758 473 798 expiasti&
491 768 584 798 quam
601 757 735 787 Romam
751 764 845 799 atque
864 759 896 788 in
912 759 968 790 ho-

74 810 145 830 rum
171 807 353 831 conventum
380 800 523 830 adiretis?
549 801 586 830 In
614 800 873 831 Mamertinorum
904 803 968 833 solo

75 843 218 873 foederato
233 850 325 884 atque
339 850 445 884 pacato
460 843 685 873 monimentum
701 843 786 874 istius
806 845 968 875 crudelita-

73 886 112 916 tis
138 887 334 917 constitutum
362 892 414 917 est.
458 886 608 916 vestrane
629 888 702 916 urbs
729 887 823 917 electa
846 894 900 925 est,
928 888 968 918 ad

78 940 173 970 quam
189 940 258 960 cum
275 930 392 959 adirent
414 940 452 959 ex
470 929 572 966 Italia,
597 939 717 960 crucem
738 929 810 960 civis
831 931 967 961 Romani

75 973 170 1012 prius,
184 983 277 1013 quam
287 982 475 1013 quemquam
490 972 622 1002 amicum
639 972 745 1013 populi
762 973 907 1009 Romani,
923 974 968 1004 vi-

75 1015 180 1045 derent
193 1018 206 1046 ?
231 1026 324 1056 quam
340 1026 391 1046 vos
408 1015 567 1056 Rheginis,
581 1025 713 1056 quorum
725 1015 839 1046 civitati
851 1016 968 1047 invide·

79 1058 128 1095 tis,
144 1059 218 1089 item
234 1059 339 1089 incolis
355 1059 469 1095 vestris,
491 1058 606 1089 civibus
631 1058 791 1095 Romanis,
812 1059 968 1090 ostendere

80 1101 193 1139 soletis,
209 1112 271 1143 quo
291 1102 395 1132 minus
411 1102 467 1132 sibi
489 1107 639 1141 arrogent‚
656 1101 820 1142 minusque
840 1112 892 1132 vos
915 1102 968 1133 de-

79 1144 219 1185 spiciant,
236 1155 307 1175 cum
323 1144 445 1175 videant
460 1145 511 1184 jus
526 1144 654 1175 civitatis
675 1144 729 1174 illo
741 1145 891 1186 supplicio
906 1156 968 1176 esse

73 1193 251 1218 mactatum.

121 1231 203 1261 XII.
227 1231 345 1262 Verum
371 1230 436 1261 haec
462 1231 569 1261 emisse
594 1237 624 1261 te
652 1231 735 1262 dicis.
770 1231 882 1269 Quid?
913 1232 968 1263 issa

79 1273 225 1312 Attalica,
250 1274 314 1304 tota
338 1274 439 1304 Sicilia
459 1275 627 1311 nominata,
644 1275 682 1304 ab
698 1274 803 1304 eodem
820 1275 901 1305 Heio
916 1286 970 1316 pe-

79 1317 273 1358 ripetasmata
289 1327 387 1347 emere
407 1317 519 1347 oblitus
534 1327 564 1347 es
578 1319 591 1348 ?
625 1317 728 1347 Licuit
744 1317 849 1347 eodem
865 1318 968 1357 modo,

78 1366 114 1390 ut
136 1360 230 1401 signa.
255 1360 342 1398 Quid
357 1360 438 1390 enim
455 1366 556 1390 actum
578 1361 648 1390 est?
672 1360 727 1390 An
750 1360 844 1391 literis
863 1371 970 1402 peper-

77 1402 142 1433 cisti
155 1404 169 1433 Ρ
194 1403 311 1434 Verum
326 1403 483 1433 hominem
498 1410 650 1434 amentem
665 1403 723 1433 hoc
737 1402 836 1443 fugit:
866 1404 970 1435 minus

78 1446 195 1476 clarum
219 1447 338 1486 putavit
361 1446 435 1483 fore,
459 1446 542 1487 quod
563 1446 602 1476 de
616 1445 757 1484 armario,
777 1456 871 1487 quam
887 1447 970 1488 quod

79 1489 117 1519 de
141 1489 279 1527 sacrario,
303 1495 378 1519 esset
400 1490 547 1519 ablatum.
570 1490 618 1519 At
641 1489 794 1530 quomodo
816 1490 941 1520 abstulit
954 1492 969 1521 ‚⁹

80 1541 142 1562 non
169 1542 294 1572 possum
320 1532 418 1562 dicere
441 1532 574 1573 planius,
602 1542 695 1573 quam
716 1532 779 1572 ipse
814 1533 897 1573 apud
916 1543 970 1564 vos

81 1574 160 1605 dixit
175 1575 282 1605 Heius.
307 1575 388 1606 Cum
404 1577 591 1616 quaesissem,
604 1574 757 1615 numquid
772 1575 855 1605 aliud
867 1575 905 1606 de
914 1577 970 1606 bo-

81 1618 128 1647 nis
138 1619 203 1657 ejus
212 1618 394 1658 pervenisset
409 1618 448 1648 ad
459 1618 599 1655 Verrem,
611 1618 765 1658 respondit
777 1618 870 1648 istum
886 1619 924 1648 ad
939 1629 971 1649 se

79 1661 205 1698 misisse,
227 1666 261 1691 ut
281 1661 338 1691 sibi
358 1661 490 1691 mitteret
504 1661 711 1701 Agrigentum
726 1661 968 1702 peripetasmata.

78 1703 216 1741 Quaesivi
225 1714 263 1734 an
278 1704 415 1735 misisset.
438 1704 608 1745 Respondit
619 1703 662 1742 id,
673 1703 756 1745 quod
767 1714 884 1735 necesse
895 1710 970 1742 erat,

77 1746 189 1777 scilicet
202 1746 282 1777 dieto
292 1747 467 1780 audientem
482 1747 574 1779 fuisse
588 1746 729 1790 praetori·
754 1747 879 1779 misisse.
904 1747 968 1778 Ro-

120 1790 342 1828 (Οιᾙατμοῐ
361 1799 385 1822 1.
685 1791 752 1822 2M
