1181 1902
234 72 295 103 402
419 71 470 102 IN
494 70 690 102 VERREM
715 71 755 102 V.
781 71 864 103 CAP.
885 72 932 103 18.

232 157 354 187 tabulas
368 157 493 188 omnino
502 157 603 188 nullas
613 157 748 198 proferas
758 168 767 194 ς
792 167 893 188 nonne
904 163 943 195 te,
960 163 990 188 et
1000 158 1126 199 prolatis

235 205 266 230 et
277 210 337 230 non
353 200 477 240 prolatis
488 200 611 238 tabulis,
628 200 821 230 condemnari
836 210 953 231 necesse
968 208 1012 231 est
1025 203 1039 232 ἓ

280 243 363 273 XVI
369 244 394 273 Ι.
418 243 470 273 Tu
481 254 498 273 a
511 243 558 273 M.
568 243 674 281 Coelio,
687 243 786 284 equite
802 244 954 281 Romano,
967 244 1128 275 lectissimo

237 285 434 323 adolescente,
451 297 520 326 quae
535 286 667 323 voluisti,
681 296 751 316 vasa
765 292 906 326 argentea
921 287 1052 327 Lilybaei
1062 289 1130 318 abs-

237 328 354 359 tulisti:
379 334 413 358 tu
435 329 470 359 C.
497 328 628 365 Cacurii,
653 329 849 369 promtissimi
867 329 1009 368 hominis,
1032 335 1061 360 et
1076 341 1128 360 ex-

237 371 391 413 perientis,
408 378 438 402 et
452 372 602 412 imprimis
622 372 754 412 gratiosi,
767 371 984 412 supellectilem
1005 382 1128 403 omnem

238 414 356 444 auferre
365 424 426 445 non
438 414 584 445 dubitasti
596 426 604 444 :
629 420 662 444 tu
674 415 842 444 maximam
855 421 883 444 et
892 415 1126 455 pulcherrimam

238 467 376 488 mensam
392 457 515 488 citream
532 468 549 487 a
565 457 605 495 Q.
623 457 747 487 Lutatio
764 457 900 487 Diodoro
923 458 990 498 (qui
1011 457 1052 495 Q.
1070 458 1130 489 Ca-

238 500 297 530 tuli
317 500 461 530 beneficio
482 511 500 530 a
521 501 558 530 L.
582 500 669 530 Sulla
685 500 756 530 civis
772 501 931 530 Romanus
943 501 1040 531 factus
1056 507 1126 540 est),

240 543 383 573 omnibus
399 543 572 579 scientibus,
590 543 720 583 Lilybaei
736 543 895 573 abstulisti.
920 544 993 573 Non
1006 544 1061 573 tibi
1077 546 1131 576 ob-

235 586 319 625 jicio,
351 586 433 627 quod
462 586 618 616 hominem
648 586 861 626 dignissimum
892 586 952 615 tuis
982 587 1130 625 moribus,

239 629 456 669 Apollonium,
482 629 609 659 Niconis
636 629 747 667 filium,
776 628 1034 668 Drepanitanum,
1063 631 1131 670 (qui

240 680 322 702 nunc
337 672 379 701 A.
398 671 522 701 Clodius
538 677 674 707 vocatur)
685 671 768 701 omni
785 678 908 711 argento
923 672 1037 712 optime
1052 672 1132 703 facto

240 714 377 754 spoliasti
392 725 426 744 ac
441 714 634 754 depeculatus
650 724 689 744 es.
719 714 839 744 Taceo:
865 724 925 744 non
947 715 1026 744 enim
1043 721 1132 755 putat

240 757 293 787 isse
309 757 365 787 sibi
380 757 525 796 injuriam
541 757 663 793 factam,
674 763 832 797 propterea
843 757 925 796 quod
935 757 1052 787 homini
1065 759 1130 796 jam

240 800 369 840 perdito,
387 806 416 829 et
431 800 543 829 collum
559 799 590 828 in
606 799 751 839 laqueum
775 799 929 836 inserenti,
954 801 1131 838 subvenisti,

241 853 313 873 cum
328 842 454 883 pupillis
464 842 679 882 Drepanitanis
689 843 769 872 bona
779 842 877 882 patria
887 848 987 882 erepta
998 853 1067 872 cum
1077 844 1131 874 illo

240 886 370 926 partitus
386 896 425 915 es.
451 885 578 914 Gaudeo
593 885 696 921 etiam,
713 885 738 915 si
753 885 827 925 quid
842 886 880 914 ab
893 885 946 915 illo
961 886 1128 922 abstulisti;

240 934 271 958 et
285 929 338 958 abs
354 934 383 958 te
398 928 474 958 nihil
489 928 598 958 rectius
620 927 735 957 factum
758 938 820 958 esse
842 928 917 957 dico.
950 928 982 957 A
1008 929 1130 969 Lysone

230 981 312 1002 <vero
328 971 532 1011 Lilybaetano,
549 970 648 1011 primo
671 970 805 1007 homine,
828 971 910 1011 apud
926 981 1016 1011 quem
1033 972 1131 1002 diver-

241 1019 324 1044 satus
339 1025 381 1051 es,
397 1013 554 1054 Apollinis
569 1013 691 1053 signum
707 1014 843 1043 ablatum
868 1019 946 1044 certe
962 1024 1021 1043 non
1043 1025 1130 1055 opor-

240 1056 310 1087 tuit.
344 1057 391 1087 At
405 1057 484 1087 dices
500 1062 529 1086 te
544 1056 660 1086 emisse.
684 1056 771 1086 Scio:
798 1056 854 1086 Hs
867 1056 916 1086 M.
952 1057 1001 1086 Ita
1012 1057 1128 1097 opinor.

241 1099 321 1138 Scio,
337 1100 465 1140 inquam
477 1111 485 1129 ε
509 1099 660 1140 proferam
670 1098 770 1129 literas
782 1110 789 1129 ε
815 1105 844 1128 et
858 1105 959 1129 tamen
972 1099 1003 1129 id
1015 1100 1130 1130 factum

240 1152 304 1172 non
319 1142 461 1183 oportuit.
493 1142 525 1172 A
541 1142 659 1182 pupillo
676 1142 767 1178 Heio,
789 1142 837 1172 cui
859 1142 1025 1172 Marcellus
1049 1149 1131 1173 tutor

240 1191 296 1221 est,
313 1196 331 1215 a
346 1196 407 1227 quo
421 1185 581 1226 pecuniam
594 1184 740 1225 grandem
753 1184 915 1225 eripueras,
927 1185 1048 1225 scaphia
1059 1196 1130 1216 cum

239 1228 431 1258 emblematis
446 1227 578 1269 Lilybaei
592 1234 696 1258 utrum
712 1233 793 1258 emta
808 1238 870 1258 esse
881 1227 965 1265 dicis,
982 1237 1021 1257 an
1037 1228 1130 1259 confi-

239 1271 310 1301 teris
325 1271 449 1312 erepta?

284 1314 344 1344 Sed
359 1314 433 1354 quid
449 1324 504 1355 ego
527 1313 613 1344 istius
631 1314 664 1343 in
688 1313 837 1352 ejusmodi
857 1314 946 1343 rebus
966 1313 1130 1346 mediocres

240 1356 369 1395 injurias
384 1357 504 1397 colligo,
521 1368 590 1397 quae
605 1357 817 1386 tantummodo
832 1357 863 1386 in
878 1356 967 1386 furtis
982 1356 1079 1394 istius,
1101 1364 1131 1388 et

239 1399 361 1430 damnis
376 1410 480 1430 eorum
496 1411 514 1430 a
528 1399 640 1440 quibus
655 1399 819 1435 auferebat,
833 1404 955 1429 versatae
970 1410 1032 1429 esse
1047 1400 1130 1430 vide-

238 1447 331 1472 antur
344 1444 358 1473 ?
382 1443 532 1483 Accipite,
549 1442 574 1472 si
585 1442 687 1479 vultis,
701 1442 828 1481 judices,
844 1452 908 1472 rem
920 1442 1080 1481 ejusmodi,
1093 1448 1128 1473 ut

239 1485 404 1515 amentiam
419 1486 615 1526 singularem,
635 1492 670 1515 ut
683 1485 817 1515 furorem
834 1485 912 1524 jam,
933 1494 995 1515 non
1010 1485 1128 1526 cupidi-

238 1532 333 1557 tatem
350 1529 426 1567 ejus,
443 1528 609 1569 perspicere
618 1528 746 1568 possitis.

282 1570 415 1601 XVIII.
440 1571 611 1601 Melitensis
636 1571 789 1601 Diodorus
815 1576 870 1607 est,
893 1570 945 1611 qui
971 1570 1053 1610 apud
1075 1581 1128 1602 vos

239 1618 329 1643 antea
343 1614 551 1644 testimonium
566 1613 652 1643 dixit.
679 1614 709 1643 Is
725 1613 855 1653 Lilybaei
870 1614 982 1643 multos
991 1615 1056 1652 jam
1072 1624 1127 1644 an-

238 1665 293 1686 nos
308 1656 435 1693 habitat,
452 1656 545 1686 homo
561 1662 591 1686 et
610 1656 693 1686 domi
708 1656 828 1692 nobilis,
845 1662 885 1692 et,
902 1656 984 1696 apud
1000 1667 1049 1686 eos
1064 1667 1126 1697 quo

238 1709 269 1728 se
284 1699 422 1736 contulit,
438 1707 560 1740 propter
576 1699 717 1729 virtutem
733 1698 907 1739 splendidus
923 1705 952 1729 et
967 1699 1124 1739 gratiosus.

238 1741 288 1772 De
298 1742 354 1773 hoc
363 1742 453 1774 Verri
461 1742 553 1773 dicitu
558 1752 581 1780 r,
593 1742 703 1773 habere
713 1752 782 1772 eum
796 1743 929 1783 perbona
938 1747 1123 1779 toreumata;
