1181 1902
276 55 329 88 IN
352 55 548 88 VERREM
573 55 614 87 V.
637 55 723 86 CAP.
743 55 795 85 33.
926 54 989 89 417

97 150 181 178 sano,
205 141 259 183 qui
284 142 328 173 ita
352 142 464 181 dicant,
492 152 554 173 sese
579 141 784 178 audientibus,
811 138 889 170 illud
915 138 937 169 J
940 138 990 169 ovi

98 184 228 225 Optimo
243 185 386 215 Maximo
401 185 535 215 dicatum
559 195 620 215 esse
635 186 673 215 ab
689 194 759 224 rege
773 182 940 218 Antiocho,
957 187 988 212 et

98 234 312 257 consecratum.
337 228 370 258 Si
382 228 477 267 judex
490 238 550 258 non
564 238 651 262 esses,
668 234 697 257 et
711 227 775 257 haec
790 226 829 256 ad
845 232 874 256 te
889 225 989 255 delata

97 278 144 299 res
159 276 245 308 esset,
268 276 298 300 te
318 271 510 311 potissimum
532 271 589 301 hoc
612 269 764 311 persequi,
782 275 811 299 te
831 275 943 309 petere,
960 274 990 297 te

99 321 199 352 agere,
216 319 374 353 oporteret.
399 314 514 351 Quare,
531 323 592 343 non
613 313 731 350 dubito,
745 323 807 353 quo
823 312 925 341 animo
938 311 990 350 ju-

96 354 156 384 dex
179 354 272 394 hujus
297 355 431 386 criminis
457 366 519 386 esse
543 356 662 393 debeas,
690 355 755 396 qui,
784 354 867 395 apud
892 353 988 384 alium

94 397 241 436 judicem,
255 398 353 428 multo
368 399 474 437 acrior,
490 408 585 440 quam
601 408 657 439 ego
673 408 753 436 sum,
771 405 852 428 actor
867 406 989 427 accusa-

97 445 204 481 torque
218 451 280 471 esse
295 441 427 479 deberes,

139 483 288 513 XXXII.
313 484 409 514 Vobis
425 490 542 521 autem,
563 484 691 523 judices,
716 483 791 524 quid
811 483 868 513 hoc
889 482 990 522 indig-

97 525 178 564 nius,
196 532 248 556 aut
265 527 339 567 quid
354 527 456 557 minus
470 527 642 563 ferendum,
660 526 754 557 videri
765 526 888 567 potest?
912 525 991 555 Ver--

100 578 186 599 resne
201 569 326 600 habebit
341 569 424 600 domi
447 581 509 600 suae
524 570 740 600 candelabrum
764 569 786 599 J
789 569 853 599 ovis
869 568 991 608 Optimi

98 609 246 649 lilaximi,
264 623 280 642 e
294 613 424 652 genmiis
445 623 580 654 auroque
598 612 768 654 perfectum
782 613 796 642 Ρ
821 612 919 650 Cujus
929 611 992 640 ful-

98 664 171 693 gore
185 655 331 685 collucere
345 662 437 697 atque
451 656 596 686 illustrari
609 656 633 686 J
635 655 700 686 ovis
715 654 838 696 Optimi
854 653 990 684 Maximi

98 697 250 737 templum
265 700 432 738 oportebat,
449 699 480 728 id
495 699 578 739 apud
593 699 685 729 istum
702 698 733 728 in
755 696 904 737 ejusmodi
919 706 991 727 con-

98 739 184 770 viviis
199 741 407 778 constituetur,
421 753 490 783 quae
504 741 674 772 domesticis
686 741 796 782 stupris
809 740 992 780 flagitiisque

98 782 270 823 flagrabunt
284 786 297 814 Ρ
323 784 361 814 In
373 785 458 815 istius
472 785 588 814 lenonis
600 784 767 825 turpissimi
779 783 881 820 domo,
895 782 988 812 simul

98 834 169 855 cum
180 826 291 856 caeteris
301 827 476 858 Chelidonis
485 827 680 858 haereditariis
690 826 886 862 ornamentis,
898 825 991 866 Capi-

100 868 165 898 tolii
180 876 358 900 ornamenta
372 877 523 910 ponentur
537 872 550 901 Ξ*
574 870 660 908 Quid
675 870 747 900 huic
762 869 837 900 sacri
852 878 991 909 unquam

98 910 172 947 fore,
189 918 242 942 aut
257 913 331 954 quid
345 913 438 943 fuisse
453 913 595 954 religiosi,
608 913 733 953 putatis,
747 912 800 953 qui
812 921 894 942 nunc
906 918 991 941 tanto

98 954 207 985 scelere
223 965 253 985 se
274 956 452 986 obstrictum
469 967 530 987 esse
550 966 611 986 non
627 956 760 986 sentiat?
785 955 839 996 qui
853 954 885 984 in
907 954 991 993 judi-

99 996 182 1027 cium
206 999 316 1036 veniat,
344 999 397 1029 ubi
418 1009 456 1029 ne
482 999 597 1040 precari
620 998 752 1040 quidem>
765 998 878 1029 Jovem
898 996 991 1037 Opti-

99 1048 188 1070 mum
204 1041 395 1080 Maximum,
407 1048 499 1083 atque
515 1044 552 1072 ab
567 1053 602 1073 eo
617 1042 768 1072 auxilium
784 1047 896 1082 petere,
907 1050 992 1070 more

96 1083 239 1113 omnium
259 1085 377 1125 possit?
395 1096 412 1115 a
427 1096 489 1124 quo
501 1085 594 1115 etiam
605 1085 660 1115 Dii
676 1084 862 1115 immortales
878 1094 933 1114 sua
944 1093 990 1113 re-

98 1132 209 1165 petunt
231 1127 264 1156 in
289 1138 323 1157 eo
346 1128 473 1167 judicio,
501 1128 583 1169 quod
602 1128 779 1158 hominibus
797 1127 836 1157 ad
853 1137 920 1156 suas
945 1136 992 1156 res

97 1169 275 1209 repetendas
300 1176 344 1200 est
359 1171 569 1201 constitutum.
594 1171 762 1208 Miramur,
779 1170 912 1200 Athenis
928 1169 994 1198 Mi-

96 1220 233 1251 nervam,
259 1213 332 1243 Deli
355 1214 547 1254 Apollinem,
575 1214 596 1244 J
600 1224 733 1244 unonem
758 1213 854 1251 Sami,
883 1212 990 1252 Pergae

97 1253 245 1293 Dianam,
267 1256 381 1286 multos
405 1263 550 1297 praeterea
570 1258 608 1288 ab
635 1257 691 1286 isto
719 1256 802 1286 Deos
826 1253 888 1285 tota
912 1254 992 1285 Asia

100 1296 280 1337 Graeciaque
296 1299 434 1335 violatos,
451 1300 505 1337 qui
516 1311 534 1330 a
550 1299 702 1340 Capitolio
717 1309 828 1329 manus
843 1298 992 1328 abstinere

99 1348 160 1369 non
176 1340 335 1380 potuerit?
360 1339 454 1377 Quod
477 1341 588 1380 privati
609 1342 747 1372 homines
762 1342 800 1372 de
822 1341 884 1371 suis
902 1351 994 1382 pecu-

98 1382 157 1412 niis
173 1389 294 1419 ornant,
311 1383 508 1424 ornaturique
530 1389 612 1420 sunt,
630 1383 662 1413 id
682 1384 717 1414 C.
735 1385 764 1413 V
768 1395 845 1414 erres
860 1385 898 1414 ab
914 1383 993 1423 regi-

98 1425 156 1455 bus
172 1426 273 1455 ornari
285 1435 345 1455 non
362 1432 405 1456 est
414 1436 528 1466 passus.
554 1427 675 1467 Itaque,
691 1427 748 1456 hoc
758 1426 871 1456 nefario
884 1427 992 1456 scelere

98 1474 253 1508 concepto,
282 1468 359 1498 nihil
383 1475 488 1509 postea
517 1470 582 1499 tota
608 1470 639 1499 in
667 1468 768 1499 Sicilia
792 1479 891 1510 neque
918 1469 993 1500 sacri

97 1520 198 1551 neque
218 1511 350 1551 religiosi
370 1522 432 1541 esse
453 1511 562 1542 duxit:
588 1512 630 1542 ita
648 1523 710 1542 sese
728 1512 759 1542 in
781 1513 816 1542 ea
836 1512 992 1552 provincia

96 1563 150 1593 per
166 1553 331 1584 triennium
352 1554 454 1595 gessit,
480 1560 514 1584 ut
529 1556 567 1585 ab
588 1555 645 1585 isto
660 1565 721 1585 non
737 1556 837 1586 solum
860 1554 993 1586 homini-

96 1597 166 1633 bus,
184 1607 290 1627 verum
311 1597 404 1627 etiam
420 1597 490 1628 Diis
505 1598 741 1636 immortalibus,
762 1599 880 1629 bellum
895 1598 992 1627 indic-

97 1644 166 1669 tum
181 1646 348 1680 putaretur.

137 1682 308 1713 XXXIII.
331 1684 456 1724 Segesta
465 1690 509 1714 est
520 1684 670 1725 oppidum
680 1690 822 1726 pervetus
833 1684 864 1714 in
876 1683 992 1719 Sicilia,

92 1724 223 1765 judices,
248 1726 332 1768 quod
348 1728 387 1760 ab
409 1727 511 1758 AEnea
529 1727 667 1768 fugiente
688 1739 706 1759 a
721 1727 830 1766 Trojf2,
847 1733 940 1768 atque
964 1726 997 1757 in
