<?xml version="1.0" encoding="UTF-8"?>
<!DOCTYPE html PUBLIC "-//W3C//DTD XHTML 1.0 Transitional//EN"
    "http://www.w3.org/TR/xhtml1/DTD/xhtml1-transitional.dtd">
<html xmlns="http://www.w3.org/1999/xhtml" xml:lang="en" lang="en">
 <head>
  <title>
</title>
<meta http-equiv="Content-Type" content="text/html;charset=utf-8" />
  <meta name='ocr-system' content='tesseract 3.04.00' />
  <meta name='ocr-capabilities' content='ocr_page ocr_carea ocr_par ocr_line ocrx_word'/>
</head>
<body>
  <div class='ocr_page' id='page_1' title='image "./operaern05ciceuoft_0248.png"; bbox 0 0 1181 1902; ppageno 0'>
   <div class='ocr_carea' id='block_1_1' title="bbox 154 81 871 115">
    <p class='ocr_par' dir='ltr' id='par_1_1' title="bbox 154 81 871 115">
     <span class='ocr_line' id='line_1_1' title="bbox 154 81 871 115; baseline -0.003 0"><span class='ocrx_word' id='word_1_1' title='bbox 154 85 219 115; x_wconf 80' lang='lat'>236</span> <span class='ocrx_word' id='word_1_2' title='bbox 330 83 380 114; x_wconf 91' lang='lat' dir='ltr'>IN</span> <span class='ocrx_word' id='word_1_3' title='bbox 404 81 601 113; x_wconf 86' lang='lat' dir='ltr'><strong>VERREM</strong></span> <span class='ocrx_word' id='word_1_4' title='bbox 627 81 692 113; x_wconf 92' lang='lat'>111.</span> <span class='ocrx_word' id='word_1_5' title='bbox 717 82 801 113; x_wconf 73' lang='lat' dir='ltr'>CAP.</span> <span class='ocrx_word' id='word_1_6' title='bbox 818 83 871 113; x_wconf 78' lang='lat'>24.</span> 
     </span>
    </p>
   </div>
   <div class='ocr_carea' id='block_1_2' title="bbox 154 168 1069 1800">
    <p class='ocr_par' dir='ltr' id='par_1_2' title="bbox 154 168 1058 639">
     <span class='ocr_line' id='line_1_2' title="bbox 154 168 1051 209; baseline -0.001 -9"><span class='ocrx_word' id='word_1_7' title='bbox 154 180 226 201; x_wconf 88' lang='lat' dir='ltr'>cum</span> <span class='ocrx_word' id='word_1_8' title='bbox 242 169 366 200; x_wconf 80' lang='lat' dir='ltr'>consilio</span> <span class='ocrx_word' id='word_1_9' title='bbox 386 179 418 199; x_wconf 86' lang='lat' dir='ltr'>re</span> <span class='ocrx_word' id='word_1_10' title='bbox 434 168 566 209; x_wconf 63' lang='lat' dir='ltr'>cognita,</span> <span class='ocrx_word' id='word_1_11' title='bbox 582 179 653 199; x_wconf 88' lang='lat' dir='ltr'>cum</span> <span class='ocrx_word' id='word_1_12' title='bbox 669 168 872 209; x_wconf 88' lang='lat' dir='ltr'>comperisset,</span> <span class='ocrx_word' id='word_1_13' title='bbox 894 178 985 198; x_wconf 89' lang='lat' dir='ltr'>suum</span> <span class='ocrx_word' id='word_1_14' title='bbox 1001 178 1051 199; x_wconf 89' lang='lat' dir='ltr'>co-</span> 
     </span>
     <span class='ocr_line' id='line_1_3' title="bbox 156 211 1053 252; baseline -0.001 -10"><span class='ocrx_word' id='word_1_15' title='bbox 156 213 275 250; x_wconf 83' lang='lat' dir='ltr'><strong>mitem,</strong></span> <span class='ocrx_word' id='word_1_16' title='bbox 290 212 378 251; x_wconf 84' lang='lat' dir='ltr'>juris,</span> <span class='ocrx_word' id='word_1_17' title='bbox 395 212 516 249; x_wconf 82' lang='lat' dir='ltr'>decreti,</span> <span class='ocrx_word' id='word_1_18' title='bbox 530 212 636 250; x_wconf 89' lang='lat' dir='ltr'>judicii</span> <span class='ocrx_word' id='word_1_19' title='bbox 653 211 865 251; x_wconf 89' lang='lat' dir='ltr'>corrumpendi</span> <span class='ocrx_word' id='word_1_20' title='bbox 877 212 978 249; x_wconf 68' lang='lat' dir='ltr'>causa,</span> <span class='ocrx_word' id='word_1_21' title='bbox 990 211 1053 252; x_wconf 70' lang='lat' dir='ltr'>qua</span> 
     </span>
     <span class='ocr_line' id='line_1_4' title="bbox 157 255 1051 296; baseline -0.001 -11"><span class='ocrx_word' id='word_1_22' title='bbox 157 256 189 285; x_wconf 91' lang='lat' dir='ltr'>in</span> <span class='ocrx_word' id='word_1_23' title='bbox 205 266 236 286; x_wconf 92' lang='lat' dir='ltr'>re</span> <span class='ocrx_word' id='word_1_24' title='bbox 252 256 345 296; x_wconf 79' lang='lat' dir='ltr'>ipsius</span> <span class='ocrx_word' id='word_1_25' title='bbox 367 255 501 295; x_wconf 70' lang='lat' dir='ltr'>praetoris</span> <span class='ocrx_word' id='word_1_26' title='bbox 525 261 616 295; x_wconf 82' lang='lat' dir='ltr'>caput</span> <span class='ocrx_word' id='word_1_27' title='bbox 635 255 877 295; x_wconf 78' lang='lat' dir='ltr'>existimatioque</span> <span class='ocrx_word' id='word_1_28' title='bbox 900 261 1051 295; x_wconf 79' lang='lat' dir='ltr'>ageretur,</span> 
     </span>
     <span class='ocr_line' id='line_1_5' title="bbox 159 297 1054 339; baseline -0.001 -11"><span class='ocrx_word' id='word_1_29' title='bbox 159 299 319 339; x_wconf 87' lang='lat' dir='ltr'>pecuniam</span> <span class='ocrx_word' id='word_1_30' title='bbox 336 298 493 338; x_wconf 82' lang='lat' dir='ltr'>accepisse,</span> <span class='ocrx_word' id='word_1_31' title='bbox 514 298 642 328; x_wconf 80' lang='lat' dir='ltr'>Bidinos</span> <span class='ocrx_word' id='word_1_32' title='bbox 664 304 765 327; x_wconf 80' lang='lat' dir='ltr'>autem</span> <span class='ocrx_word' id='word_1_33' title='bbox 791 303 896 327; x_wconf 86' lang='lat' dir='ltr'>contra</span> <span class='ocrx_word' id='word_1_34' title='bbox 918 297 1054 338; x_wconf 72' lang='lat' dir='ltr'>praetoris</span> 
     </span>
     <span class='ocr_line' id='line_1_6' title="bbox 159 341 1055 381; baseline -0.001 -10"><span class='ocrx_word' id='word_1_35' title='bbox 159 342 275 371; x_wconf 86' lang='lat' dir='ltr'>famam</span> <span class='ocrx_word' id='word_1_36' title='bbox 292 352 326 371; x_wconf 86' lang='lat' dir='ltr'>ac</span> <span class='ocrx_word' id='word_1_37' title='bbox 342 341 477 371; x_wconf 85' lang='lat' dir='ltr'>fortunas</span> <span class='ocrx_word' id='word_1_38' title='bbox 493 341 619 379; x_wconf 88' lang='lat' dir='ltr'>dedisse,</span> <span class='ocrx_word' id='word_1_39' title='bbox 636 351 696 370; x_wconf 88' lang='lat' dir='ltr'>non</span> <span class='ocrx_word' id='word_1_40' title='bbox 713 347 742 371; x_wconf 90' lang='lat' dir='ltr'>et</span> <span class='ocrx_word' id='word_1_41' title='bbox 758 341 788 370; x_wconf 87' lang='lat' dir='ltr'>in</span> <span class='ocrx_word' id='word_1_42' title='bbox 807 351 889 378; x_wconf 89' lang='lat' dir='ltr'>eum,</span> <span class='ocrx_word' id='word_1_43' title='bbox 904 341 957 381; x_wconf 92' lang='lat' dir='ltr'>qui</span> <span class='ocrx_word' id='word_1_44' title='bbox 972 351 1055 370; x_wconf 86' lang='lat' dir='ltr'>acce-</span> 
     </span>
     <span class='ocr_line' id='line_1_7' title="bbox 160 383 1054 425; baseline -0.001 -11"><span class='ocrx_word' id='word_1_45' title='bbox 160 384 265 425; x_wconf 84' lang='lat' dir='ltr'>pisset,</span> <span class='ocrx_word' id='word_1_46' title='bbox 282 384 540 421; x_wconf 88' lang='lat' dir='ltr'>animadvertisse,</span> <span class='ocrx_word' id='word_1_47' title='bbox 561 390 590 414; x_wconf 87' lang='lat' dir='ltr'>et</span> <span class='ocrx_word' id='word_1_48' title='bbox 605 384 636 413; x_wconf 93' lang='lat' dir='ltr'>in</span> <span class='ocrx_word' id='word_1_49' title='bbox 650 394 710 419; x_wconf 85' lang='lat' dir='ltr'>eos,</span> <span class='ocrx_word' id='word_1_50' title='bbox 723 384 777 424; x_wconf 87' lang='lat' dir='ltr'>qui</span> <span class='ocrx_word' id='word_1_51' title='bbox 790 383 940 414; x_wconf 76' lang='lat' dir='ltr'><strong>dedissent</strong></span> <span class='ocrx_word' id='word_1_52' title='bbox 951 385 965 413; x_wconf 76' lang='lat'>?</span> <span class='ocrx_word' id='word_1_53' title='bbox 989 383 1054 421; x_wconf 80' lang='lat' dir='ltr'>Tu,</span> 
     </span>
     <span class='ocr_line' id='line_1_8' title="bbox 160 427 1055 468; baseline -0.001 -11"><span class='ocrx_word' id='word_1_54' title='bbox 160 427 215 468; x_wconf 91' lang='lat' dir='ltr'>qui</span> <span class='ocrx_word' id='word_1_55' title='bbox 245 427 416 457; x_wconf 81' lang='lat' dir='ltr'>institueras</span> <span class='ocrx_word' id='word_1_56' title='bbox 437 427 467 456; x_wconf 93' lang='lat' dir='ltr'>in</span> <span class='ocrx_word' id='word_1_57' title='bbox 490 438 539 457; x_wconf 86' lang='lat' dir='ltr'>eos</span> <span class='ocrx_word' id='word_1_58' title='bbox 560 427 798 457; x_wconf 85' lang='lat' dir='ltr'>animadvertere</span> <span class='ocrx_word' id='word_1_59' title='bbox 820 427 874 467; x_wconf 90' lang='lat' dir='ltr'>qui</span> <span class='ocrx_word' id='word_1_60' title='bbox 896 436 1055 467; x_wconf 83' lang='lat' dir='ltr'>perperam</span> 
     </span>
     <span class='ocr_line' id='line_1_9' title="bbox 160 469 1056 511; baseline -0.001 -11"><span class='ocrx_word' id='word_1_61' title='bbox 160 470 349 510; x_wconf 52' lang='lat' dir='ltr'>judicassent</span> <span class='ocrx_word' id='word_1_62' title='bbox 371 470 465 511; x_wconf 81' lang='lat' dir='ltr'>(quod</span> <span class='ocrx_word' id='word_1_63' title='bbox 483 481 560 510; x_wconf 77' lang='lat' dir='ltr'>saepe</span> <span class='ocrx_word' id='word_1_64' title='bbox 581 481 634 510; x_wconf 86' lang='lat' dir='ltr'>per</span> <span class='ocrx_word' id='word_1_65' title='bbox 657 469 895 510; x_wconf 79' lang='lat' dir='ltr'>imprudentiam</span> <span class='ocrx_word' id='word_1_66' title='bbox 917 470 976 506; x_wconf 80' lang='lat' dir='ltr'>fit),</span> <span class='ocrx_word' id='word_1_67' title='bbox 1001 469 1056 499; x_wconf 90' lang='lat' dir='ltr'>hos</span> 
     </span>
     <span class='ocr_line' id='line_1_10' title="bbox 163 512 1056 554; baseline 0 -12"><span class='ocrx_word' id='word_1_68' title='bbox 163 513 274 553; x_wconf 86' lang='lat' dir='ltr'>pateris</span> <span class='ocrx_word' id='word_1_69' title='bbox 289 513 416 554; x_wconf 89' lang='lat' dir='ltr'>impune</span> <span class='ocrx_word' id='word_1_70' title='bbox 431 513 591 550; x_wconf 89' lang='lat' dir='ltr'>discedere,</span> <span class='ocrx_word' id='word_1_71' title='bbox 605 513 670 553; x_wconf 81' lang='lat' dir='ltr'>qui,</span> <span class='ocrx_word' id='word_1_72' title='bbox 684 515 722 543; x_wconf 92' lang='lat' dir='ltr'>ob</span> <span class='ocrx_word' id='word_1_73' title='bbox 735 518 825 542; x_wconf 86' lang='lat' dir='ltr'>tuum</span> <span class='ocrx_word' id='word_1_74' title='bbox 840 512 1005 549; x_wconf 88' lang='lat' dir='ltr'>decretum,</span> <span class='ocrx_word' id='word_1_75' title='bbox 1017 513 1056 542; x_wconf 92' lang='lat' dir='ltr'>ob</span> 
     </span>
     <span class='ocr_line' id='line_1_11' title="bbox 161 555 1058 597; baseline 0 -12"><span class='ocrx_word' id='word_1_76' title='bbox 161 562 251 586; x_wconf 87' lang='lat' dir='ltr'>tuum</span> <span class='ocrx_word' id='word_1_77' title='bbox 265 556 428 595; x_wconf 87' lang='lat' dir='ltr'>judicium,</span> <span class='ocrx_word' id='word_1_78' title='bbox 440 556 602 597; x_wconf 86' lang='lat' dir='ltr'>pecuniam</span> <span class='ocrx_word' id='word_1_79' title='bbox 618 561 672 586; x_wconf 87' lang='lat' dir='ltr'>aut</span> <span class='ocrx_word' id='word_1_80' title='bbox 688 556 822 586; x_wconf 84' lang='lat' dir='ltr'>dandam</span> <span class='ocrx_word' id='word_1_81' title='bbox 841 562 894 586; x_wconf 90' lang='lat' dir='ltr'>aut</span> <span class='ocrx_word' id='word_1_82' title='bbox 910 555 1058 597; x_wconf 86' lang='lat' dir='ltr'>accipien-</span> 
     </span>
     <span class='ocr_line' id='line_1_12' title="bbox 163 599 421 639; baseline 0 -9"><span class='ocrx_word' id='word_1_83' title='bbox 163 599 235 630; x_wconf 87' lang='lat' dir='ltr'>dam</span> <span class='ocrx_word' id='word_1_84' title='bbox 251 599 396 639; x_wconf 63' lang='lat' dir='ltr'>putarant</span> <span class='ocrx_word' id='word_1_85' title='bbox 408 601 421 630; x_wconf 71' lang='grc' dir='ltr'><em>Ρ</em></span> 
     </span>
    </p>

    <p class='ocr_par' dir='ltr' id='par_1_3' title="bbox 164 641 1066 1283">
     <span class='ocr_line' id='line_1_13' title="bbox 208 641 1058 683; baseline 0 -11"><span class='ocrx_word' id='word_1_86' title='bbox 208 642 338 673; x_wconf 85' lang='lat' dir='ltr'>XXIV.</span> <span class='ocrx_word' id='word_1_87' title='bbox 364 642 520 672; x_wconf 81' lang='lat' dir='ltr'>Volcatius</span> <span class='ocrx_word' id='word_1_88' title='bbox 532 642 613 672; x_wconf 84' lang='lat' dir='ltr'>idem</span> <span class='ocrx_word' id='word_1_89' title='bbox 624 642 706 683; x_wconf 88' lang='lat' dir='ltr'>apud</span> <span class='ocrx_word' id='word_1_90' title='bbox 721 647 750 672; x_wconf 87' lang='lat' dir='ltr'>te</span> <span class='ocrx_word' id='word_1_91' title='bbox 766 647 869 683; x_wconf 87' lang='lat' dir='ltr'>postea</span> <span class='ocrx_word' id='word_1_92' title='bbox 884 641 953 679; x_wconf 83' lang='lat' dir='ltr'>fuit,</span> <span class='ocrx_word' id='word_1_93' title='bbox 967 652 1058 682; x_wconf 89' lang='lat' dir='ltr'>eques</span> 
     </span>
     <span class='ocr_line' id='line_1_14' title="bbox 165 684 1060 726; baseline 0.001 -12"><span class='ocrx_word' id='word_1_94' title='bbox 165 684 338 723; x_wconf 85' lang='lat' dir='ltr'>Romanus,</span> <span class='ocrx_word' id='word_1_95' title='bbox 354 685 440 715; x_wconf 64' lang='lat' dir='ltr'>tanta</span> <span class='ocrx_word' id='word_1_96' title='bbox 454 686 576 726; x_wconf 66' lang='lat' dir='ltr'>accepta</span> <span class='ocrx_word' id='word_1_97' title='bbox 598 685 777 725; x_wconf 65' lang='lat' dir='ltr'>ignominia.</span> <span class='ocrx_word' id='word_1_98' title='bbox 824 685 909 714; x_wconf 79' lang='lat' dir='ltr'>Nam</span> <span class='ocrx_word' id='word_1_99' title='bbox 925 685 999 725; x_wconf 86' lang='lat' dir='ltr'>quid</span> <span class='ocrx_word' id='word_1_100' title='bbox 1015 690 1060 715; x_wconf 88' lang='lat' dir='ltr'>est</span> 
     </span>
     <span class='ocr_line' id='line_1_15' title="bbox 164 727 1059 769; baseline -0.001 -11"><span class='ocrx_word' id='word_1_101' title='bbox 164 727 283 768; x_wconf 86' lang='lat' dir='ltr'>turpius</span> <span class='ocrx_word' id='word_1_102' title='bbox 299 728 443 769; x_wconf 81' lang='lat' dir='ltr'>ingenuo,</span> <span class='ocrx_word' id='word_1_103' title='bbox 462 728 536 769; x_wconf 91' lang='lat' dir='ltr'>quid</span> <span class='ocrx_word' id='word_1_104' title='bbox 548 728 650 758; x_wconf 82' lang='lat' dir='ltr'>minus</span> <span class='ocrx_word' id='word_1_105' title='bbox 662 728 757 759; x_wconf 85' lang='lat' dir='ltr'>libero</span> <span class='ocrx_word' id='word_1_106' title='bbox 769 728 909 768; x_wconf 87' lang='lat' dir='ltr'>dignum,</span> <span class='ocrx_word' id='word_1_107' title='bbox 923 739 1017 768; x_wconf 89' lang='lat' dir='ltr'>quam</span> <span class='ocrx_word' id='word_1_108' title='bbox 1026 728 1059 757; x_wconf 93' lang='lat' dir='ltr'>in</span> 
     </span>
     <span class='ocr_line' id='line_1_16' title="bbox 165 771 1058 811; baseline 0 -11"><span class='ocrx_word' id='word_1_109' title='bbox 165 779 312 801; x_wconf 88' lang='lat' dir='ltr'>conventu</span> <span class='ocrx_word' id='word_1_110' title='bbox 332 771 467 801; x_wconf 80' lang='lat' dir='ltr'>maximo</span> <span class='ocrx_word' id='word_1_111' title='bbox 480 771 546 810; x_wconf 82' lang='lat' dir='ltr'>cogi</span> <span class='ocrx_word' id='word_1_112' title='bbox 558 782 576 801; x_wconf 89' lang='lat' dir='ltr'>a</span> <span class='ocrx_word' id='word_1_113' title='bbox 590 771 768 811; x_wconf 84' lang='lat' dir='ltr'>magistratu</span> <span class='ocrx_word' id='word_1_114' title='bbox 780 771 897 801; x_wconf 88' lang='lat' dir='ltr'>furtum</span> <span class='ocrx_word' id='word_1_115' title='bbox 914 771 1058 801; x_wconf 79' lang='lat' dir='ltr'>reddere?</span> 
     </span>
     <span class='ocr_line' id='line_1_17' title="bbox 165 813 1061 854; baseline 0 -11"><span class='ocrx_word' id='word_1_116' title='bbox 165 813 232 854; x_wconf 91' lang='lat' dir='ltr'>qui,</span> <span class='ocrx_word' id='word_1_117' title='bbox 250 814 273 843; x_wconf 87' lang='lat' dir='ltr'>si</span> <span class='ocrx_word' id='word_1_118' title='bbox 290 824 324 843; x_wconf 89' lang='lat' dir='ltr'>eo</span> <span class='ocrx_word' id='word_1_119' title='bbox 340 814 442 843; x_wconf 89' lang='lat' dir='ltr'>animo</span> <span class='ocrx_word' id='word_1_120' title='bbox 459 820 546 851; x_wconf 87' lang='lat' dir='ltr'>esset,</span> <span class='ocrx_word' id='word_1_121' title='bbox 564 824 625 854; x_wconf 92' lang='lat' dir='ltr'>quo</span> <span class='ocrx_word' id='word_1_122' title='bbox 645 824 706 844; x_wconf 91' lang='lat' dir='ltr'>non</span> <span class='ocrx_word' id='word_1_123' title='bbox 722 814 813 844; x_wconf 88' lang='lat' dir='ltr'>modo</span> <span class='ocrx_word' id='word_1_124' title='bbox 832 824 923 854; x_wconf 86' lang='lat' dir='ltr'>eques</span> <span class='ocrx_word' id='word_1_125' title='bbox 944 814 1061 843; x_wconf 87' lang='lat' dir='ltr'>Roma-</span> 
     </span>
     <span class='ocr_line' id='line_1_18' title="bbox 166 856 1062 897; baseline 0 -11"><span class='ocrx_word' id='word_1_126' title='bbox 166 867 236 893; x_wconf 87' lang='lat' dir='ltr'>nus,</span> <span class='ocrx_word' id='word_1_127' title='bbox 254 856 304 886; x_wconf 89' lang='lat' dir='ltr'>sed</span> <span class='ocrx_word' id='word_1_128' title='bbox 321 857 419 896; x_wconf 90' lang='lat' dir='ltr'>quivis</span> <span class='ocrx_word' id='word_1_129' title='bbox 439 857 515 886; x_wconf 86' lang='lat' dir='ltr'>liber</span> <span class='ocrx_word' id='word_1_130' title='bbox 531 857 620 887; x_wconf 88' lang='lat' dir='ltr'>debet</span> <span class='ocrx_word' id='word_1_131' title='bbox 641 867 722 893; x_wconf 81' lang='lat' dir='ltr'>esse;</span> <span class='ocrx_word' id='word_1_132' title='bbox 747 857 898 897; x_wconf 85' lang='lat' dir='ltr'>adspicere</span> <span class='ocrx_word' id='word_1_133' title='bbox 914 862 942 886; x_wconf 88' lang='lat' dir='ltr'>te</span> <span class='ocrx_word' id='word_1_134' title='bbox 957 863 1062 897; x_wconf 86' lang='lat' dir='ltr'>postea</span> 
     </span>
     <span class='ocr_line' id='line_1_19' title="bbox 167 899 1063 939; baseline 0 -10"><span class='ocrx_word' id='word_1_135' title='bbox 167 909 228 929; x_wconf 87' lang='lat' dir='ltr'>non</span> <span class='ocrx_word' id='word_1_136' title='bbox 235 899 380 939; x_wconf 88' lang='lat' dir='ltr'>potuisset</span> <span class='ocrx_word' id='word_1_137' title='bbox 391 911 400 936; x_wconf 84' lang='lat'>;</span> <span class='ocrx_word' id='word_1_138' title='bbox 418 899 569 936; x_wconf 82' lang='lat' dir='ltr'>inimicus,</span> <span class='ocrx_word' id='word_1_139' title='bbox 580 900 673 930; x_wconf 89' lang='lat' dir='ltr'>hostis</span> <span class='ocrx_word' id='word_1_140' title='bbox 686 906 771 937; x_wconf 87' lang='lat' dir='ltr'>esset,</span> <span class='ocrx_word' id='word_1_141' title='bbox 783 900 867 930; x_wconf 68' lang='lat' dir='ltr'>tanta</span> <span class='ocrx_word' id='word_1_142' title='bbox 878 900 1063 930; x_wconf 66' lang='lat' dir='ltr'>contumelia</span> 
     </span>
     <span class='ocr_line' id='line_1_20' title="bbox 167 943 1065 983; baseline 0 -11"><span class='ocrx_word' id='word_1_143' title='bbox 167 943 301 982; x_wconf 58' lang='lat' dir='ltr'>accepta,</span> <span class='ocrx_word' id='word_1_144' title='bbox 326 943 383 972; x_wconf 90' lang='lat' dir='ltr'>nisi</span> <span class='ocrx_word' id='word_1_145' title='bbox 408 948 508 973; x_wconf 88' lang='lat' dir='ltr'>tecum</span> <span class='ocrx_word' id='word_1_146' title='bbox 532 943 708 979; x_wconf 84' lang='lat' dir='ltr'>collusisset,</span> <span class='ocrx_word' id='word_1_147' title='bbox 726 949 755 973; x_wconf 91' lang='lat' dir='ltr'>et</span> <span class='ocrx_word' id='word_1_148' title='bbox 769 949 830 973; x_wconf 83' lang='lat' dir='ltr'>tuae</span> <span class='ocrx_word' id='word_1_149' title='bbox 845 943 945 983; x_wconf 89' lang='lat' dir='ltr'>potius</span> <span class='ocrx_word' id='word_1_150' title='bbox 961 943 1065 973; x_wconf 81' lang='lat' dir='ltr'>existi-</span> 
     </span>
     <span class='ocr_line' id='line_1_21' title="bbox 168 985 1064 1026; baseline 0 -11"><span class='ocrx_word' id='word_1_151' title='bbox 168 985 297 1015; x_wconf 84' lang='lat' dir='ltr'>mationi</span> <span class='ocrx_word' id='word_1_152' title='bbox 314 986 463 1021; x_wconf 81' lang='lat' dir='ltr'>servisset,</span> <span class='ocrx_word' id='word_1_153' title='bbox 481 996 574 1026; x_wconf 82' lang='lat' dir='ltr'>quam</span> <span class='ocrx_word' id='word_1_154' title='bbox 592 997 662 1016; x_wconf 84' lang='lat' dir='ltr'>suae.</span> <span class='ocrx_word' id='word_1_155' title='bbox 688 986 752 1024; x_wconf 76' lang='lat' dir='ltr'>Qui</span> <span class='ocrx_word' id='word_1_156' title='bbox 768 996 861 1026; x_wconf 88' lang='lat' dir='ltr'>quam</span> <span class='ocrx_word' id='word_1_157' title='bbox 878 986 932 1015; x_wconf 91' lang='lat' dir='ltr'>tibi</span> <span class='ocrx_word' id='word_1_158' title='bbox 948 985 1064 1015; x_wconf 87' lang='lat' dir='ltr'>amicus</span> 
     </span>
     <span class='ocr_line' id='line_1_22' title="bbox 169 1028 1065 1070; baseline 0.001 -13"><span class='ocrx_word' id='word_1_159' title='bbox 169 1038 230 1058; x_wconf 89' lang='lat' dir='ltr'>non</span> <span class='ocrx_word' id='word_1_160' title='bbox 247 1028 338 1058; x_wconf 90' lang='lat' dir='ltr'>modo</span> <span class='ocrx_word' id='word_1_161' title='bbox 361 1034 429 1058; x_wconf 93' lang='lat' dir='ltr'>tum</span> <span class='ocrx_word' id='word_1_162' title='bbox 445 1029 546 1065; x_wconf 85' lang='lat' dir='ltr'>fuerit,</span> <span class='ocrx_word' id='word_1_163' title='bbox 573 1029 720 1070; x_wconf 86' lang='lat' dir='ltr'>quamdiu</span> <span class='ocrx_word' id='word_1_164' title='bbox 742 1035 843 1059; x_wconf 88' lang='lat' dir='ltr'>tecum</span> <span class='ocrx_word' id='word_1_165' title='bbox 864 1029 894 1058; x_wconf 89' lang='lat' dir='ltr'>in</span> <span class='ocrx_word' id='word_1_166' title='bbox 910 1028 1065 1069; x_wconf 63' lang='lat' dir='ltr'>provincia¹</span> 
     </span>
     <span class='ocr_line' id='line_1_23' title="bbox 168 1071 1064 1111; baseline 0 -10"><span class='ocrx_word' id='word_1_167' title='bbox 168 1071 240 1109; x_wconf 82' lang='lat' dir='ltr'>fuit,</span> <span class='ocrx_word' id='word_1_168' title='bbox 257 1082 363 1101; x_wconf 84' lang='lat' dir='ltr'>verum</span> <span class='ocrx_word' id='word_1_169' title='bbox 379 1072 471 1102; x_wconf 87' lang='lat' dir='ltr'>etiam</span> <span class='ocrx_word' id='word_1_170' title='bbox 487 1082 569 1102; x_wconf 86' lang='lat' dir='ltr'>nunc</span> <span class='ocrx_word' id='word_1_171' title='bbox 585 1072 633 1109; x_wconf 91' lang='lat' dir='ltr'>sit,</span> <span class='ocrx_word' id='word_1_172' title='bbox 642 1083 713 1102; x_wconf 89' lang='lat' dir='ltr'>cum</span> <span class='ocrx_word' id='word_1_173' title='bbox 725 1073 791 1111; x_wconf 88' lang='lat' dir='ltr'>jam</span> <span class='ocrx_word' id='word_1_174' title='bbox 803 1083 821 1102; x_wconf 89' lang='lat' dir='ltr'>a</span> <span class='ocrx_word' id='word_1_175' title='bbox 836 1072 948 1102; x_wconf 84' lang='lat' dir='ltr'>eaeteris</span> <span class='ocrx_word' id='word_1_176' title='bbox 960 1071 1064 1102; x_wconf 90' lang='lat' dir='ltr'>amicis</span> 
     </span>
     <span class='ocr_line' id='line_1_24' title="bbox 169 1114 1062 1156; baseline 0.001 -12"><span class='ocrx_word' id='word_1_177' title='bbox 169 1114 209 1144; x_wconf 86' lang='lat' dir='ltr'>sis</span> <span class='ocrx_word' id='word_1_178' title='bbox 219 1114 350 1151; x_wconf 89' lang='lat' dir='ltr'>relictus,</span> <span class='ocrx_word' id='word_1_179' title='bbox 363 1121 391 1145; x_wconf 90' lang='lat' dir='ltr'>et</span> <span class='ocrx_word' id='word_1_180' title='bbox 403 1121 436 1145; x_wconf 90' lang='lat' dir='ltr'>tu</span> <span class='ocrx_word' id='word_1_181' title='bbox 449 1115 640 1155; x_wconf 76' lang='lat' dir='ltr'>ixitelligis,et</span> <span class='ocrx_word' id='word_1_182' title='bbox 651 1126 703 1145; x_wconf 85' lang='lat' dir='ltr'>nos</span> <span class='ocrx_word' id='word_1_183' title='bbox 711 1116 882 1145; x_wconf 75' lang='lat' dir='ltr'>existimare</span> <span class='ocrx_word' id='word_1_184' title='bbox 892 1125 1062 1156; x_wconf 86' lang='lat' dir='ltr'>possumus.</span> 
     </span>
     <span class='ocr_line' id='line_1_25' title="bbox 170 1158 1065 1198; baseline 0 -11"><span class='ocrx_word' id='word_1_185' title='bbox 170 1159 225 1187; x_wconf 91' lang='lat' dir='ltr'>An</span> <span class='ocrx_word' id='word_1_186' title='bbox 238 1158 294 1187; x_wconf 92' lang='lat' dir='ltr'>hoc</span> <span class='ocrx_word' id='word_1_187' title='bbox 309 1159 408 1187; x_wconf 88' lang='lat' dir='ltr'>solum</span> <span class='ocrx_word' id='word_1_188' title='bbox 418 1164 634 1198; x_wconf 83' lang='lat' dir='ltr'>argumentum</span> <span class='ocrx_word' id='word_1_189' title='bbox 646 1165 700 1195; x_wconf 88' lang='lat' dir='ltr'>est,</span> <span class='ocrx_word' id='word_1_190' title='bbox 714 1159 791 1188; x_wconf 88' lang='lat' dir='ltr'>nihil</span> <span class='ocrx_word' id='word_1_191' title='bbox 801 1158 857 1188; x_wconf 86' lang='lat' dir='ltr'>isto</span> <span class='ocrx_word' id='word_1_192' title='bbox 872 1158 1065 1198; x_wconf 88' lang='lat' dir='ltr'>imprudente</span> 
     </span>
     <span class='ocr_line' id='line_1_26' title="bbox 171 1200 1066 1242; baseline 0.003 -13"><span class='ocrx_word' id='word_1_193' title='bbox 171 1200 300 1237; x_wconf 86' lang='lat' dir='ltr'>factum,</span> <span class='ocrx_word' id='word_1_194' title='bbox 317 1201 400 1241; x_wconf 91' lang='lat' dir='ltr'>quod</span> <span class='ocrx_word' id='word_1_195' title='bbox 416 1201 574 1232; x_wconf 85' lang='lat' dir='ltr'>Volcatius</span> <span class='ocrx_word' id='word_1_196' title='bbox 587 1202 613 1231; x_wconf 91' lang='lat' dir='ltr'>ei</span> <span class='ocrx_word' id='word_1_197' title='bbox 626 1212 687 1231; x_wconf 89' lang='lat' dir='ltr'>non</span> <span class='ocrx_word' id='word_1_198' title='bbox 699 1201 892 1232; x_wconf 76' lang='lat' dir='ltr'>succensuit?</span> <span class='ocrx_word' id='word_1_199' title='bbox 917 1201 999 1242; x_wconf 89' lang='lat' dir='ltr'>quod</span> <span class='ocrx_word' id='word_1_200' title='bbox 1011 1201 1066 1232; x_wconf 84' lang='lat' dir='ltr'>iste</span> 
     </span>
     <span class='ocr_line' id='line_1_27' title="bbox 171 1243 1006 1283; baseline 0.001 -10"><span class='ocrx_word' id='word_1_201' title='bbox 171 1253 227 1273; x_wconf 88' lang='lat' dir='ltr'>nec</span> <span class='ocrx_word' id='word_1_202' title='bbox 242 1243 273 1273; x_wconf 90' lang='lat' dir='ltr'>in</span> <span class='ocrx_word' id='word_1_203' title='bbox 291 1244 479 1283; x_wconf 77' lang='lat' dir='ltr'>Volcatium,</span> <span class='ocrx_word' id='word_1_204' title='bbox 496 1254 551 1274; x_wconf 87' lang='lat' dir='ltr'>nec</span> <span class='ocrx_word' id='word_1_205' title='bbox 565 1244 595 1274; x_wconf 92' lang='lat' dir='ltr'>in</span> <span class='ocrx_word' id='word_1_206' title='bbox 612 1245 751 1281; x_wconf 75' lang='lat' dir='ltr'>Bidinos,</span> <span class='ocrx_word' id='word_1_207' title='bbox 768 1244 1006 1274; x_wconf 78' lang='lat' dir='ltr'>animadvertit?</span> 
     </span>
    </p>

    <p class='ocr_par' dir='ltr' id='par_1_4' title="bbox 171 1286 1069 1800">
     <span class='ocr_line' id='line_1_28' title="bbox 215 1286 1067 1327; baseline 0.001 -11"><span class='ocrx_word' id='word_1_208' title='bbox 215 1286 273 1316; x_wconf 85' lang='lat' dir='ltr'>Est</span> <span class='ocrx_word' id='word_1_209' title='bbox 301 1297 449 1327; x_wconf 83' lang='lat' dir='ltr'>magnum</span> <span class='ocrx_word' id='word_1_210' title='bbox 479 1293 714 1327; x_wconf 84' lang='lat' dir='ltr'>argumentum:</span> <span class='ocrx_word' id='word_1_211' title='bbox 740 1298 845 1317; x_wconf 89' lang='lat' dir='ltr'>verum</span> <span class='ocrx_word' id='word_1_212' title='bbox 867 1287 945 1317; x_wconf 87' lang='lat' dir='ltr'>illud</span> <span class='ocrx_word' id='word_1_213' title='bbox 967 1287 1067 1317; x_wconf 80' lang='lat' dir='ltr'>maxi-</span> 
     </span>
     <span class='ocr_line' id='line_1_29' title="bbox 171 1329 1067 1371; baseline 0.002 -13"><span class='ocrx_word' id='word_1_214' title='bbox 171 1339 273 1367; x_wconf 89' lang='lat' dir='ltr'>mum,</span> <span class='ocrx_word' id='word_1_215' title='bbox 291 1329 374 1370; x_wconf 86' lang='lat' dir='ltr'>quod</span> <span class='ocrx_word' id='word_1_216' title='bbox 389 1330 449 1359; x_wconf 81' lang='lat' dir='ltr'>inis</span> <span class='ocrx_word' id='word_1_217' title='bbox 465 1330 536 1370; x_wconf 81' lang='lat' dir='ltr'>ipsis</span> <span class='ocrx_word' id='word_1_218' title='bbox 553 1331 673 1360; x_wconf 84' lang='lat' dir='ltr'>Bidinis</span> <span class='ocrx_word' id='word_1_219' title='bbox 689 1330 814 1371; x_wconf 82' lang='lat' dir='ltr'>(quibus</span> <span class='ocrx_word' id='word_1_220' title='bbox 830 1330 924 1360; x_wconf 85' lang='lat' dir='ltr'>iratus</span> <span class='ocrx_word' id='word_1_221' title='bbox 937 1340 998 1360; x_wconf 86' lang='lat' dir='ltr'>esse</span> <span class='ocrx_word' id='word_1_222' title='bbox 1014 1330 1067 1360; x_wconf 89' lang='lat' dir='ltr'>de-</span> 
     </span>
     <span class='ocr_line' id='line_1_30' title="bbox 172 1372 1065 1414; baseline 0.002 -13"><span class='ocrx_word' id='word_1_223' title='bbox 172 1372 251 1408; x_wconf 90' lang='lat' dir='ltr'>buit,</span> <span class='ocrx_word' id='word_1_224' title='bbox 277 1378 312 1402; x_wconf 91' lang='lat' dir='ltr'>ut</span> <span class='ocrx_word' id='word_1_225' title='bbox 335 1383 353 1402; x_wconf 89' lang='lat' dir='ltr'>a</span> <span class='ocrx_word' id='word_1_226' title='bbox 375 1373 487 1413; x_wconf 92' lang='lat' dir='ltr'>quibus</span> <span class='ocrx_word' id='word_1_227' title='bbox 510 1374 667 1414; x_wconf 88' lang='lat' dir='ltr'>comperit,</span> <span class='ocrx_word' id='word_1_228' title='bbox 690 1373 771 1414; x_wconf 88' lang='lat' dir='ltr'>quod</span> <span class='ocrx_word' id='word_1_229' title='bbox 792 1374 860 1412; x_wconf 88' lang='lat' dir='ltr'>jure</span> <span class='ocrx_word' id='word_1_230' title='bbox 883 1383 971 1414; x_wconf 88' lang='lat' dir='ltr'>agere</span> <span class='ocrx_word' id='word_1_231' title='bbox 994 1383 1065 1403; x_wconf 89' lang='lat' dir='ltr'>cum</span> 
     </span>
     <span class='ocr_line' id='line_1_31' title="bbox 172 1414 1066 1456; baseline 0.002 -12"><span class='ocrx_word' id='word_1_232' title='bbox 172 1414 316 1455; x_wconf 88' lang='lat' dir='ltr'>Epicrate</span> <span class='ocrx_word' id='word_1_233' title='bbox 332 1416 409 1445; x_wconf 84' lang='lat' dir='ltr'>nihil</span> <span class='ocrx_word' id='word_1_234' title='bbox 428 1422 560 1456; x_wconf 83' lang='lat' dir='ltr'>possent,</span> <span class='ocrx_word' id='word_1_235' title='bbox 578 1417 696 1446; x_wconf 79' lang='lat' dir='ltr'>etiamsi</span> <span class='ocrx_word' id='word_1_236' title='bbox 711 1416 837 1453; x_wconf 85' lang='lat' dir='ltr'>adesset,</span> <span class='ocrx_word' id='word_1_237' title='bbox 853 1416 962 1446; x_wconf 81' lang='lat' dir='ltr'>idcirco</span> <span class='ocrx_word' id='word_1_238' title='bbox 975 1426 1066 1446; x_wconf 89' lang='lat' dir='ltr'>suum</span> 
     </span>
     <span class='ocr_line' id='line_1_32' title="bbox 172 1457 1067 1500; baseline 0.002 -13"><span class='ocrx_word' id='word_1_239' title='bbox 172 1457 329 1487; x_wconf 90' lang='lat' dir='ltr'>decretum</span> <span class='ocrx_word' id='word_1_240' title='bbox 344 1459 474 1498; x_wconf 69' lang='lat' dir='ltr'>pecunia</span> <span class='ocrx_word' id='word_1_241' title='bbox 499 1470 560 1489; x_wconf 91' lang='lat' dir='ltr'>esse</span> <span class='ocrx_word' id='word_1_242' title='bbox 576 1465 740 1495; x_wconf 88' lang='lat' dir='ltr'>tentatum)</span> <span class='ocrx_word' id='word_1_243' title='bbox 763 1459 822 1496; x_wconf 82' lang='lat' dir='ltr'>his,</span> <span class='ocrx_word' id='word_1_244' title='bbox 839 1459 978 1500; x_wconf 85' lang='lat' dir='ltr'>inquam,</span> <span class='ocrx_word' id='word_1_245' title='bbox 994 1459 1067 1499; x_wconf 89' lang='lat' dir='ltr'>ipsis</span> 
     </span>
     <span class='ocr_line' id='line_1_33' title="bbox 173 1501 1064 1543; baseline 0.002 -13"><span class='ocrx_word' id='word_1_246' title='bbox 173 1510 235 1530; x_wconf 92' lang='lat' dir='ltr'>non</span> <span class='ocrx_word' id='word_1_247' title='bbox 251 1501 342 1531; x_wconf 91' lang='lat' dir='ltr'>modo</span> <span class='ocrx_word' id='word_1_248' title='bbox 358 1501 443 1531; x_wconf 88' lang='lat' dir='ltr'>illam</span> <span class='ocrx_word' id='word_1_249' title='bbox 459 1502 677 1540; x_wconf 83' lang='lat' dir='ltr'>haereditatem,</span> <span class='ocrx_word' id='word_1_250' title='bbox 687 1514 756 1543; x_wconf 67' lang='lat' dir='ltr'>qua}</span> <span class='ocrx_word' id='word_1_251' title='bbox 772 1502 908 1543; x_wconf 86' lang='lat' dir='ltr'>Epicrati</span> <span class='ocrx_word' id='word_1_252' title='bbox 923 1508 1064 1538; x_wconf 82' lang='lat' dir='ltr'>venerat3</span> 
     </span>
     <span class='ocr_line' id='line_1_34' title="bbox 173 1543 1067 1586; baseline 0 -12"><span class='ocrx_word' id='word_1_253' title='bbox 173 1543 226 1574; x_wconf 86' lang='lat' dir='ltr'>sed</span> <span class='ocrx_word' id='word_1_254' title='bbox 251 1546 300 1577; x_wconf 86' lang='lat' dir='ltr'>(ut</span> <span class='ocrx_word' id='word_1_255' title='bbox 322 1544 353 1573; x_wconf 93' lang='lat' dir='ltr'>in</span> <span class='ocrx_word' id='word_1_256' title='bbox 371 1545 514 1575; x_wconf 90' lang='lat' dir='ltr'>Heraclio</span> <span class='ocrx_word' id='word_1_257' title='bbox 530 1546 729 1586; x_wconf 85' lang='lat' dir='ltr'>Syracusano,</span> <span class='ocrx_word' id='word_1_258' title='bbox 749 1546 821 1575; x_wconf 88' lang='lat' dir='ltr'>item</span> <span class='ocrx_word' id='word_1_259' title='bbox 838 1545 869 1575; x_wconf 88' lang='lat' dir='ltr'>in</span> <span class='ocrx_word' id='word_1_260' title='bbox 885 1545 952 1582; x_wconf 88' lang='lat' dir='ltr'>hoc,</span> <span class='ocrx_word' id='word_1_261' title='bbox 975 1545 1067 1585; x_wconf 88' lang='lat' dir='ltr'>paulo</span> 
     </span>
     <span class='ocr_line' id='line_1_35' title="bbox 173 1586 1067 1629; baseline 0.002 -14"><span class='ocrx_word' id='word_1_262' title='bbox 173 1586 267 1616; x_wconf 87' lang='lat' dir='ltr'>etiam</span> <span class='ocrx_word' id='word_1_263' title='bbox 297 1587 437 1625; x_wconf 89' lang='lat' dir='ltr'>atrocius,</span> <span class='ocrx_word' id='word_1_264' title='bbox 466 1588 548 1629; x_wconf 91' lang='lat' dir='ltr'>quod</span> <span class='ocrx_word' id='word_1_265' title='bbox 572 1589 729 1629; x_wconf 86' lang='lat' dir='ltr'>Epicrates</span> <span class='ocrx_word' id='word_1_266' title='bbox 750 1589 919 1629; x_wconf 83' lang='lat' dir='ltr'>appellatus</span> <span class='ocrx_word' id='word_1_267' title='bbox 943 1588 1067 1618; x_wconf 86' lang='lat' dir='ltr'>omnino</span> 
     </span>
     <span class='ocr_line' id='line_1_36' title="bbox 173 1630 1069 1672; baseline 0.002 -14"><span class='ocrx_word' id='word_1_268' title='bbox 173 1639 237 1659; x_wconf 88' lang='lat' dir='ltr'>non</span> <span class='ocrx_word' id='word_1_269' title='bbox 250 1636 326 1667; x_wconf 90' lang='lat' dir='ltr'>erat)</span> <span class='ocrx_word' id='word_1_270' title='bbox 342 1631 422 1660; x_wconf 89' lang='lat' dir='ltr'>bona</span> <span class='ocrx_word' id='word_1_271' title='bbox 437 1631 534 1671; x_wconf 88' lang='lat' dir='ltr'>patria</span> <span class='ocrx_word' id='word_1_272' title='bbox 553 1631 749 1672; x_wconf 85' lang='lat' dir='ltr'>fortunasque</span> <span class='ocrx_word' id='word_1_273' title='bbox 765 1633 829 1670; x_wconf 84' lang='lat' dir='ltr'>ejus</span> <span class='ocrx_word' id='word_1_274' title='bbox 845 1631 964 1661; x_wconf 87' lang='lat' dir='ltr'>Bidinis</span> <span class='ocrx_word' id='word_1_275' title='bbox 977 1630 1069 1660; x_wconf 88' lang='lat' dir='ltr'>tradi-</span> 
     </span>
     <span class='ocr_line' id='line_1_37' title="bbox 171 1672 1067 1714; baseline 0.002 -13"><span class='ocrx_word' id='word_1_276' title='bbox 171 1672 228 1701; x_wconf 84' lang='lat' dir='ltr'>dit.</span> <span class='ocrx_word' id='word_1_277' title='bbox 253 1672 396 1702; x_wconf 85' lang='lat' dir='ltr'>Ostendit</span> <span class='ocrx_word' id='word_1_278' title='bbox 415 1674 496 1703; x_wconf 85' lang='lat' dir='ltr'>enim</span> <span class='ocrx_word' id='word_1_279' title='bbox 517 1684 595 1704; x_wconf 84' lang='lat' dir='ltr'>novo</span> <span class='ocrx_word' id='word_1_280' title='bbox 617 1675 719 1711; x_wconf 86' lang='lat' dir='ltr'>modo,</span> <span class='ocrx_word' id='word_1_281' title='bbox 733 1675 757 1704; x_wconf 85' lang='lat' dir='ltr'>si</span> <span class='ocrx_word' id='word_1_282' title='bbox 773 1674 840 1714; x_wconf 89' lang='lat' dir='ltr'>quis</span> <span class='ocrx_word' id='word_1_283' title='bbox 857 1674 930 1714; x_wconf 89' lang='lat' dir='ltr'>quid</span> <span class='ocrx_word' id='word_1_284' title='bbox 946 1675 984 1703; x_wconf 90' lang='lat' dir='ltr'>ab</span> <span class='ocrx_word' id='word_1_285' title='bbox 999 1675 1067 1703; x_wconf 87' lang='lat' dir='ltr'>abs-</span> 
     </span>
     <span class='ocr_line' id='line_1_38' title="bbox 173 1717 1063 1757; baseline 0.001 -13"><span class='ocrx_word' id='word_1_286' title='bbox 173 1721 243 1745; x_wconf 85' lang='lat' dir='ltr'>ente</span> <span class='ocrx_word' id='word_1_287' title='bbox 272 1721 396 1756; x_wconf 85' lang='lat' dir='ltr'>peteret,</span> <span class='ocrx_word' id='word_1_288' title='bbox 421 1727 451 1746; x_wconf 89' lang='lat' dir='ltr'>se</span> <span class='ocrx_word' id='word_1_289' title='bbox 474 1717 660 1747; x_wconf 88' lang='lat' dir='ltr'>auditurum.</span> <span class='ocrx_word' id='word_1_290' title='bbox 683 1717 812 1747; x_wconf 86' lang='lat' dir='ltr'>Adeunt</span> <span class='ocrx_word' id='word_1_291' title='bbox 827 1717 943 1753; x_wconf 87' lang='lat' dir='ltr'>Bidini,</span> <span class='ocrx_word' id='word_1_292' title='bbox 960 1723 1063 1757; x_wconf 77' lang='lat' dir='ltr'>petunt</span> 
     </span>
     <span class='ocr_line' id='line_1_39' title="bbox 174 1757 1067 1800; baseline 0 -12"><span class='ocrx_word' id='word_1_293' title='bbox 174 1757 402 1790; x_wconf 65' lang='lat' dir='ltr'>haereditatem:</span> <span class='ocrx_word' id='word_1_294' title='bbox 426 1766 632 1800; x_wconf 81' lang='lat' dir='ltr'>procuratores</span> <span class='ocrx_word' id='word_1_295' title='bbox 647 1761 813 1800; x_wconf 84' lang='lat' dir='ltr'>postulant,</span> <span class='ocrx_word' id='word_1_296' title='bbox 830 1765 865 1790; x_wconf 91' lang='lat' dir='ltr'>ut</span> <span class='ocrx_word' id='word_1_297' title='bbox 880 1770 910 1791; x_wconf 89' lang='lat' dir='ltr'>se</span> <span class='ocrx_word' id='word_1_298' title='bbox 934 1759 972 1790; x_wconf 83' lang='lat' dir='ltr'>ad</span> <span class='ocrx_word' id='word_1_299' title='bbox 987 1760 1067 1800; x_wconf 81' lang='lat' dir='ltr'>leges</span> 
     </span>
    </p>
   </div>
  </div>
 </body>
</html>
