<?xml version="1.0" encoding="UTF-8"?>
<!DOCTYPE html PUBLIC "-//W3C//DTD XHTML 1.0 Transitional//EN"
    "http://www.w3.org/TR/xhtml1/DTD/xhtml1-transitional.dtd">
<html xmlns="http://www.w3.org/1999/xhtml" xml:lang="en" lang="en">
 <head>
  <title>
</title>
<meta http-equiv="Content-Type" content="text/html;charset=utf-8" />
  <meta name='ocr-system' content='tesseract 3.04.00' />
  <meta name='ocr-capabilities' content='ocr_page ocr_carea ocr_par ocr_line ocrx_word'/>
</head>
<body>
  <div class='ocr_page' id='page_1' title='image "./operaern05ciceuoft_0058.png"; bbox 0 0 1181 1902; ppageno 0'>
   <div class='ocr_carea' id='block_1_1' title="bbox 183 121 984 154">
    <p class='ocr_par' dir='ltr' id='par_1_1' title="bbox 183 121 984 154">
     <span class='ocr_line' id='line_1_1' title="bbox 183 121 984 154; baseline -0.002 -2"><span class='ocrx_word' id='word_1_1' title='bbox 183 123 225 152; x_wconf 74' lang='lat'><strong>46</strong></span> <span class='ocrx_word' id='word_1_2' title='bbox 270 121 361 153; x_wconf 89' lang='lat' dir='ltr'><strong>PRO</strong></span> <span class='ocrx_word' id='word_1_3' title='bbox 385 121 552 154; x_wconf 87' lang='lat' dir='ltr'>ROSCIO</span> <span class='ocrx_word' id='word_1_4' title='bbox 574 121 807 154; x_wconf 86' lang='lat' dir='ltr'><strong>AMERINO.</strong></span> <span class='ocrx_word' id='word_1_5' title='bbox 831 121 916 152; x_wconf 54' lang='lat' dir='ltr'><strong>Ciu».</strong></span> <span class='ocrx_word' id='word_1_6' title='bbox 935 121 984 150; x_wconf 91' lang='grc'><strong>11.</strong></span> 
     </span>
    </p>
   </div>
   <div class='ocr_carea' id='block_1_2' title="bbox 183 204 1095 1836">
    <p class='ocr_par' dir='ltr' id='par_1_2' title="bbox 183 204 1088 1482">
     <span class='ocr_line' id='line_1_2' title="bbox 183 204 1071 249; baseline -0.003 -12"><span class='ocrx_word' id='word_1_7' title='bbox 183 214 408 249; x_wconf 82' lang='lat' dir='ltr'><strong>gnatorumque</strong></span> <span class='ocrx_word' id='word_1_8' title='bbox 430 209 578 239; x_wconf 62' lang='lat' dir='ltr'><strong>sententia</strong></span> <span class='ocrx_word' id='word_1_9' title='bbox 594 209 727 239; x_wconf 82' lang='lat' dir='ltr'><strong>Romam</strong></span> <span class='ocrx_word' id='word_1_10' title='bbox 747 207 895 248; x_wconf 79' lang='lat' dir='ltr'><strong>confugit,</strong></span> <span class='ocrx_word' id='word_1_11' title='bbox 911 212 940 236; x_wconf 88' lang='lat' dir='ltr'><strong>et</strong></span> <span class='ocrx_word' id='word_1_12' title='bbox 955 216 1017 236; x_wconf 88' lang='lat' dir='ltr'><strong>sese</strong></span> <span class='ocrx_word' id='word_1_13' title='bbox 1032 204 1071 234; x_wconf 84' lang='lat' dir='ltr'><strong>ad</strong></span> 
     </span>
     <span class='ocr_line' id='line_1_3' title="bbox 184 249 1072 293; baseline -0.005 -12"><span class='ocrx_word' id='word_1_14' title='bbox 184 251 351 288; x_wconf 79' lang='lat' dir='ltr'><strong>Caeeiliam,</strong></span> <span class='ocrx_word' id='word_1_15' title='bbox 372 252 500 293; x_wconf 86' lang='lat' dir='ltr'>Nepotis</span> <span class='ocrx_word' id='word_1_16' title='bbox 515 252 621 290; x_wconf 83' lang='lat' dir='ltr'><strong>filiam,</strong></span> <span class='ocrx_word' id='word_1_17' title='bbox 639 255 746 292; x_wconf 89' lang='lat' dir='ltr'><strong>(quam</strong></span> <span class='ocrx_word' id='word_1_18' title='bbox 768 250 889 281; x_wconf 82' lang='lat' dir='ltr'><strong>honoris</strong></span> <span class='ocrx_word' id='word_1_19' title='bbox 913 249 1003 279; x_wconf 60' lang='lat' dir='ltr'><strong>causa</strong></span> <span class='ocrx_word' id='word_1_20' title='bbox 1018 257 1072 277; x_wconf 91' lang='lat' dir='ltr'><strong>no-</strong></span> 
     </span>
     <span class='ocr_line' id='line_1_4' title="bbox 185 290 1073 335; baseline -0.003 -13"><span class='ocrx_word' id='word_1_21' title='bbox 185 293 283 330; x_wconf 92' lang='lat' dir='ltr'><strong>mino)</strong></span> <span class='ocrx_word' id='word_1_22' title='bbox 306 295 444 333; x_wconf 75' lang='lat' dir='ltr'><strong>contulit,</strong></span> <span class='ocrx_word' id='word_1_23' title='bbox 464 295 526 335; x_wconf 65' lang='lat' dir='ltr'><strong>qua</strong></span> <span class='ocrx_word' id='word_1_24' title='bbox 548 302 632 335; x_wconf 85' lang='lat' dir='ltr'><strong>pater</strong></span> <span class='ocrx_word' id='word_1_25' title='bbox 652 305 725 325; x_wconf 76' lang='lat' dir='ltr'><strong>usus</strong></span> <span class='ocrx_word' id='word_1_26' title='bbox 745 300 807 324; x_wconf 89' lang='lat' dir='ltr'><strong>erat</strong></span> <span class='ocrx_word' id='word_1_27' title='bbox 830 292 1015 334; x_wconf 81' lang='lat' dir='ltr'><strong>plurimum:</strong></span> <span class='ocrx_word' id='word_1_28' title='bbox 1041 290 1073 319; x_wconf 90' lang='lat' dir='ltr'><strong>in</strong></span> 
     </span>
     <span class='ocr_line' id='line_1_5' title="bbox 187 335 1074 376; baseline -0.005 -10"><span class='ocrx_word' id='word_1_29' title='bbox 187 336 250 376; x_wconf 68' lang='lat' dir='ltr'><strong>qua</strong></span> <span class='ocrx_word' id='word_1_30' title='bbox 265 337 402 375; x_wconf 73' lang='lat' dir='ltr'><strong>muliere,</strong></span> <span class='ocrx_word' id='word_1_31' title='bbox 417 338 543 376; x_wconf 75' lang='lat' dir='ltr'><strong>judices,</strong></span> <span class='ocrx_word' id='word_1_32' title='bbox 562 338 653 368; x_wconf 81' lang='lat' dir='ltr'><strong>etiam</strong></span> <span class='ocrx_word' id='word_1_33' title='bbox 672 347 765 375; x_wconf 73' lang='lat' dir='ltr'><strong>nunc,</strong></span> <span class='ocrx_word' id='word_1_34' title='bbox 787 336 843 373; x_wconf 70' lang='lat' dir='ltr'><strong>(id,</strong></span> <span class='ocrx_word' id='word_1_35' title='bbox 867 335 950 376; x_wconf 85' lang='lat' dir='ltr'><strong>quod</strong></span> <span class='ocrx_word' id='word_1_36' title='bbox 970 343 1074 363; x_wconf 86' lang='lat' dir='ltr'><strong>omnes</strong></span> 
     </span>
     <span class='ocr_line' id='line_1_6' title="bbox 187 376 1074 422; baseline -0.003 -14"><span class='ocrx_word' id='word_1_37' title='bbox 187 389 305 419; x_wconf 85' lang='lat' dir='ltr'><strong>semper</strong></span> <span class='ocrx_word' id='word_1_38' title='bbox 325 380 584 417; x_wconf 79' lang='lat' dir='ltr'><strong>existimaverunt)</strong></span> <span class='ocrx_word' id='word_1_39' title='bbox 606 380 692 422; x_wconf 86' lang='lat' dir='ltr'><strong>quasi</strong></span> <span class='ocrx_word' id='word_1_40' title='bbox 713 379 845 419; x_wconf 81' lang='lat' dir='ltr'><strong>exempli</strong></span> <span class='ocrx_word' id='word_1_41' title='bbox 867 378 967 415; x_wconf 62' lang='lat' dir='ltr'><strong>causa,</strong></span> <span class='ocrx_word' id='word_1_42' title='bbox 985 376 1074 407; x_wconf 82' lang='lat' dir='ltr'><strong>vesti-</strong></span> 
     </span>
     <span class='ocr_line' id='line_1_7' title="bbox 186 419 1075 463; baseline -0.003 -12"><span class='ocrx_word' id='word_1_43' title='bbox 186 421 237 461; x_wconf 89' lang='lat' dir='ltr'><strong>gia</strong></span> <span class='ocrx_word' id='word_1_44' title='bbox 252 422 369 463; x_wconf 81' lang='lat' dir='ltr'>antiqui</span> <span class='ocrx_word' id='word_1_45' title='bbox 388 424 476 454; x_wconf 86' lang='lat' dir='ltr'><strong>officii</strong></span> <span class='ocrx_word' id='word_1_46' title='bbox 494 430 659 454; x_wconf 82' lang='lat' dir='ltr'><strong>remanent.</strong></span> <span class='ocrx_word' id='word_1_47' title='bbox 697 423 745 453; x_wconf 85' lang='lat' dir='ltr'><strong>Ea</strong></span> <span class='ocrx_word' id='word_1_48' title='bbox 761 425 830 453; x_wconf 64' lang='lat' dir='ltr'><strong>Sex.</strong></span> <span class='ocrx_word' id='word_1_49' title='bbox 848 420 1006 456; x_wconf 76' lang='lat' dir='ltr'><strong>Roscium,</strong></span> <span class='ocrx_word' id='word_1_50' title='bbox 1027 419 1075 448; x_wconf 90' lang='lat' dir='ltr'><strong>in-</strong></span> 
     </span>
     <span class='ocr_line' id='line_1_8' title="bbox 186 462 1076 507; baseline -0.003 -13"><span class='ocrx_word' id='word_1_51' title='bbox 186 475 288 505; x_wconf 73' lang='lat' dir='ltr'><strong>opem,</strong></span> <span class='ocrx_word' id='word_1_52' title='bbox 305 466 433 504; x_wconf 87' lang='lat' dir='ltr'><strong>ejectum</strong></span> <span class='ocrx_word' id='word_1_53' title='bbox 456 467 547 496; x_wconf 89' lang='lat' dir='ltr'><strong>domo</strong></span> <span class='ocrx_word' id='word_1_54' title='bbox 568 474 659 507; x_wconf 91' lang='lat' dir='ltr'><strong>atque</strong></span> <span class='ocrx_word' id='word_1_55' title='bbox 674 466 837 506; x_wconf 79' lang='lat' dir='ltr'><strong>expulsum</strong></span> <span class='ocrx_word' id='word_1_56' title='bbox 850 475 887 494; x_wconf 81' lang='lat' dir='ltr'><strong>ex</strong></span> <span class='ocrx_word' id='word_1_57' title='bbox 903 463 964 493; x_wconf 84' lang='lat' dir='ltr'><strong>suis</strong></span> <span class='ocrx_word' id='word_1_58' title='bbox 978 462 1076 499; x_wconf 76' lang='lat' dir='ltr'><strong>bonis,</strong></span> 
     </span>
     <span class='ocr_line' id='line_1_9' title="bbox 188 506 1076 547; baseline -0.002 -11"><span class='ocrx_word' id='word_1_59' title='bbox 188 507 357 547; x_wconf 76' lang='lat' dir='ltr'><strong>fugientem</strong></span> <span class='ocrx_word' id='word_1_60' title='bbox 371 509 523 539; x_wconf 89' lang='lat' dir='ltr'><strong>latronum</strong></span> <span class='ocrx_word' id='word_1_61' title='bbox 541 510 600 539; x_wconf 83' lang='lat' dir='ltr'><strong>tela</strong></span> <span class='ocrx_word' id='word_1_62' title='bbox 620 515 649 539; x_wconf 91' lang='lat' dir='ltr'><strong>et</strong></span> <span class='ocrx_word' id='word_1_63' title='bbox 666 508 775 545; x_wconf 72' lang='lat' dir='ltr'><strong>minas,</strong></span> <span class='ocrx_word' id='word_1_64' title='bbox 798 507 908 547; x_wconf 85' lang='lat' dir='ltr'><strong>recepit</strong></span> <span class='ocrx_word' id='word_1_65' title='bbox 928 506 1076 540; x_wconf 77' lang='lat' dir='ltr'><strong>domum3</strong></span> 
     </span>
     <span class='ocr_line' id='line_1_10' title="bbox 188 548 1077 592; baseline -0.003 -13"><span class='ocrx_word' id='word_1_66' title='bbox 188 550 361 591; x_wconf 83' lang='lat' dir='ltr'>hospitique</span> <span class='ocrx_word' id='word_1_67' title='bbox 384 562 524 592; x_wconf 87' lang='lat' dir='ltr'><strong>oppresso</strong></span> <span class='ocrx_word' id='word_1_68' title='bbox 536 553 613 592; x_wconf 73' lang='lat' dir='ltr'><strong>jam,</strong></span> <span class='ocrx_word' id='word_1_69' title='bbox 634 552 849 591; x_wconf 76' lang='lat' dir='ltr'><strong>desperatoque</strong></span> <span class='ocrx_word' id='word_1_70' title='bbox 870 551 908 580; x_wconf 87' lang='lat' dir='ltr'><strong>ab</strong></span> <span class='ocrx_word' id='word_1_71' title='bbox 924 548 1077 585; x_wconf 83' lang='lat' dir='ltr'><strong>omnibus,</strong></span> 
     </span>
     <span class='ocr_line' id='line_1_11' title="bbox 191 591 1077 634; baseline -0.003 -12"><span class='ocrx_word' id='word_1_72' title='bbox 191 593 340 633; x_wconf 74' lang='lat' dir='ltr'><strong>opitulata</strong></span> <span class='ocrx_word' id='word_1_73' title='bbox 355 600 407 624; x_wconf 89' lang='lat' dir='ltr'><strong>est.</strong></span> <span class='ocrx_word' id='word_1_74' title='bbox 440 595 518 634; x_wconf 85' lang='lat' dir='ltr'><strong>Ejus</strong></span> <span class='ocrx_word' id='word_1_75' title='bbox 534 595 655 632; x_wconf 76' lang='lat' dir='ltr'><strong>virtute,</strong></span> <span class='ocrx_word' id='word_1_76' title='bbox 678 594 748 631; x_wconf 80' lang='lat' dir='ltr'><strong>fide,</strong></span> <span class='ocrx_word' id='word_1_77' title='bbox 770 592 939 633; x_wconf 65' lang='lat' dir='ltr'><strong>diligentia,</strong></span> <span class='ocrx_word' id='word_1_78' title='bbox 962 591 1077 621; x_wconf 86' lang='lat' dir='ltr'><strong>factum</strong></span> 
     </span>
     <span class='ocr_line' id='line_1_12' title="bbox 188 634 1077 677; baseline -0.011 -4"><span class='ocrx_word' id='word_1_79' title='bbox 188 642 243 672; x_wconf 65' lang='lat' dir='ltr'><strong>esta</strong></span> <span class='ocrx_word' id='word_1_80' title='bbox 260 642 294 666; x_wconf 78' lang='lat' dir='ltr'><strong>ut</strong></span> <span class='ocrx_word' id='word_1_81' title='bbox 306 637 354 666; x_wconf 86' lang='lat' dir='ltr'><strong>hic</strong></span> <span class='ocrx_word' id='word_1_82' title='bbox 369 637 469 677; x_wconf 86' lang='lat' dir='ltr'><strong>potius</strong></span> <span class='ocrx_word' id='word_1_83' title='bbox 486 638 571 668; x_wconf 85' lang='lat' dir='ltr'><strong>vivus</strong></span> <span class='ocrx_word' id='word_1_84' title='bbox 584 638 615 667; x_wconf 92' lang='lat' dir='ltr'><strong>in</strong></span> <span class='ocrx_word' id='word_1_85' title='bbox 630 648 706 675; x_wconf 75' lang='lat' dir='ltr'><strong>reos,</strong></span> <span class='ocrx_word' id='word_1_86' title='bbox 723 647 816 677; x_wconf 90' lang='lat' dir='ltr'><strong>quam</strong></span> <span class='ocrx_word' id='word_1_87' title='bbox 832 635 945 665; x_wconf 85' lang='lat' dir='ltr'><strong>occisus</strong></span> <span class='ocrx_word' id='word_1_88' title='bbox 960 634 991 664; x_wconf 88' lang='lat' dir='ltr'><strong>in</strong></span> <span class='ocrx_word' id='word_1_89' title='bbox 1007 643 1077 674; x_wconf 89' lang='lat' dir='ltr'><strong>pro-</strong></span> 
     </span>
     <span class='ocr_line' id='line_1_13' title="bbox 190 676 1079 721; baseline -0.004 -11"><span class='ocrx_word' id='word_1_90' title='bbox 190 679 327 719; x_wconf 81' lang='lat' dir='ltr'><strong>scriptos,</strong></span> <span class='ocrx_word' id='word_1_91' title='bbox 345 680 512 710; x_wconf 84' lang='lat' dir='ltr'>referretur.</span> <span class='ocrx_word' id='word_1_92' title='bbox 547 681 642 718; x_wconf 78' lang='lat' dir='ltr'><strong>Nam,</strong></span> <span class='ocrx_word' id='word_1_93' title='bbox 667 686 829 721; x_wconf 75' lang='lat' dir='ltr'><strong>postquam</strong></span> <span class='ocrx_word' id='word_1_94' title='bbox 851 678 900 708; x_wconf 87' lang='lat' dir='ltr'><strong>isti</strong></span> <span class='ocrx_word' id='word_1_95' title='bbox 922 676 1079 707; x_wconf 79' lang='lat' dir='ltr'><strong>intellexe-</strong></span> 
     </span>
     <span class='ocr_line' id='line_1_14' title="bbox 190 718 1080 764; baseline -0.003 -13"><span class='ocrx_word' id='word_1_96' title='bbox 190 728 273 759; x_wconf 67' lang='lat' dir='ltr'><strong>runt,</strong></span> <span class='ocrx_word' id='word_1_97' title='bbox 290 722 411 752; x_wconf 69' lang='lat' dir='ltr'><strong>summa</strong></span> <span class='ocrx_word' id='word_1_98' title='bbox 429 723 585 764; x_wconf 67' lang='lat' dir='ltr'><strong>diligentia</strong></span> <span class='ocrx_word' id='word_1_99' title='bbox 600 723 694 753; x_wconf 87' lang='lat' dir='ltr'><strong>vitam</strong></span> <span class='ocrx_word' id='word_1_100' title='bbox 717 724 786 753; x_wconf 71' lang='lat' dir='ltr'><strong>Sex.</strong></span> <span class='ocrx_word' id='word_1_101' title='bbox 805 721 907 751; x_wconf 78' lang='lat' dir='ltr'>Roscii</span> <span class='ocrx_word' id='word_1_102' title='bbox 927 718 1080 757; x_wconf 87' lang='lat' dir='ltr'><strong>custodiri,</strong></span> 
     </span>
     <span class='ocr_line' id='line_1_15' title="bbox 191 763 1082 806; baseline -0.003 -12"><span class='ocrx_word' id='word_1_103' title='bbox 191 774 290 805; x_wconf 90' lang='lat' dir='ltr'><strong>neque</strong></span> <span class='ocrx_word' id='word_1_104' title='bbox 303 765 358 795; x_wconf 81' lang='lat' dir='ltr'><strong>sibi</strong></span> <span class='ocrx_word' id='word_1_105' title='bbox 370 766 465 796; x_wconf 87' lang='lat' dir='ltr'><strong>ullam</strong></span> <span class='ocrx_word' id='word_1_106' title='bbox 477 766 564 796; x_wconf 81' lang='lat' dir='ltr'><strong>caedis</strong></span> <span class='ocrx_word' id='word_1_107' title='bbox 573 766 717 796; x_wconf 65' lang='lat' dir='ltr'><strong>facienda)</strong></span> <span class='ocrx_word' id='word_1_108' title='bbox 729 770 906 806; x_wconf 84' lang='lat' dir='ltr'><strong>potestatem</strong></span> <span class='ocrx_word' id='word_1_109' title='bbox 917 763 997 798; x_wconf 77' lang='lat' dir='ltr'><strong>dari3</strong></span> <span class='ocrx_word' id='word_1_110' title='bbox 1011 771 1082 792; x_wconf 81' lang='lat' dir='ltr'><strong>con-</strong></span> 
     </span>
     <span class='ocr_line' id='line_1_16' title="bbox 192 806 1083 850; baseline -0.003 -13"><span class='ocrx_word' id='word_1_111' title='bbox 192 807 295 837; x_wconf 85' lang='lat' dir='ltr'><strong>silium</strong></span> <span class='ocrx_word' id='word_1_112' title='bbox 310 815 464 848; x_wconf 76' lang='lat' dir='ltr'><strong>ceperunt,</strong></span> <span class='ocrx_word' id='word_1_113' title='bbox 481 810 607 850; x_wconf 90' lang='lat' dir='ltr'><strong>plenum</strong></span> <span class='ocrx_word' id='word_1_114' title='bbox 629 809 745 839; x_wconf 81' lang='lat' dir='ltr'><strong>sceleris</strong></span> <span class='ocrx_word' id='word_1_115' title='bbox 767 814 796 838; x_wconf 87' lang='lat' dir='ltr'><strong>et</strong></span> <span class='ocrx_word' id='word_1_116' title='bbox 811 806 954 844; x_wconf 79' lang='lat' dir='ltr'><strong>audaciae,</strong></span> <span class='ocrx_word' id='word_1_117' title='bbox 972 812 1006 835; x_wconf 88' lang='lat' dir='ltr'><strong>ut</strong></span> <span class='ocrx_word' id='word_1_118' title='bbox 1028 814 1083 834; x_wconf 88' lang='lat' dir='ltr'><strong>no-</strong></span> 
     </span>
     <span class='ocr_line' id='line_1_17' title="bbox 191 849 1080 892; baseline -0.003 -12"><span class='ocrx_word' id='word_1_119' title='bbox 191 860 263 880; x_wconf 87' lang='lat' dir='ltr'><strong>men</strong></span> <span class='ocrx_word' id='word_1_120' title='bbox 283 851 375 890; x_wconf 88' lang='lat' dir='ltr'><strong>hujus</strong></span> <span class='ocrx_word' id='word_1_121' title='bbox 395 851 433 882; x_wconf 87' lang='lat' dir='ltr'><strong>de</strong></span> <span class='ocrx_word' id='word_1_122' title='bbox 450 852 609 892; x_wconf 84' lang='lat' dir='ltr'><strong>parricidio</strong></span> <span class='ocrx_word' id='word_1_123' title='bbox 624 852 793 886; x_wconf 87' lang='lat' dir='ltr'><strong>deferrent;</strong></span> <span class='ocrx_word' id='word_1_124' title='bbox 818 856 853 880; x_wconf 92' lang='lat' dir='ltr'><strong>ut</strong></span> <span class='ocrx_word' id='word_1_125' title='bbox 875 849 912 879; x_wconf 90' lang='lat' dir='ltr'><strong>ad</strong></span> <span class='ocrx_word' id='word_1_126' title='bbox 933 859 1000 879; x_wconf 86' lang='lat' dir='ltr'><strong>eam</strong></span> <span class='ocrx_word' id='word_1_127' title='bbox 1016 857 1080 877; x_wconf 90' lang='lat' dir='ltr'><strong>rem</strong></span> 
     </span>
     <span class='ocr_line' id='line_1_18' title="bbox 191 891 1083 934; baseline -0.003 -12"><span class='ocrx_word' id='word_1_128' title='bbox 191 893 326 934; x_wconf 86' lang='lat' dir='ltr'><strong>aliquem</strong></span> <span class='ocrx_word' id='word_1_129' title='bbox 337 901 539 925; x_wconf 82' lang='lat' dir='ltr'><strong>accusatorem</strong></span> <span class='ocrx_word' id='word_1_130' title='bbox 556 901 686 925; x_wconf 88' lang='lat' dir='ltr'><strong>veterem</strong></span> <span class='ocrx_word' id='word_1_131' title='bbox 698 898 917 934; x_wconf 82' lang='lat' dir='ltr'><strong>compararent,</strong></span> <span class='ocrx_word' id='word_1_132' title='bbox 929 891 984 932; x_wconf 91' lang='lat' dir='ltr'><strong>qui</strong></span> <span class='ocrx_word' id='word_1_133' title='bbox 995 891 1032 920; x_wconf 89' lang='lat' dir='ltr'><strong>de</strong></span> <span class='ocrx_word' id='word_1_134' title='bbox 1047 891 1083 920; x_wconf 63' lang='lat' dir='ltr'><strong>ea</strong></span> 
     </span>
     <span class='ocr_line' id='line_1_19' title="bbox 192 935 1084 979; baseline -0.003 -14"><span class='ocrx_word' id='word_1_135' title='bbox 192 946 225 966; x_wconf 89' lang='lat' dir='ltr'><strong>re</strong></span> <span class='ocrx_word' id='word_1_136' title='bbox 250 943 349 977; x_wconf 86' lang='lat' dir='ltr'><strong>posset</strong></span> <span class='ocrx_word' id='word_1_137' title='bbox 372 938 469 968; x_wconf 89' lang='lat' dir='ltr'><strong>dicere</strong></span> <span class='ocrx_word' id='word_1_138' title='bbox 495 938 622 979; x_wconf 73' lang='lat' dir='ltr'><strong>aliquid,</strong></span> <span class='ocrx_word' id='word_1_139' title='bbox 653 938 685 967; x_wconf 87' lang='lat' dir='ltr'><strong>in</strong></span> <span class='ocrx_word' id='word_1_140' title='bbox 711 937 773 977; x_wconf 61' lang='lat' dir='ltr'><strong>quit</strong></span> <span class='ocrx_word' id='word_1_141' title='bbox 794 946 825 966; x_wconf 91' lang='lat' dir='ltr'><strong>re</strong></span> <span class='ocrx_word' id='word_1_142' title='bbox 846 936 931 965; x_wconf 85' lang='lat' dir='ltr'><strong>nulla</strong></span> <span class='ocrx_word' id='word_1_143' title='bbox 952 935 1084 964; x_wconf 86' lang='lat' dir='ltr'><strong>subesset</strong></span> 
     </span>
     <span class='ocr_line' id='line_1_20' title="bbox 194 979 1083 1021; baseline -0.003 -13"><span class='ocrx_word' id='word_1_144' title='bbox 194 979 343 1019; x_wconf 82' lang='lat' dir='ltr'><strong>suspicio:</strong></span> <span class='ocrx_word' id='word_1_145' title='bbox 361 980 492 1021; x_wconf 88' lang='lat' dir='ltr'><strong>denique</strong></span> <span class='ocrx_word' id='word_1_146' title='bbox 507 987 552 1018; x_wconf 74' lang='lat' dir='ltr'><strong>ut,</strong></span> <span class='ocrx_word' id='word_1_147' title='bbox 566 981 711 1021; x_wconf 88' lang='lat' dir='ltr'><strong>quoniam</strong></span> <span class='ocrx_word' id='word_1_148' title='bbox 724 979 848 1010; x_wconf 85' lang='lat' dir='ltr'><strong>crimine</strong></span> <span class='ocrx_word' id='word_1_149' title='bbox 863 988 923 1008; x_wconf 89' lang='lat' dir='ltr'><strong>non</strong></span> <span class='ocrx_word' id='word_1_150' title='bbox 934 982 1083 1018; x_wconf 86' lang='lat' dir='ltr'><strong>poterant,</strong></span> 
     </span>
     <span class='ocr_line' id='line_1_21' title="bbox 193 1019 1085 1064; baseline -0.002 -13"><span class='ocrx_word' id='word_1_151' title='bbox 193 1027 330 1063; x_wconf 88' lang='lat' dir='ltr'><strong>tempore</strong></span> <span class='ocrx_word' id='word_1_152' title='bbox 345 1022 410 1063; x_wconf 87' lang='lat' dir='ltr'><strong>ipso</strong></span> <span class='ocrx_word' id='word_1_153' title='bbox 422 1030 601 1064; x_wconf 83' lang='lat' dir='ltr'><strong>pugnarent.</strong></span> <span class='ocrx_word' id='word_1_154' title='bbox 627 1024 676 1053; x_wconf 85' lang='lat' dir='ltr'><strong>Ita</strong></span> <span class='ocrx_word' id='word_1_155' title='bbox 684 1023 768 1063; x_wconf 91' lang='lat' dir='ltr'><strong>loqui</strong></span> <span class='ocrx_word' id='word_1_156' title='bbox 780 1021 917 1052; x_wconf 83' lang='lat' dir='ltr'><strong>homines</strong></span> <span class='ocrx_word' id='word_1_157' title='bbox 930 1032 938 1050; x_wconf 72' lang='grc' dir='ltr'><strong><em>ε</em></strong></span> <span class='ocrx_word' id='word_1_158' title='bbox 957 1023 979 1037; x_wconf 55' lang='lat' dir='ltr'><strong>aa</strong></span> <span class='ocrx_word' id='word_1_159' title='bbox 991 1019 1085 1057; x_wconf 85' lang='lat' dir='ltr'><strong>Quod</strong></span> 
     </span>
     <span class='ocr_line' id='line_1_22' title="bbox 191 1063 1083 1104; baseline -0.003 -10"><span class='ocrx_word' id='word_1_160' title='bbox 191 1064 307 1104; x_wconf 88' lang='lat' dir='ltr'><strong>judicia</strong></span> <span class='ocrx_word' id='word_1_161' title='bbox 327 1071 390 1095; x_wconf 86' lang='lat' dir='ltr'><strong>tam</strong></span> <span class='ocrx_word' id='word_1_162' title='bbox 414 1066 467 1096; x_wconf 84' lang='lat' dir='ltr'><strong>diu</strong></span> <span class='ocrx_word' id='word_1_163' title='bbox 486 1066 565 1096; x_wconf 88' lang='lat' dir='ltr'><strong>facta</strong></span> <span class='ocrx_word' id='word_1_164' title='bbox 589 1076 649 1096; x_wconf 90' lang='lat' dir='ltr'><strong>non</strong></span> <span class='ocrx_word' id='word_1_165' title='bbox 672 1071 779 1102; x_wconf 75' lang='lat' dir='ltr'><strong>essent,</strong></span> <span class='ocrx_word' id='word_1_166' title='bbox 796 1063 990 1094; x_wconf 87' lang='lat' dir='ltr'><strong>condemnari</strong></span> <span class='ocrx_word' id='word_1_167' title='bbox 1013 1072 1083 1092; x_wconf 89' lang='lat' dir='ltr'><strong>eum</strong></span> 
     </span>
     <span class='ocr_line' id='line_1_23' title="bbox 194 1105 1083 1149; baseline -0.002 -12"><span class='ocrx_word' id='word_1_168' title='bbox 194 1114 341 1148; x_wconf 79' lang='lat' dir='ltr'><strong>oportere,</strong></span> <span class='ocrx_word' id='word_1_169' title='bbox 359 1109 412 1149; x_wconf 85' lang='lat' dir='ltr'><strong>qui</strong></span> <span class='ocrx_word' id='word_1_170' title='bbox 434 1110 551 1149; x_wconf 89' lang='lat' dir='ltr'><strong>primus</strong></span> <span class='ocrx_word' id='word_1_171' title='bbox 570 1109 602 1139; x_wconf 90' lang='lat' dir='ltr'><strong>in</strong></span> <span class='ocrx_word' id='word_1_172' title='bbox 621 1108 771 1148; x_wconf 88' lang='lat' dir='ltr'><strong>judicium</strong></span> <span class='ocrx_word' id='word_1_173' title='bbox 794 1107 942 1137; x_wconf 80' lang='lat' dir='ltr'><strong>adductus</strong></span> <span class='ocrx_word' id='word_1_174' title='bbox 965 1111 1040 1136; x_wconf 85' lang='lat' dir='ltr'><strong>esset</strong></span> <span class='ocrx_word' id='word_1_175' title='bbox 1051 1105 1083 1135; x_wconf 83' lang='lat'><strong>:&#39;’</strong></span> 
     </span>
     <span class='ocr_line' id='line_1_24' title="bbox 195 1148 1085 1193; baseline -0.003 -13"><span class='ocrx_word' id='word_1_176' title='bbox 195 1150 267 1181; x_wconf 89' lang='lat' dir='ltr'><strong>huic</strong></span> <span class='ocrx_word' id='word_1_177' title='bbox 289 1157 391 1182; x_wconf 86' lang='lat' dir='ltr'><strong>autem</strong></span> <span class='ocrx_word' id='word_1_178' title='bbox 414 1158 566 1192; x_wconf 80' lang='lat' dir='ltr'><strong>patronos,</strong></span> <span class='ocrx_word' id='word_1_179' title='bbox 589 1158 711 1193; x_wconf 90' lang='lat' dir='ltr'><strong>propter</strong></span> <span class='ocrx_word' id='word_1_180' title='bbox 733 1149 922 1191; x_wconf 80' lang='lat' dir='ltr'><strong>Chrysogoni</strong></span> <span class='ocrx_word' id='word_1_181' title='bbox 943 1148 1085 1189; x_wconf 76' lang='lat' dir='ltr'><strong>gratiam,</strong></span> 
     </span>
     <span class='ocr_line' id='line_1_25' title="bbox 194 1191 1084 1231; baseline -0.002 -9"><span class='ocrx_word' id='word_1_182' title='bbox 194 1193 370 1224; x_wconf 83' lang='lat' dir='ltr'><strong>defuturos:</strong></span> <span class='ocrx_word' id='word_1_183' title='bbox 395 1195 432 1224; x_wconf 87' lang='lat' dir='ltr'><strong>de</strong></span> <span class='ocrx_word' id='word_1_184' title='bbox 447 1196 595 1225; x_wconf 87' lang='lat' dir='ltr'><strong>bonorum</strong></span> <span class='ocrx_word' id='word_1_185' title='bbox 612 1194 793 1231; x_wconf 80' lang='lat' dir='ltr'><strong>venditione,</strong></span> <span class='ocrx_word' id='word_1_186' title='bbox 810 1200 839 1223; x_wconf 91' lang='lat' dir='ltr'><strong>et</strong></span> <span class='ocrx_word' id='word_1_187' title='bbox 854 1193 891 1222; x_wconf 87' lang='lat' dir='ltr'><strong>de</strong></span> <span class='ocrx_word' id='word_1_188' title='bbox 913 1192 971 1222; x_wconf 71' lang='lat' dir='ltr'><strong>ista</strong></span> <span class='ocrx_word' id='word_1_189' title='bbox 993 1191 1084 1221; x_wconf 83' lang='lat' dir='ltr'><strong>socie-</strong></span> 
     </span>
     <span class='ocr_line' id='line_1_26' title="bbox 196 1234 1086 1276; baseline -0.003 -10"><span class='ocrx_word' id='word_1_190' title='bbox 196 1242 268 1272; x_wconf 73' lang='lat' dir='ltr'><strong>tate,</strong></span> <span class='ocrx_word' id='word_1_191' title='bbox 286 1238 411 1267; x_wconf 87' lang='lat' dir='ltr'><strong>verbum</strong></span> <span class='ocrx_word' id='word_1_192' title='bbox 428 1248 490 1268; x_wconf 87' lang='lat' dir='ltr'><strong>esse</strong></span> <span class='ocrx_word' id='word_1_193' title='bbox 509 1238 659 1268; x_wconf 89' lang='lat' dir='ltr'><strong>facturum</strong></span> <span class='ocrx_word' id='word_1_194' title='bbox 676 1237 851 1266; x_wconf 88' lang='lat' dir='ltr'><strong>neminem:</strong></span> <span class='ocrx_word' id='word_1_195' title='bbox 876 1235 941 1276; x_wconf 80' lang='lat' dir='ltr'><strong>ipso</strong></span> <span class='ocrx_word' id='word_1_196' title='bbox 963 1234 1086 1264; x_wconf 91' lang='lat' dir='ltr'><strong>nomine</strong></span> 
     </span>
     <span class='ocr_line' id='line_1_27' title="bbox 195 1278 1088 1319; baseline -0.002 -11"><span class='ocrx_word' id='word_1_197' title='bbox 195 1279 358 1319; x_wconf 74' lang='lat' dir='ltr'><strong>parricidii,</strong></span> <span class='ocrx_word' id='word_1_198' title='bbox 369 1286 398 1311; x_wconf 89' lang='lat' dir='ltr'><strong>et</strong></span> <span class='ocrx_word' id='word_1_199' title='bbox 409 1281 564 1311; x_wconf 87' lang='lat' dir='ltr'><strong>atrocitate</strong></span> <span class='ocrx_word' id='word_1_200' title='bbox 575 1280 720 1318; x_wconf 72' lang='lat' dir='ltr'><strong>criminis,</strong></span> <span class='ocrx_word' id='word_1_201' title='bbox 732 1280 805 1316; x_wconf 77' lang='lat' dir='ltr'><strong>fore,</strong></span> <span class='ocrx_word' id='word_1_202' title='bbox 817 1284 850 1308; x_wconf 89' lang='lat' dir='ltr'><strong>ut</strong></span> <span class='ocrx_word' id='word_1_203' title='bbox 861 1278 909 1308; x_wconf 87' lang='lat' dir='ltr'><strong>hic</strong></span> <span class='ocrx_word' id='word_1_204' title='bbox 919 1278 1004 1307; x_wconf 82' lang='lat' dir='ltr'><strong>nullo</strong></span> <span class='ocrx_word' id='word_1_205' title='bbox 1014 1287 1088 1316; x_wconf 84' lang='lat' dir='ltr'><strong>neg-</strong></span> 
     </span>
     <span class='ocr_line' id='line_1_28' title="bbox 195 1320 1086 1361; baseline -0.002 -10"><span class='ocrx_word' id='word_1_206' title='bbox 195 1321 257 1351; x_wconf 88' lang='lat' dir='ltr'><strong>otio</strong></span> <span class='ocrx_word' id='word_1_207' title='bbox 282 1323 447 1361; x_wconf 82' lang='lat' dir='ltr'><strong>tolleretur,</strong></span> <span class='ocrx_word' id='word_1_208' title='bbox 473 1334 544 1353; x_wconf 88' lang='lat' dir='ltr'><strong>cum</strong></span> <span class='ocrx_word' id='word_1_209' title='bbox 567 1325 605 1353; x_wconf 90' lang='lat' dir='ltr'><strong>ab</strong></span> <span class='ocrx_word' id='word_1_210' title='bbox 624 1323 709 1353; x_wconf 85' lang='lat' dir='ltr'><strong>nullo</strong></span> <span class='ocrx_word' id='word_1_211' title='bbox 733 1322 872 1352; x_wconf 81' lang='lat' dir='ltr'><strong>defensus</strong></span> <span class='ocrx_word' id='word_1_212' title='bbox 897 1326 981 1351; x_wconf 85' lang='lat' dir='ltr'><strong>esset.</strong></span> <span class='ocrx_word' id='word_1_213' title='bbox 1016 1320 1086 1349; x_wconf 90' lang='lat' dir='ltr'><strong>Hoc</strong></span> 
     </span>
     <span class='ocr_line' id='line_1_29' title="bbox 197 1362 1086 1406; baseline -0.003 -12"><span class='ocrx_word' id='word_1_214' title='bbox 197 1364 333 1403; x_wconf 75' lang='lat' dir='ltr'><strong>consilio,</strong></span> <span class='ocrx_word' id='word_1_215' title='bbox 350 1371 440 1406; x_wconf 87' lang='lat' dir='ltr'><strong>atque</strong></span> <span class='ocrx_word' id='word_1_216' title='bbox 455 1366 529 1396; x_wconf 86' lang='lat' dir='ltr'><strong>adeo</strong></span> <span class='ocrx_word' id='word_1_217' title='bbox 539 1366 595 1396; x_wconf 88' lang='lat' dir='ltr'><strong>hac</strong></span> <span class='ocrx_word' id='word_1_218' title='bbox 607 1365 751 1403; x_wconf 53' lang='lat' dir='ltr'><strong>amentia⁷</strong></span> <span class='ocrx_word' id='word_1_219' title='bbox 762 1364 899 1405; x_wconf 84' lang='lat' dir='ltr'><strong>impulsi,</strong></span> <span class='ocrx_word' id='word_1_220' title='bbox 913 1373 1004 1404; x_wconf 89' lang='lat' dir='ltr'><strong>quem</strong></span> <span class='ocrx_word' id='word_1_221' title='bbox 1017 1362 1086 1403; x_wconf 82' lang='lat' dir='ltr'><strong>ipsi,</strong></span> 
     </span>
     <span class='ocr_line' id='line_1_30' title="bbox 198 1406 1087 1449; baseline -0.001 -13"><span class='ocrx_word' id='word_1_222' title='bbox 198 1417 268 1437; x_wconf 90' lang='lat' dir='ltr'><strong>cum</strong></span> <span class='ocrx_word' id='word_1_223' title='bbox 279 1415 432 1448; x_wconf 74' lang='lat' dir='ltr'><strong>cuperent,</strong></span> <span class='ocrx_word' id='word_1_224' title='bbox 449 1419 509 1438; x_wconf 91' lang='lat' dir='ltr'><strong>non</strong></span> <span class='ocrx_word' id='word_1_225' title='bbox 522 1416 685 1449; x_wconf 87' lang='lat' dir='ltr'><strong>potuerunt</strong></span> <span class='ocrx_word' id='word_1_226' title='bbox 697 1408 841 1446; x_wconf 79' lang='lat' dir='ltr'><strong>occidere,</strong></span> <span class='ocrx_word' id='word_1_227' title='bbox 858 1417 928 1438; x_wconf 89' lang='lat' dir='ltr'><strong>eum</strong></span> <span class='ocrx_word' id='word_1_228' title='bbox 941 1406 1087 1447; x_wconf 84' lang='lat' dir='ltr'><strong>jugulan-</strong></span> 
     </span>
     <span class='ocr_line' id='line_1_31' title="bbox 201 1449 592 1482; baseline 0.005 -3"><span class='ocrx_word' id='word_1_229' title='bbox 201 1449 277 1480; x_wconf 88' lang='lat' dir='ltr'><strong>dum</strong></span> <span class='ocrx_word' id='word_1_230' title='bbox 292 1451 375 1481; x_wconf 88' lang='lat' dir='ltr'><strong>vobis</strong></span> <span class='ocrx_word' id='word_1_231' title='bbox 396 1451 592 1482; x_wconf 85' lang='lat' dir='ltr'><strong>tradiderunt.</strong></span> 
     </span>
    </p>

    <p class='ocr_par' dir='ltr' id='par_1_3' title="bbox 198 1492 1091 1706">
     <span class='ocr_line' id='line_1_32' title="bbox 242 1492 1086 1535; baseline -0.001 -13"><span class='ocrx_word' id='word_1_232' title='bbox 242 1493 303 1522; x_wconf 86' lang='lat' dir='ltr'><strong>XI.</strong></span> <span class='ocrx_word' id='word_1_233' title='bbox 328 1495 413 1532; x_wconf 82' lang='lat' dir='ltr'><strong>Quid</strong></span> <span class='ocrx_word' id='word_1_234' title='bbox 429 1495 563 1535; x_wconf 86' lang='lat' dir='ltr'><strong>primum</strong></span> <span class='ocrx_word' id='word_1_235' title='bbox 574 1496 706 1535; x_wconf 79' lang='lat' dir='ltr'><strong>querar?</strong></span> <span class='ocrx_word' id='word_1_236' title='bbox 731 1499 784 1524; x_wconf 83' lang='lat' dir='ltr'><strong>aut</strong></span> <span class='ocrx_word' id='word_1_237' title='bbox 793 1493 874 1523; x_wconf 88' lang='lat' dir='ltr'><strong>unde</strong></span> <span class='ocrx_word' id='word_1_238' title='bbox 884 1492 1086 1533; x_wconf 84' lang='lat' dir='ltr'><strong>potissimum,</strong></span> 
     </span>
     <span class='ocr_line' id='line_1_33' title="bbox 198 1534 1091 1578; baseline -0.001 -13"><span class='ocrx_word' id='word_1_239' title='bbox 198 1535 326 1574; x_wconf 69' lang='lat' dir='ltr'><strong>judices,</strong></span> <span class='ocrx_word' id='word_1_240' title='bbox 348 1537 473 1567; x_wconf 79' lang='lat' dir='ltr'><strong>ordiar?</strong></span> <span class='ocrx_word' id='word_1_241' title='bbox 497 1544 550 1567; x_wconf 87' lang='lat' dir='ltr'><strong>aut</strong></span> <span class='ocrx_word' id='word_1_242' title='bbox 572 1537 664 1578; x_wconf 64' lang='lat' dir='ltr'><strong>quod,</strong></span> <span class='ocrx_word' id='word_1_243' title='bbox 684 1543 737 1567; x_wconf 86' lang='lat' dir='ltr'><strong>aut</strong></span> <span class='ocrx_word' id='word_1_244' title='bbox 757 1548 775 1567; x_wconf 97' lang='lat' dir='ltr'><strong>a</strong></span> <span class='ocrx_word' id='word_1_245' title='bbox 799 1536 921 1577; x_wconf 71' lang='lat' dir='ltr'><strong>quibus,</strong></span> <span class='ocrx_word' id='word_1_246' title='bbox 941 1534 1091 1565; x_wconf 84' lang='lat' dir='ltr'><strong>auxilium</strong></span> 
     </span>
     <span class='ocr_line' id='line_1_34' title="bbox 203 1578 1090 1620; baseline -0.001 -13"><span class='ocrx_word' id='word_1_247' title='bbox 203 1584 304 1618; x_wconf 85' lang='lat' dir='ltr'><strong>petam</strong></span> <span class='ocrx_word' id='word_1_248' title='bbox 317 1581 330 1609; x_wconf 65' lang='grc' dir='ltr'><strong><em>ἓ</em></strong></span> <span class='ocrx_word' id='word_1_249' title='bbox 354 1579 531 1610; x_wconf 86' lang='lat' dir='ltr'><strong>Deorumne</strong></span> <span class='ocrx_word' id='word_1_250' title='bbox 543 1580 775 1615; x_wconf 63' lang='lat' dir='ltr'><strong>immortalium„</strong></span> <span class='ocrx_word' id='word_1_251' title='bbox 785 1579 930 1620; x_wconf 86' lang='lat' dir='ltr'><strong>populine</strong></span> <span class='ocrx_word' id='word_1_252' title='bbox 946 1578 1090 1615; x_wconf 79' lang='lat' dir='ltr'><strong>Romani,</strong></span> 
     </span>
     <span class='ocr_line' id='line_1_35' title="bbox 201 1620 1091 1664; baseline -0.001 -14"><span class='ocrx_word' id='word_1_253' title='bbox 201 1627 380 1659; x_wconf 67' lang='lat' dir='ltr'><strong>vestramne,</strong></span> <span class='ocrx_word' id='word_1_254' title='bbox 407 1623 460 1663; x_wconf 91' lang='lat' dir='ltr'><strong>qui</strong></span> <span class='ocrx_word' id='word_1_255' title='bbox 487 1633 639 1653; x_wconf 82' lang='lat' dir='ltr'><strong>summam</strong></span> <span class='ocrx_word' id='word_1_256' title='bbox 669 1628 847 1664; x_wconf 82' lang='lat' dir='ltr'><strong>potestatem</strong></span> <span class='ocrx_word' id='word_1_257' title='bbox 876 1621 1003 1659; x_wconf 79' lang='lat' dir='ltr'><strong>habetis,</strong></span> <span class='ocrx_word' id='word_1_258' title='bbox 1033 1620 1091 1650; x_wconf 86' lang='lat' dir='ltr'><strong>hoc</strong></span> 
     </span>
     <span class='ocr_line' id='line_1_36' title="bbox 203 1665 643 1706; baseline 0.007 -14"><span class='ocrx_word' id='word_1_259' title='bbox 203 1669 337 1704; x_wconf 86' lang='lat' dir='ltr'><strong>tempore</strong></span> <span class='ocrx_word' id='word_1_260' title='bbox 352 1665 443 1695; x_wconf 83' lang='lat' dir='ltr'><strong>fidem</strong></span> <span class='ocrx_word' id='word_1_261' title='bbox 456 1666 617 1706; x_wconf 85' lang='lat' dir='ltr'><strong>implorem</strong></span> <span class='ocrx_word' id='word_1_262' title='bbox 630 1667 643 1696; x_wconf 73' lang='grc' dir='ltr'><em>Ρ</em></span> 
     </span>
    </p>

    <p class='ocr_par' dir='ltr' id='par_1_4' title="bbox 203 1705 1095 1836">
     <span class='ocr_line' id='line_1_37' title="bbox 249 1705 1094 1745; baseline -0.002 -9"><span class='ocrx_word' id='word_1_263' title='bbox 249 1707 339 1737; x_wconf 86' lang='lat' dir='ltr'><strong>Pater</strong></span> <span class='ocrx_word' id='word_1_264' title='bbox 362 1709 475 1738; x_wconf 84' lang='lat' dir='ltr'><strong>occisus</strong></span> <span class='ocrx_word' id='word_1_265' title='bbox 487 1708 610 1745; x_wconf 72' lang='lat' dir='ltr'><strong>nefarie,</strong></span> <span class='ocrx_word' id='word_1_266' title='bbox 626 1708 736 1738; x_wconf 85' lang='lat' dir='ltr'><strong>domus</strong></span> <span class='ocrx_word' id='word_1_267' title='bbox 758 1709 887 1744; x_wconf 74' lang='lat' dir='ltr'><strong>obsessa,</strong></span> <span class='ocrx_word' id='word_1_268' title='bbox 909 1708 947 1737; x_wconf 84' lang='lat' dir='ltr'><strong>ab</strong></span> <span class='ocrx_word' id='word_1_269' title='bbox 965 1705 1094 1736; x_wconf 81' lang='lat' dir='ltr'><strong>inimicis</strong></span> 
     </span>
     <span class='ocr_line' id='line_1_38' title="bbox 203 1749 1091 1792; baseline 0 -14"><span class='ocrx_word' id='word_1_270' title='bbox 203 1749 284 1779; x_wconf 83' lang='lat' dir='ltr'><strong>bona</strong></span> <span class='ocrx_word' id='word_1_271' title='bbox 313 1750 444 1789; x_wconf 82' lang='lat' dir='ltr'><strong>ademta,</strong></span> <span class='ocrx_word' id='word_1_272' title='bbox 476 1762 619 1792; x_wconf 78' lang='lat' dir='ltr'><strong>possessa,</strong></span> <span class='ocrx_word' id='word_1_273' title='bbox 648 1751 783 1791; x_wconf 86' lang='lat' dir='ltr'><strong>dircpta;</strong></span> <span class='ocrx_word' id='word_1_274' title='bbox 809 1750 863 1780; x_wconf 88' lang='lat' dir='ltr'><strong>filii</strong></span> <span class='ocrx_word' id='word_1_275' title='bbox 887 1750 948 1780; x_wconf 87' lang='lat' dir='ltr'><strong>vita</strong></span> <span class='ocrx_word' id='word_1_276' title='bbox 972 1749 1091 1784; x_wconf 71' lang='lat' dir='ltr'><strong>infesta,</strong></span> 
     </span>
     <span class='ocr_line' id='line_1_39' title="bbox 204 1792 1095 1836; baseline -0.001 -14"><span class='ocrx_word' id='word_1_277' title='bbox 204 1801 283 1833; x_wconf 86' lang='lat' dir='ltr'><strong>saepe</strong></span> <span class='ocrx_word' id='word_1_278' title='bbox 296 1793 375 1825; x_wconf 86' lang='lat' dir='ltr'><strong>ferro</strong></span> <span class='ocrx_word' id='word_1_279' title='bbox 390 1800 482 1836; x_wconf 84' lang='lat' dir='ltr'><strong>atque</strong></span> <span class='ocrx_word' id='word_1_280' title='bbox 503 1794 618 1826; x_wconf 84' lang='lat' dir='ltr'><strong>insidiis</strong></span> <span class='ocrx_word' id='word_1_281' title='bbox 639 1794 782 1836; x_wconf 88' lang='lat' dir='ltr'><strong>appetita.</strong></span> <span class='ocrx_word' id='word_1_282' title='bbox 817 1792 904 1832; x_wconf 79' lang='lat' dir='ltr'><strong>Quid</strong></span> <span class='ocrx_word' id='word_1_283' title='bbox 921 1793 960 1823; x_wconf 87' lang='lat' dir='ltr'><strong>ab</strong></span> <span class='ocrx_word' id='word_1_284' title='bbox 983 1792 1030 1822; x_wconf 89' lang='lat' dir='ltr'><strong>his</strong></span> <span class='ocrx_word' id='word_1_285' title='bbox 1051 1797 1095 1821; x_wconf 88' lang='lat' dir='ltr'><strong>tot</strong></span> 
     </span>
    </p>
   </div>
   <div class='ocr_carea' id='block_1_3' title="bbox 1127 83 1161 1244">
    <p class='ocr_par' dir='ltr' id='par_1_5' title="bbox 1127 83 1161 1244">
     <span class='ocr_line' id='line_1_40' title="bbox 1127 83 1161 1244; baseline 0 0"><span class='ocrx_word' id='word_1_286' title='bbox 1127 83 1161 1244; x_wconf 95' lang='lat' dir='ltr'><strong> </strong></span> 
     </span>
    </p>
   </div>
  </div>
 </body>
</html>
