1181 1902
132 12 195 41 322
305 11 357 42 IN
379 10 577 43 VERREM
603 11 663 44 lv,
688 11 771 43 CAP.
787 12 839 43 36.
1138 0 1144 117 x

131 95 329 133 audiendum,
346 97 464 127 videtur
477 99 491 128 Ρ
516 97 605 128 Unus
620 97 719 128 adhuc
733 97 792 128 fuit
807 103 874 138 post
884 97 1019 130 Romam

130 139 283 170 conditam
311 140 379 174 (Dii
397 141 582 170 immortales
600 141 709 178 faxint,
726 150 764 170 ne
783 141 821 170 sit
836 141 910 170 alter
923 141 946 179 !)
969 143 1020 173 cui

128 183 298 222 respublica
321 189 415 213 totam
435 194 465 213 se
484 183 624 221 traderet,
646 184 832 224 temporibus
851 190 963 223 coacta,
989 192 1020 215 et
1142 122 1148 240 1
1164 186 1165 191 ’

126 225 215 255 malis
237 226 419 263 domesticis,
444 226 481 256 L.
504 227 600 256 Sulla.
624 227 687 256 Hic
706 232 826 256 tantum
847 227 958 266 potuit,
982 234 1016 257 ut
1147 221 1167 256 ι’

129 277 231 305 1161110,
247 269 300 298 illo
316 269 421 306 invito,
438 279 493 299 nec
508 271 597 307 bona,
615 279 669 299 nec
685 270 826 310 patriam,
843 279 897 299 nec
912 270 1019 309 vitam,
1147 257 1151 314 1
1168 270 1169 295 i

128 311 256 341 retinere
271 318 388 352 posset:
413 317 533 342 tantum
554 312 649 342 animi
664 312 771 342 habuit
794 312 831 342 ad
848 312 1019 351 audaciam,
1170 312 1172 358 1

129 359 165 383 ut
191 354 287 384 dicere
314 354 346 384 in
371 355 512 385 concione
536 365 596 385 non
617 355 778 391 dubitaret,
805 356 885 385 bona
907 355 1019 386 civium
1170 362 1172 367 ’

131 396 343 427 Romanorum
354 408 422 427 cum
434 398 585 435 venderet,
597 409 627 428 se
636 398 769 438 praedam
783 408 869 427 suam
883 398 1020 429 vendere.
1150 315 1156 462 1

131 439 211 478 Ejus
226 450 330 470 omnes
351 451 395 470 res
411 447 507 481 gestas
523 451 583 471 non
599 442 697 471 solum
714 441 896 478 obtinemus,
914 451 1021 472 verum
1155 468 1158 496 Ι

130 483 233 520 etiam,
250 490 371 523 propter
391 485 542 522 majorum
562 484 823 514 incommodorum
845 490 873 513 et
895 484 1021 514 calami-
1156 498 1159 529 Ι

130 531 228 555 tatum
239 532 368 563 metum,
379 526 499 567 publica
509 527 684 557 auctoritate
694 527 893 557 defendimus.
912 527 1020 557 Unum

130 568 186 599 hoc
198 569 279 598 fflius
289 571 559 600 senatus-consulto
569 570 794 610 reprehensum,
806 570 1022 610 decretumque
1158 535 1162 620 1

131 617 186 649 est,
203 618 248 647 ut,
266 612 376 653 quibus
399 613 450 642 ille
470 613 507 643 de
522 613 618 653 capite
637 613 802 650 demsisset,
822 613 854 641 hi
877 613 1023 653 pecunias
1162 642 1164 652 ι

131 654 164 684 in
191 655 330 685 aerarium
356 656 508 685 referrent.
533 656 645 686 Statuit
671 662 791 686 senatus
816 655 883 692 hoc,
910 665 948 685 ne
974 655 1020 685 illi

132 697 257 737 quidem
273 708 335 728 esse
349 699 479 736 licitum,
497 699 545 728 cui
557 705 738 729 concesserat
750 698 863 733 omnia,
877 709 895 727 a
906 699 1021 739 populo
1162 654 1169 783 x

130 742 279 770 metarum
296 742 553 781 quaesitarumque
569 752 670 771 rerum
683 751 818 771 summas
829 741 1019 771 imminuere.

130 783 227 813 Illum
255 784 325 813 viris
346 784 514 814 fortissimis
538 784 715 823 judicarunt
738 790 836 824 patres
863 783 1021 824 conscripti

130 826 281 856 remittere
296 827 334 856 de
350 827 471 856 summit
490 837 550 856 non
571 827 722 867 potuisse:
748 833 776 856 te
792 827 912 856 mulieri
932 833 1022 856 teter-
1167 785 1177 925 x

130 869 216 899 rima}
232 876 310 899 recte
331 870 478 900 remisisse
501 876 649 899 senatores
667 870 873 908 judicabunt?
898 869 967 906 lue,
984 869 1023 899 de

131 923 192 952 quo
208 912 273 952 lege
289 913 420 952 populus
436 913 595 942 Romanus
605 913 745 951 jusserat,
759 918 793 941 ut
808 912 902 952 ipsius
914 913 1022 942 volun-

130 963 176 985 tas
192 955 306 995 populo
324 956 464 985 Romano
480 961 554 985 esset
569 965 623 995 pro
639 955 716 995 lege,
730 961 831 984 tumen
847 955 879 984 in
892 954 948 984 hoc
960 964 1023 985 uno
1172 934 1180 1010 ι

131 1008 250 1038 genere,
264 1005 398 1028 veterum
414 997 557 1037 religione
572 998 688 1037 legum,
701 997 948 1037 reprehenditur:
974 1003 1020 1035 tu,

131 1041 185 1082 qui
207 1041 348 1071 omnibus
363 1041 481 1081 legibus
502 1040 674 1080 implicatus
690 1042 840 1077 tenebare,
862 1040 1021 1070 libidinem

132 1084 187 1114 tibi
203 1090 287 1114 tuam
304 1095 358 1124 pro
373 1085 439 1122 lewe
457 1094 518 1113 esse
534 1083 681 1114 voluisti?
707 1083 745 1112 In
761 1083 813 1112 illo
828 1082 1022 1123 reprehendi-

131 1133 193 1165 tur,
210 1127 293 1168 quod
316 1138 353 1157 ex
369 1138 404 1157 ea
422 1126 552 1167 pecunia
571 1126 728 1162 remiserit
751 1136 844 1166 quam
860 1126 923 1166 ipse
938 1136 1022 1166 quae-

132 1171 239 1200 sierat:
266 1170 321 1200 tibi
345 1170 534 1205 concedetur,
562 1169 616 1210 qui
642 1168 679 1199 de
705 1170 801 1210 capite
827 1169 1022 1209 vectigalium

131 1214 237 1254 populi
254 1213 387 1243 Romani
403 1212 567 1242 remisisti?

175 1257 337 1287 XXXVI.
363 1256 481 1296 Atque,
503 1255 534 1285 in
555 1255 612 1286 hoc
631 1265 740 1295 genere
755 1254 899 1292 audaciae,
922 1254 1022 1284 multo

131 1300 222 1330 etiam
243 1299 452 1340 impudentius
470 1299 502 1328 in
520 1298 654 1328 decumis
675 1297 898 1338 Segestensium
922 1307 1022 1327 versa-

131 1349 181 1373 tus
212 1348 276 1373 est:
310 1353 385 1382 quas
411 1351 482 1372 cum
506 1341 669 1371 addixisset
694 1341 791 1370 eidem
812 1341 857 1370 ini
878 1340 1020 1378 Docimo,

134 1385 207 1425 [hoc
223 1391 276 1421 est,
294 1385 436 1425 '1¹ertiae,]
454 1384 543 1414 tritici
558 1384 695 1413 modium
711 1383 846 1424 quinque
870 1383 1019 1419 minibus,

131 1436 161 1459 et
185 1428 383 1459 accessionem
413 1427 615 1468 adscripsisset
645 1426 701 1456 ns
732 1426 816 1464 MD,
844 1426 941 1465 coegit
967 1428 1022 1456 Se-

131 1478 282 1512 gestenses
302 1482 320 1501 a
342 1471 473 1501 Docimo
494 1469 640 1500 tantidem
658 1469 779 1509 publice
799 1469 952 1509 accipere·
976 1469 1021 1507 id,

132 1515 214 1555 quod
231 1525 267 1545 ex
283 1514 506 1554 Segestensium
522 1513 644 1553 publico
657 1512 827 1542 testimonio
842 1511 1020 1552 cognoscite.

133 1557 240 1588 Recita
255 1546 461 1587 testiinonium
477 1556 646 1596 publicum.

356 1601 417 1634 (Te
419 1599 776 1638 &Mummiumpublicum.
780 1604 792 1635 )

174 1643 327 1680 Audistis,
344 1642 451 1683 quanti
473 1642 616 1672 decumas
636 1641 781 1681 acceperit
796 1652 814 1671 a
830 1640 962 1671 Docimo
978 1640 1020 1670 ci-

131 1689 217 1727 vitas,
235 1687 323 1718 tritici
339 1686 475 1716 modium
501 1685 637 1726 quinque
651 1682 812 1723 milllibus,
829 1690 858 1714 et
879 1683 1021 1714 accessio-
