1181 1902
169 175 211 205 60
256 173 347 205 PRO
371 172 537 206 ROSCIO
559 173 792 205 AMERINO.
816 174 899 206 CAP.
915 176 967 212 27.

169 260 207 291 de
225 260 395 301 parricidio,
420 260 502 301 quod
526 260 589 291 sine
614 261 720 291 multis
743 260 839 291 causis
862 261 972 302 suscipi
994 271 1055 293 non

170 310 277 344 potest.
301 303 397 344 Apud
412 303 549 333 homines
565 309 667 334 autem
683 304 931 344 prudentissimos
943 305 1053 345 agitur,

171 347 223 387 qui
239 347 424 386 intelligunt,
441 347 594 376 neminem
610 357 648 377 ne
663 347 827 377 minimum
848 348 972 388 quidem
990 358 1056 378 ma-

170 390 302 419 leficium
313 390 376 419 sine
391 390 480 419 causa
496 390 662 419 admittere.

213 432 361 462 XXVII.
384 432 479 462 Esto:
498 443 619 462 causam
630 432 760 472 proferre
776 442 835 463 non
851 439 944 473 potes.
961 433 1058 464 Tam-

171 476 226 506 etsi
251 476 352 505 statim
380 475 482 505 vicisse
503 475 607 511 debeo,
625 482 726 505 tamen
743 476 779 506 de
802 486 869 506 meo
892 477 960 515 jure
975 477 1060 507 dece-

173 519 268 554 dam3
294 524 322 548 et
348 518 414 555 tibi,
432 518 513 558 quod
535 518 566 547 in
589 518 648 547 alia
668 517 757 548 causzi
778 529 838 548 non
855 519 1057 557 concederem,

172 561 203 591 in
220 561 276 591 hac
291 561 462 597 concedam,
479 561 573 590 fretus
583 561 674 599 hujus
687 561 866 591 innocentie.
892 562 963 591 Non
976 573 1059 602 quae-

172 615 205 634 ro
222 606 273 634 abs
290 610 329 641 te,
346 615 438 644 quare
454 610 569 644 patrem
581 606 649 634 Sex.
665 604 792 634 Roscius
802 604 959 634 occiderit:
977 616 1060 645 quae-

172 657 217 683 ro,
234 647 387 687 quomodo
403 646 550 677 occiderit.
591 647 639 676 Ita
660 658 761 687 quaero
774 648 826 676 abs
842 652 880 684 te,
899 647 934 677 C.
954 647 1060 684 Eruci,

174 690 351 730 quomodo,
376 696 405 719 et
429 690 469 719 sic
491 696 591 719 tecum
615 700 715 729 agam,
740 696 784 725 ut,
808 690 839 718 in
862 700 896 720 eo
918 690 994 725 loco,
1014 691 1062 721 vel

174 733 374 773 respondendi
390 733 436 762 vel
452 732 662 772 interpellandi
679 732 733 762 tibi
749 738 927 773 potestatem
940 733 1061 771 faciam,

174 776 222 805 vel
238 776 340 811 etiam,
358 775 382 805 si
399 775 473 815 quid
488 776 580 810 voles,
598 775 810 815 interrogandi.
835 775 1000 813 Quomodo
1014 787 1064 807 oc-

175 818 271 849 cidit?
298 819 367 858 Ipse
383 818 538 858 percussit,
555 828 593 847 an
606 818 672 847 aliis
687 818 883 848 occidendum
900 818 1007 848 dedit?
1030 819 1063 849 Si

175 861 277 901 ipsum
300 861 413 901 arguis,
432 862 540 890 Romae
563 871 623 890 non
641 861 718 891 fuit:
744 861 768 890 si
792 872 845 901 per
866 861 939 891 alios
962 861 1065 892 fecisse

175 904 260 939 dicis,
281 914 394 944 quaero,
411 914 559 939 servosne,
582 914 620 933 an
644 903 778 934 liberos?
803 914 877 944 quos
902 904 1063 935 homines?

177 947 361 977 Indidemne
382 946 522 981 Ameriii,
539 956 578 975 an
600 946 688 976 hosce
711 958 747 977 ex
771 948 846 977 urbe
867 947 1009 977 sicarios?
1032 948 1065 978 Si

176 989 315 1025 Ameria,
332 990 385 1030 qui
401 996 471 1019 sunt
486 989 543 1019 hi?
568 999 621 1019 cur
636 999 696 1019 non
709 990 929 1020 nominantur?
953 991 985 1020 Si
1002 991 1066 1021 Ro-

177 1034 241 1069 ma,
258 1033 339 1063 unde
355 1043 405 1062 eos
426 1038 548 1062 noverat
568 1032 706 1069 Roscius,
729 1033 782 1073 qui
808 1033 941 1062 Romam
960 1034 1066 1064 multis

177 1076 264 1106 annis
285 1086 345 1105 non
370 1076 463 1112 venit,
481 1085 578 1115 neque
605 1085 742 1115 unquam
765 1075 833 1115 plus
856 1076 956 1106 triduo
981 1076 1064 1107 fuit?

178 1119 242 1149 Ubi
267 1129 316 1149 eos
344 1118 509 1148 convenit?
534 1118 660 1158 quicum
684 1118 801 1148 Iocutus
826 1119 891 1148 est?
915 1119 1067 1159 quomodo

177 1162 349 1202 persuasit?
376 1161 512 1191 Pretium
525 1160 606 1190 dedit
618 1163 631 1191 Ρ
655 1161 702 1190 cui
718 1161 801 1191 dedit
813 1163 826 1191 Ρ
850 1172 902 1202 per
912 1173 1003 1202 quem
1016 1162 1067 1192 de-

179 1205 249 1235 dit?
274 1204 365 1242 unde,
383 1210 435 1234 aut
451 1210 599 1244 quantum
617 1204 724 1234 dedit?
748 1205 860 1234 Nonne
876 1205 922 1234 his
937 1205 1068 1245 vestigiis

179 1248 217 1278 ad
234 1254 324 1288 caput
345 1247 485 1277 maleficii
501 1247 648 1287 perveniri
669 1247 768 1277 solet?
792 1247 834 1276 Et
850 1247 940 1277 simul
961 1248 1015 1277 tibi
1036 1248 1067 1278 in

179 1298 313 1321 mentem
326 1290 436 1326 veniat,
448 1290 548 1326 facito,
562 1290 822 1330 quemadmodum
839 1291 931 1320 vitam
943 1291 1068 1329 hujusce

180 1333 374 1374 depinxeris:
399 1333 480 1362 hunc
507 1333 662 1362 hominem
688 1333 785 1362 ferum
809 1339 899 1373 atque
922 1340 1070 1373 agrestem

180 1376 293 1412 fuisse3
318 1386 477 1416 nunquam
493 1386 562 1405 cum
579 1376 702 1405 homine
717 1386 873 1416 quoquam
888 1376 1070 1407 collocutum

182 1430 244 1449 esse
255 1430 264 1454 ;
290 1429 449 1459 nunquam
462 1419 492 1447 iu
503 1418 614 1458 oppido
625 1419 798 1449 constitisse.

226 1462 291 1499 Qu
282 1474 299 1491 ῑ
319 1461 350 1490 in
367 1472 408 1491 re.
426 1468 567 1501 praetereo
583 1461 671 1497 iJJud,
689 1462 770 1502 quod
786 1462 862 1491 mihi
875 1462 1010 1493 maximo
1024 1473 1072 1493 ar-

182 1511 329 1553 gumento
345 1504 382 1533 ad
398 1504 489 1552 hujus
508 1504 710 1534 innocentium
732 1510 847 1545 poterat
866 1516 938 1543 esse,
955 1506 985 1535 in
1006 1516 1071 1536 rus-

183 1548 249 1578 ticis
264 1547 410 1583 moribus,
428 1547 458 1576 in
476 1547 554 1576 victu
571 1547 689 1583 arido,
682 1558 713 1577 m
730 1548 759 1577 hz
760 1558 785 1578 ιε
808 1548 929 1578 horrida
944 1548 1073 1578 inculta-

184 1601 244 1632 que
260 1590 332 1626 vita,
349 1590 518 1619 istiusmodi
534 1590 681 1620 maleficia
704 1591 788 1630 ‹ritrni
803 1601 863 1620 non
880 1592 981 1621 solere.
1028 1592 1071 1621 Ut

184 1644 245 1664 non
259 1643 381 1663 omnem
396 1632 516 1672 frugem
529 1643 626 1673 neque
641 1635 777 1663 arborem
794 1634 825 1663 in
841 1634 924 1663 omni
940 1644 1011 1674 agro
1026 1644 1072 1664 re-

183 1677 280 1717 perire
295 1676 399 1716 possis,
417 1676 457 1706 sic
472 1685 532 1705 nou
548 1686 637 1705 omne
653 1676 769 1706 facinus
784 1676 815 1705 in
831 1677 914 1706 omni
927 1677 988 1706 vita
1003 1687 1071 1707 nas-

183 1719 271 1750 citur.
298 1719 336 1748 In
351 1720 426 1748 urbe
441 1718 576 1748 luxuries
596 1725 713 1749 creatur
727 1731 734 1749 :
760 1730 797 1749 ex
813 1719 935 1749 luxuria
950 1719 1071 1749 exsistat

184 1762 321 1799 avaritia,
343 1771 459 1792 necesse
480 1768 544 1792 est:
570 1772 606 1791 ex
622 1762 748 1792 avaritia&
767 1769 905 1803 erumpat
927 1762 1071 1792 audacia:

184 1805 254 1836 inde
264 1805 366 1836 omnia
376 1805 486 1836 scelera
495 1815 528 1835 ac
540 1805 688 1836 maleficia
696 1805 873 1846 gignuntur.
887 1805 961 1836 Vita
970 1811 1072 1836 autem
