1181 1902
249 119 300 150 IN
324 119 519 150 VERREM
546 119 610 149 ΙΙΙ.
636 118 719 149 CAP.
743 119 795 148 32.
904 117 968 149 243

77 205 189 236 caeteris
213 205 244 235 in
266 205 426 236 consilium
448 210 655 243 reverteretur,
680 205 724 235 ita
745 213 908 245 properans
932 204 971 235 de

78 248 152 278 sella
167 248 305 278 exsiluit:
330 248 486 279 hominem
501 248 705 285 innocentem,
724 258 742 278 a
757 248 792 278 C.
811 247 971 278 Sacerdote

78 291 264 329 absolutum,
272 291 385 322 indicta
397 291 498 328 causa,
512 291 549 321 de
559 291 706 322 sententia
721 291 836 330 scribae,
847 290 969 330 medici,

77 333 315 375 haruspicisque,
333 334 553 364 condemnavit.

121 377 249 407 XXXI.
275 377 428 415 Retinete,
455 377 581 407 retinete
604 377 761 407 hominem
786 377 818 406 in
839 376 969 413 civitate,

74 419 201 459 judices.
227 420 356 457 Parcite,
374 426 403 450 et
418 426 599 457 conservate,
619 426 655 449 ut
674 420 722 457 sit,
743 419 796 460 qui
812 420 970 450 nobiscum

77 473 125 493 res
143 463 277 502 judicet3
302 463 356 504 qui
374 463 405 493 in
426 469 543 500 senatu,
569 463 633 494 sine
650 462 713 493 ulla
732 463 906 503 cupiditate,
933 463 970 493 de

78 506 158 536 bello
174 513 203 537 et
218 517 291 547 pace
301 507 480 537 sententiam
492 507 576 536 ferat.
601 506 739 536 Tametsi
749 505 851 535 minus
861 505 892 535 id
903 506 971 547 qui-

78 549 148 579 dem
164 550 261 586 nobis,
278 550 380 580 minus
395 549 510 590 populo
529 550 671 579 Romano
690 549 892 579 laborandum
914 554 969 586 est,

78 592 176 633 qualis
192 593 277 623 istius
292 593 324 622 in
337 599 442 623 senatu
457 593 605 623 sententia
613 592 717 622 futura
729 592 775 622 sit.
800 591 880 629 Quae
890 591 972 622 enim

78 637 143 674 ejus
163 636 324 666 auctoritas
345 636 425 666 erit?
449 636 572 677 quando
596 636 651 665 iste
675 635 854 666 sententiam
875 635 973 665 dicere

78 678 212 716 audebit,
224 684 277 709 aut
286 679 414 720 poterit.
407 681 421 701 ⁹
437 679 560 720 quando
572 684 674 709 autem
685 678 776 709 homo
786 678 863 708 tanta*
860 691 870 707 ι
880 678 973 707 luxu-

75 721 122 752 rit
147 728 238 763 atque
258 722 382 760 desidia,
402 722 460 752 nisi
476 722 642 752 Februario
667 732 781 759 mense,
806 721 973 761 adspirabit

78 764 109 794 in
137 766 278 796 curiam?
302 765 421 796 Verum
448 765 549 795 veniat
575 775 667 795 sane:
693 765 832 795 decernat
855 765 973 794 bellum

79 808 290 843 Cretensibus:
311 808 418 839 liberet
434 808 620 849 Byzantios3
638 818 740 848 regem
755 808 887 848 appellet
900 807 973 837 Pto-

76 851 241 888 lemaeum;
266 862 336 893 quae
350 851 416 882 vult
432 850 626 889 Hortensius,
648 851 752 881 onmia
766 851 846 881 dicat
860 856 889 881 et
905 861 972 881 sen-

79 894 155 931 tiat3
179 895 282 925 minus
297 895 361 925 haec
377 894 416 925 ad
431 905 496 932 nos,
518 894 621 924 minus
647 894 686 924 ad
701 894 771 924 vitae
785 899 894 924 nostrae
910 893 970 924 dis-

77 937 204 975 crimen,
221 938 324 969 minus
338 937 377 968 ad
393 937 586 968 fortunarum
601 943 773 968 nostrarum
788 937 970 979 periculum,

77 981 240 1022 pertinent.

122 1024 217 1063 Illud,
234 1024 311 1054 illud
332 1030 375 1054 est
391 1023 528 1065 capitale,
544 1023 623 1054 illud
635 1023 878 1061 formidolosum,
891 1022 970 1053 illud

78 1067 194 1108 optimo
209 1068 319 1109 cuique
330 1067 541 1116 metuendum,
559 1067 641 1108 quod
653 1067 719 1105 iste,
737 1077 775 1096 ex
787 1066 844 1096 hoc
856 1066 972 1105 judicio

77 1111 103 1141 si
119 1110 223 1159 aliqua
238 1111 268 1141 vi
283 1121 313 1141 se
328 1110 482 1151 eripuerit,
499 1110 531 1140 in
544 1110 700 1150 judicibus
716 1110 754 1140 sit
774 1119 891 1139 necesse
906 1115 970 1146 est3

77 1154 259 1184 sententiam
291 1153 329 1184 de
363 1153 461 1194 capite
490 1153 562 1184 civis
584 1153 719 1183 Romani
741 1152 837 1182 ferat·
829 1175 838 1189 ,
872 1152 910 1182 sit
939 1151 971 1182 in

79 1198 144 1236 ejus
160 1197 291 1227 exercitu
313 1197 448 1237 signifer,
472 1196 525 1237 qui
545 1196 707 1237 imperium
727 1195 912 1235 judiciorum
928 1201 972 1225 te-

76 1250 148 1270 nere
163 1240 237 1271 vult.
263 1240 332 1270 Hoc
346 1240 478 1281 populus
494 1240 655 1270 Romanus
667 1244 801 1269 recusat:
826 1238 883 1268 hoc
895 1238 972 1269 ferre

75 1293 138 1313 non
153 1288 270 1324 potest:
296 1284 417 1320 clamat,
434 1283 644 1323 permittitque
659 1283 765 1317 vobis;
789 1287 834 1318 ut,
857 1281 882 1311 si
907 1281 972 1312 istis

75 1326 251 1357 hominibus
266 1326 468 1363 delectemini,
486 1325 511 1356 si
526 1336 564 1356 ex
578 1325 635 1356 hoc
650 1335 758 1366 genere
779 1324 970 1365 splendorem

74 1369 172 1399 ordini
195 1375 287 1410 atque
311 1374 524 1400 ornamentum
543 1368 634 1399 curiae
657 1368 837 1399 constituere
861 1367 970 1406 velitis,

75 1412 211 1442 habeatis
227 1423 298 1443 sane
312 1413 396 1443 vobis
405 1412 499 1442 istum
515 1418 682 1442 senatorem
693 1423 703 1447 3
727 1411 821 1441 istum
832 1410 923 1441 etiam
933 1410 972 1441 de

76 1455 161 1485 vobis
181 1456 327 1495 judicem,
341 1456 365 1486 si
383 1455 484 1491 vultis,
502 1455 656 1485 habeatis:
681 1454 719 1484 de
734 1465 764 1484 se
779 1453 928 1492 homines,
945 1453 972 1483 si

76 1499 130 1539 qui
145 1505 231 1529 extra
245 1499 339 1529 istum
362 1498 499 1529 ordinem
515 1504 597 1536 sunt,
623 1498 734 1539 quibus
755 1507 794 1527 ne
816 1496 971 1536 rejiciendi

76 1541 201 1582 quidem
213 1542 356 1583 amplius,
368 1552 462 1583 quam
472 1541 565 1571 trium
573 1541 724 1581 judicum,
732 1540 882 1582 praeclarae
888 1540 970 1580 leges

77 1585 226 1615 Corneliae
256 1585 372 1615 faciunt
396 1590 586 1626 potestatem,
616 1584 699 1614 hunc
724 1583 881 1614 hominem
905 1588 969 1613 tam

76 1628 240 1666 crudelem,
255 1633 318 1658 tam
335 1628 524 1665 sceleratum,
541 1633 605 1657 tam
620 1627 782 1666 nefarium,
796 1627 906 1657 nolunt
917 1626 970 1665 ju-

76 1671 184 1701 dicare.

119 1713 269 1744 XXXII.
293 1713 431 1752 Etenim,
451 1713 477 1744 si
499 1713 577 1743 illud
600 1719 644 1744 est
668 1712 851 1754 flagitiosum
873 1711 970 1753 (quod

76 1757 155 1787 mihi
169 1757 309 1788 omnium
324 1767 427 1787 rerum
448 1757 660 1798 turpissimum
675 1757 871 1796 maximeque
886 1754 972 1785 nefa-

77 1800 158 1831 rium
173 1800 306 1838 videtur)
334 1801 372 1831 ob
394 1810 459 1831 rem
481 1800 690 1839 judicandam,
716 1799 877 1841 pecuniam
893 1797 970 1828 acei-
