1181 1902
185 80 248 109 252¹.
362 75 410 105 IN
436 73 630 105 VERREM
655 73 720 105 111.
744 74 827 106 CAP.
844 77 895 106 42.

185 170 215 194 et
229 167 398 194 commotus
413 166 466 191 est.
499 160 600 191 Vertit
614 161 718 190 stilum
734 160 765 190 in
782 162 892 192 tabulis
907 161 988 197 suis;
1012 173 1075 203 quo

183 208 262 237 facto
282 214 404 236 causam
424 213 547 234 omnem
568 204 673 233 evertit
693 213 799 234 suam:
823 204 900 234 nihil
921 206 1001 235 enim
1017 206 1074 236 sibi

183 249 293 290 reliqui
318 248 400 285 feeit,
432 246 515 287 quod
540 246 661 277 defendi
687 247 791 287 aliquit
819 248 934 278 ratione
963 255 1071 289 posset.

184 294 280 329 Nam,
305 291 329 321 si
351 290 393 320 ita
415 288 605 319 defenderet:
632 291 653 307 “
670 289 778 330 Recipi
804 300 914 321 nomen
941 292 1072 322 absentis

182 336 272 371 licet3
295 334 353 364 hoc
368 333 433 363 fieri
453 332 484 361 in
503 332 657 373 provincia
677 333 763 362 nulla
777 333 827 362 lex
843 339 922 364 vetat
934 335 966 369 ;”
989 335 1073 365 mala

182 385 212 410 et
226 376 366 418 improba
381 375 563 412 defensione,
585 385 691 405 verum
713 375 814 416 aliqua
831 382 944 412 tamen,
966 377 1011 407 uti
1028 378 1072 407 vi-

181 421 311 452 deretur.
344 420 512 456 Postremo,
533 418 586 448 illo
609 418 849 458 desperatissimo
869 420 1008 460 perfugio
1028 421 1074 450 uti

181 470 291 505 posset,
309 473 338 492 se
353 461 578 502 imprudentem
595 460 708 497 fecisse,
726 461 913 492 existimsisse
927 462 958 491 id
973 463 1071 494 licere.

181 508 382 546 Quamquam
397 505 462 534 haec
471 504 671 544 perditissima
686 504 819 534 defensio
835 511 889 542 est,
903 511 1003 536 tamen
1020 507 1075 536 ali-

180 550 255 591 quid
270 548 329 579 dici
344 547 503 578 videretur.
536 547 633 576 Tollit
648 557 687 577 ex
707 547 818 578 tabulis
842 548 884 586 id,
902 549 984 589 quod
1000 556 1075 588 erat,

179 599 208 623 et
223 592 305 629 facit,
322 601 422 622 coram
438 590 572 620 delatum
589 600 659 619 esse.

223 634 334 666 XLII.
360 634 423 663 Hic
448 633 556 670 videte,
581 632 612 661 in
636 638 710 673 quot
731 644 762 663 se
786 634 910 674 laqueos
930 634 1072 672 induerit,

179 689 311 719 quorum
335 687 372 707 ex
399 676 484 706 nullo
511 686 541 706 se
567 685 705 716 unquam
729 677 894 716 expediret.
930 678 1071 708 Primum

176 723 241 762 ipse
265 721 296 751 in
318 719 419 750 Sicilia
435 729 513 759 saepe
534 724 562 748 et
577 719 679 758 palam
700 719 816 749 deloco
837 720 988 760 superiore
1003 721 1071 752 dix-

179 770 252 802 erat,
277 771 305 794 et
326 763 357 792 in
379 772 515 792 sermone
535 761 640 791 multis
660 761 890 799 demonstrarat,
914 763 1002 794 licere
1018 774 1072 794 no-

179 817 250 837 men
271 806 401 846 recipere
417 804 568 839 absentis;
594 814 625 834 se
646 804 785 845 exemplo
804 805 906 835 fecisse
921 806 963 843 id,
988 808 1071 848 quod

176 850 303 880 fecisset.
336 849 411 878 Haec
432 857 502 877 eum
523 846 684 884 dictitasse,
706 847 804 888 priore
824 848 939 878 actione
955 855 983 879 et
998 851 1068 880 Sex.

178 893 343 933 Pompeius
356 891 487 922 Chlorus
499 890 587 927 dixit,
604 889 641 919 de
657 891 743 929 cujus
759 891 869 921 virtute
884 898 972 922 antea
987 903 1069 923 com-

176 935 355 971 memoravi,
383 940 411 964 et
435 934 492 963 Cn.
519 933 684 973 Pompeius
709 933 899 971 Theodorus,
924 935 1016 965 homo
1040 942 1069 966 et

177 981 234 1010 Cn.
255 977 405 1018 Pompeii,
427 976 584 1007 clarissimi
605 976 671 1013 viri,
691 976 805 1016 judicio
826 977 965 1017 plurimis
981 989 1070 1009 max-

175 1023 306 1063 imisque
326 1021 357 1051 in
379 1021 467 1050 rebus
488 1019 727 1060 probatissimus,
752 1025 781 1049 et
804 1020 943 1050 omnium
966 1022 1068 1052 existi-

175 1066 308 1096 matione
324 1062 543 1099 ornatissimus,
568 1067 597 1093 et
617 1062 742 1093 Posides
758 1062 862 1093 Matro
881 1064 1066 1103 Soleutinus,

174 1110 268 1139 homo
290 1107 412 1137 summa
427 1105 594 1141 nobilitate,
617 1105 849 1142 existimatione,
872 1107 1001 1137 virtute:
1027 1114 1067 1145 et,

174 1153 231 1182 hac
247 1151 372 1186 actione,
390 1159 483 1190 quam
497 1149 601 1179 voletis
616 1148 706 1178 multi
721 1149 831 1185 dicent,
849 1156 879 1179 et
893 1150 947 1190 qui
962 1161 999 1180 ex
1012 1150 1068 1181 isto

175 1206 240 1236 ipso
264 1192 425 1229 audierint,
451 1191 507 1222 viri
530 1192 665 1232 primarii
688 1192 781 1221 nostri
802 1192 924 1229 ordinis,
951 1200 979 1223 et
1003 1194 1066 1230 alii,

175 1238 228 1279 qui
255 1235 457 1272 interfuerint,
487 1244 557 1265 cum
582 1234 712 1265 absentis
738 1244 849 1265 nomen
877 1235 1066 1276 reciperetur.

175 1280 295 1312 Deinde
312 1280 432 1315 Romae,
457 1288 527 1308 cum
543 1289 587 1308 res
603 1284 677 1308 esset
693 1284 758 1308 acta
774 1278 802 1307 in
821 1284 937 1314 senatu,
962 1289 1066 1310 omnes

174 1325 260 1354 istius
275 1322 375 1360 amici,
399 1322 430 1351 iu
446 1321 493 1351 his
509 1321 599 1351 etiam
615 1327 700 1361 pater
715 1321 790 1360 ejuS,
816 1321 871 1351 hoc
887 1321 1067 1353 defendebat

174 1368 263 1397 licere
279 1365 363 1401 fieri;
388 1375 466 1405 saepe
482 1374 544 1394 esse
559 1364 694 1399 factumg
719 1364 822 1401 istum,
840 1364 922 1405 quod
938 1365 1065 1404 fecisset,

174 1411 304 1441 aliorum
320 1408 460 1448 exemplo
476 1407 673 1447 institutoque
689 1407 799 1437 fecisse.

218 1452 301 1482 Dicit
316 1457 459 1491 praeterea
478 1450 685 1480 testimouium
707 1456 769 1480 tota
793 1450 907 1488 Sicilia,
931 1462 1011 1492 quae,
1034 1452 1066 1481 in

173 1494 387 1527 communibus
408 1494 566 1534 postulatis
587 1493 742 1523 civitatum
763 1493 913 1529 omnium,
936 1495 1066 1524 consuli-

172 1542 230 1572 bus
246 1537 349 1574 edidit,
374 1547 478 1576 rogare
494 1542 585 1576 atque
600 1547 684 1566 orare
699 1542 797 1576 patres
813 1537 1004 1577 conscriptos,
1029 1544 1063 1567 ut

172 1586 348 1618 statuerent,
373 1590 410 1609 ne
425 1580 596 1609 absentium
613 1579 737 1609 nomina
757 1579 968 1620 reciperentur.
993 1580 1066 1617 Qua

173 1627 211 1656 de
230 1636 261 1655 re
277 1624 334 1653 Cn.
350 1622 530 1660 Lentulum,
548 1629 710 1663 patronum
727 1622 848 1660 Siciliae,
866 1622 1066 1653 clarissimum

173 1669 404 1702 adolescentem,
429 1665 526 1695 dicere
544 1666 690 1695 audistis:
716 1665 843 1702 Siculos,
866 1676 936 1695 cum
952 1676 982 1696 se
997 1677 1068 1696 cau-

176 1722 253 1747 sam,
277 1720 346 1751 quae
362 1719 415 1749 pro
430 1708 477 1738 his
499 1709 555 1738 sibi
573 1709 604 1738 in
621 1715 726 1739 senatu
742 1709 859 1749 agenda
873 1714 960 1747 esset,
981 1709 1068 1739 doce-

176 1761 253 1791 rent,
279 1754 316 1783 de
329 1751 445 1783 Sthenii
462 1752 633 1782 calamitate
645 1758 765 1792 questos
781 1762 862 1785 esse:
887 1758 1069 1793 propterque
