<?xml version="1.0" encoding="UTF-8"?>
<!DOCTYPE html PUBLIC "-//W3C//DTD XHTML 1.0 Transitional//EN"
    "http://www.w3.org/TR/xhtml1/DTD/xhtml1-transitional.dtd">
<html xmlns="http://www.w3.org/1999/xhtml" xml:lang="en" lang="en">
 <head>
  <title>
</title>
<meta http-equiv="Content-Type" content="text/html;charset=utf-8" />
  <meta name='ocr-system' content='tesseract 3.04.00' />
  <meta name='ocr-capabilities' content='ocr_page ocr_carea ocr_par ocr_line ocrx_word'/>
</head>
<body>
  <div class='ocr_page' id='page_1' title='image "./operaern05ciceuoft_0203.png"; bbox 0 0 1181 1902; ppageno 0'>
   <div class='ocr_carea' id='block_1_1' title="bbox 270 32 977 68">
    <p class='ocr_par' dir='ltr' id='par_1_1' title="bbox 270 32 977 68">
     <span class='ocr_line' id='line_1_1' title="bbox 270 32 977 68; baseline -0.004 -2"><span class='ocrx_word' id='word_1_1' title='bbox 270 35 322 66; x_wconf 94' lang='lat' dir='ltr'><strong>IN</strong></span> <span class='ocrx_word' id='word_1_2' title='bbox 346 35 544 68; x_wconf 85' lang='lat' dir='ltr'><strong>VERREM</strong></span> <span class='ocrx_word' id='word_1_3' title='bbox 569 36 616 67; x_wconf 94' lang='grc' dir='ltr'><strong>ΙΙ.</strong></span> <span class='ocrx_word' id='word_1_4' title='bbox 640 35 724 67; x_wconf 75' lang='grc' dir='ltr'><strong>ΟΑΡ.</strong></span> <span class='ocrx_word' id='word_1_5' title='bbox 741 35 794 67; x_wconf 88' lang='grc'><strong>39.</strong></span> <span class='ocrx_word' id='word_1_6' title='bbox 919 32 977 65; x_wconf 86' lang='grc'><strong>191</strong></span> 
     </span>
    </p>
   </div>
   <div class='ocr_carea' id='block_1_2' title="bbox 68 118 982 1762">
    <p class='ocr_par' dir='ltr' id='par_1_2' title="bbox 77 118 982 712">
     <span class='ocr_line' id='line_1_2' title="bbox 81 118 982 163; baseline -0.002 -13"><span class='ocrx_word' id='word_1_7' title='bbox 81 118 234 153; x_wconf 88' lang='lat' dir='ltr'><strong>versiculis</strong></span> <span class='ocrx_word' id='word_1_8' title='bbox 253 121 400 152; x_wconf 86' lang='lat' dir='ltr'>relatam:</span> <span class='ocrx_word' id='word_1_9' title='bbox 424 121 594 163; x_wconf 73' lang='lat' dir='ltr'>legationis,</span> <span class='ocrx_word' id='word_1_10' title='bbox 618 132 691 160; x_wconf 90' lang='lat' dir='ltr'><strong>non,</strong></span> <span class='ocrx_word' id='word_1_11' title='bbox 708 121 765 152; x_wconf 85' lang='lat' dir='ltr'><strong>nisi</strong></span> <span class='ocrx_word' id='word_1_12' title='bbox 781 119 982 151; x_wconf 81' lang='lat' dir='ltr'><strong>condemnato</strong></span> 
     </span>
     <span class='ocr_line' id='line_1_3' title="bbox 81 163 981 206; baseline -0.002 -13"><span class='ocrx_word' id='word_1_13' title='bbox 81 168 111 193; x_wconf 85' lang='lat' dir='ltr'><strong>et</strong></span> <span class='ocrx_word' id='word_1_14' title='bbox 127 164 220 203; x_wconf 87' lang='lat' dir='ltr'><strong>ejecto</strong></span> <span class='ocrx_word' id='word_1_15' title='bbox 236 174 281 201; x_wconf 92' lang='lat' dir='ltr'><strong>eo,</strong></span> <span class='ocrx_word' id='word_1_16' title='bbox 306 165 359 205; x_wconf 91' lang='lat' dir='ltr'><strong>qui</strong></span> <span class='ocrx_word' id='word_1_17' title='bbox 374 172 473 206; x_wconf 88' lang='lat' dir='ltr'><strong>posset</strong></span> <span class='ocrx_word' id='word_1_18' title='bbox 489 166 726 206; x_wconf 82' lang='lat' dir='ltr'><strong>reprehendere:</strong></span> <span class='ocrx_word' id='word_1_19' title='bbox 751 174 832 195; x_wconf 89' lang='lat' dir='ltr'><strong>nunc</strong></span> <span class='ocrx_word' id='word_1_20' title='bbox 848 163 981 203; x_wconf 85' lang='lat' dir='ltr'><strong>denique</strong></span> 
     </span>
     <span class='ocr_line' id='line_1_4' title="bbox 80 206 980 248; baseline -0.001 -12"><span class='ocrx_word' id='word_1_21' title='bbox 80 212 231 246; x_wconf 66' lang='lat' dir='ltr'><strong>praeturae,</strong></span> <span class='ocrx_word' id='word_1_22' title='bbox 256 218 349 248; x_wconf 87' lang='lat' dir='ltr'><strong>quam</strong></span> <span class='ocrx_word' id='word_1_23' title='bbox 376 219 414 238; x_wconf 83' lang='lat' dir='ltr'><strong>ex</strong></span> <span class='ocrx_word' id='word_1_24' title='bbox 441 209 713 240; x_wconf 67' lang='lat' dir='ltr'><strong>senatus-consulto</strong></span> <span class='ocrx_word' id='word_1_25' title='bbox 740 208 843 239; x_wconf 83' lang='lat' dir='ltr'><strong>statim</strong></span> <span class='ocrx_word' id='word_1_26' title='bbox 870 206 980 236; x_wconf 81' lang='lat' dir='ltr'><strong>referre</strong></span> 
     </span>
     <span class='ocr_line' id='line_1_5' title="bbox 79 248 980 293; baseline 0 -15"><span class='ocrx_word' id='word_1_27' title='bbox 79 248 196 286; x_wconf 88' lang='lat' dir='ltr'><strong>debuit,</strong></span> <span class='ocrx_word' id='word_1_28' title='bbox 210 261 306 291; x_wconf 86' lang='lat' dir='ltr'><strong>usque</strong></span> <span class='ocrx_word' id='word_1_29' title='bbox 321 250 359 280; x_wconf 87' lang='lat' dir='ltr'><strong>ad</strong></span> <span class='ocrx_word' id='word_1_30' title='bbox 375 251 431 281; x_wconf 91' lang='lat' dir='ltr'><strong>hoc</strong></span> <span class='ocrx_word' id='word_1_31' title='bbox 444 258 564 293; x_wconf 88' lang='lat' dir='ltr'><strong>tempus</strong></span> <span class='ocrx_word' id='word_1_32' title='bbox 576 262 637 283; x_wconf 90' lang='lat' dir='ltr'><strong>non</strong></span> <span class='ocrx_word' id='word_1_33' title='bbox 649 252 762 282; x_wconf 85' lang='lat' dir='ltr'><strong>retulit.</strong></span> <span class='ocrx_word' id='word_1_34' title='bbox 787 251 980 288; x_wconf 80' lang='lat' dir='ltr'><strong>Quaestorem</strong></span> 
     </span>
     <span class='ocr_line' id='line_1_6' title="bbox 81 293 982 335; baseline -0.001 -13"><span class='ocrx_word' id='word_1_35' title='bbox 81 302 111 322; x_wconf 89' lang='lat' dir='ltr'><strong>se</strong></span> <span class='ocrx_word' id='word_1_36' title='bbox 132 293 164 322; x_wconf 89' lang='lat' dir='ltr'><strong>in</strong></span> <span class='ocrx_word' id='word_1_37' title='bbox 183 299 288 323; x_wconf 88' lang='lat' dir='ltr'><strong>senatu</strong></span> <span class='ocrx_word' id='word_1_38' title='bbox 305 300 475 334; x_wconf 84' lang='lat' dir='ltr'><strong>exspectare</strong></span> <span class='ocrx_word' id='word_1_39' title='bbox 490 295 588 331; x_wconf 70' lang='lat' dir='ltr'><strong>dixitg</strong></span> <span class='ocrx_word' id='word_1_40' title='bbox 614 295 737 335; x_wconf 85' lang='lat' dir='ltr'><strong>perinde</strong></span> <span class='ocrx_word' id='word_1_41' title='bbox 753 294 839 335; x_wconf 85' lang='lat' dir='ltr'>quasi</span> <span class='ocrx_word' id='word_1_42' title='bbox 855 302 928 329; x_wconf 91' lang='lat' dir='ltr'><strong>non,</strong></span> <span class='ocrx_word' id='word_1_43' title='bbox 944 297 982 321; x_wconf 84' lang='lat' dir='ltr'><strong>ut</strong></span> 
     </span>
     <span class='ocr_line' id='line_1_7' title="bbox 79 336 978 379; baseline 0 -15"><span class='ocrx_word' id='word_1_44' title='bbox 79 346 132 375; x_wconf 91' lang='lat' dir='ltr'><strong>qu</strong></span> <span class='ocrx_word' id='word_1_45' title='bbox 124 342 221 372; x_wconf 77' lang='lat' dir='ltr'><strong>estor,</strong></span> <span class='ocrx_word' id='word_1_46' title='bbox 239 336 302 367; x_wconf 85' lang='lat' dir='ltr'><strong>sine</strong></span> <span class='ocrx_word' id='word_1_47' title='bbox 317 343 454 377; x_wconf 84' lang='lat' dir='ltr'><strong>praetore,</strong></span> <span class='ocrx_word' id='word_1_48' title='bbox 472 344 571 379; x_wconf 87' lang='lat' dir='ltr'><strong>posset</strong></span> <span class='ocrx_word' id='word_1_49' title='bbox 582 339 730 368; x_wconf 83' lang='lat' dir='ltr'><strong>rationem</strong></span> <span class='ocrx_word' id='word_1_50' title='bbox 744 337 852 367; x_wconf 87' lang='lat' dir='ltr'><strong>referre</strong></span> <span class='ocrx_word' id='word_1_51' title='bbox 869 339 917 370; x_wconf 87' lang='lat' dir='ltr'><strong>(ut</strong></span> <span class='ocrx_word' id='word_1_52' title='bbox 931 340 978 372; x_wconf 88' lang='lat' dir='ltr'><strong>tu,</strong></span> 
     </span>
     <span class='ocr_line' id='line_1_8' title="bbox 80 377 979 420; baseline -0.001 -12"><span class='ocrx_word' id='word_1_53' title='bbox 80 377 237 416; x_wconf 81' lang='lat' dir='ltr'><strong>Hortensi,</strong></span> <span class='ocrx_word' id='word_1_54' title='bbox 262 385 297 410; x_wconf 86' lang='lat' dir='ltr'><strong>ut</strong></span> <span class='ocrx_word' id='word_1_55' title='bbox 322 386 452 418; x_wconf 79' lang='lat' dir='ltr'><strong>omnes),</strong></span> <span class='ocrx_word' id='word_1_56' title='bbox 470 382 575 412; x_wconf 75' lang='lat' dir='ltr'><strong>eodeni</strong></span> <span class='ocrx_word' id='word_1_57' title='bbox 602 381 704 419; x_wconf 86' lang='lat' dir='ltr'><strong>modo,</strong></span> <span class='ocrx_word' id='word_1_58' title='bbox 729 381 792 411; x_wconf 88' lang='lat' dir='ltr'><strong>sine</strong></span> <span class='ocrx_word' id='word_1_59' title='bbox 819 384 979 420; x_wconf 83' lang='lat' dir='ltr'><strong>quaestore,</strong></span> 
     </span>
     <span class='ocr_line' id='line_1_9' title="bbox 78 422 979 471; baseline 0 -20"><span class='ocrx_word' id='word_1_60' title='bbox 78 428 198 471; x_wconf 77' lang='lat' dir='ltr'><strong>praetor.</strong></span> <span class='ocrx_word' id='word_1_61' title='bbox 231 422 333 459; x_wconf 73' lang='lat' dir='ltr'><strong>Dixit,</strong></span> <span class='ocrx_word' id='word_1_62' title='bbox 349 423 431 453; x_wconf 84' lang='lat' dir='ltr'><strong>idem</strong></span> <span class='ocrx_word' id='word_1_63' title='bbox 448 424 643 455; x_wconf 84' lang='lat' dir='ltr'><strong>Dolabellam</strong></span> <span class='ocrx_word' id='word_1_64' title='bbox 658 424 845 465; x_wconf 54' lang='lat' dir='ltr'><strong>impari-isse</strong></span> <span class='ocrx_word' id='word_1_65' title='bbox 874 422 979 453; x_wconf 90' lang='lat' dir='ltr'><strong>Omen</strong></span> 
     </span>
     <span class='ocr_line' id='line_1_10' title="bbox 78 466 978 509; baseline 0 -15"><span class='ocrx_word' id='word_1_66' title='bbox 78 466 177 505; x_wconf 83' lang='lat' dir='ltr'><strong>magis</strong></span> <span class='ocrx_word' id='word_1_67' title='bbox 188 466 324 507; x_wconf 82' lang='lat' dir='ltr'><strong>patribus</strong></span> <span class='ocrx_word' id='word_1_68' title='bbox 337 467 522 508; x_wconf 84' lang='lat' dir='ltr'><strong>conscriptis,</strong></span> <span class='ocrx_word' id='word_1_69' title='bbox 534 478 628 509; x_wconf 85' lang='lat' dir='ltr'><strong>quam</strong></span> <span class='ocrx_word' id='word_1_70' title='bbox 641 478 742 504; x_wconf 85' lang='lat' dir='ltr'><strong>causa,</strong></span> <span class='ocrx_word' id='word_1_71' title='bbox 756 466 889 507; x_wconf 85' lang='lat' dir='ltr'><strong>placuit.</strong></span> <span class='ocrx_word' id='word_1_72' title='bbox 908 474 978 505; x_wconf 90' lang='lat' dir='ltr'><strong>pro-</strong></span> 
     </span>
     <span class='ocr_line' id='line_1_11' title="bbox 77 508 978 559; baseline -0.001 -21"><span class='ocrx_word' id='word_1_73' title='bbox 77 508 235 539; x_wconf 86' lang='lat' dir='ltr'><strong>baverunt.</strong></span> <span class='ocrx_word' id='word_1_74' title='bbox 261 509 379 540; x_wconf 88' lang='lat' dir='ltr'><strong>Verum</strong></span> <span class='ocrx_word' id='word_1_75' title='bbox 395 517 557 550; x_wconf 82' lang='lat' dir='ltr'><strong>quaestores</strong></span> <span class='ocrx_word' id='word_1_76' title='bbox 578 521 701 552; x_wconf 88' lang='lat' dir='ltr'><strong>quoque</strong></span> <span class='ocrx_word' id='word_1_77' title='bbox 717 509 904 559; x_wconf 77' lang='lat' dir='ltr'><strong>jampridem</strong></span> <span class='ocrx_word' id='word_1_78' title='bbox 927 518 978 537; x_wconf 88' lang='lat' dir='ltr'><strong>ve-</strong></span> 
     </span>
     <span class='ocr_line' id='line_1_12' title="bbox 77 554 978 585; baseline -0.001 -4"><span class='ocrx_word' id='word_1_79' title='bbox 77 558 207 582; x_wconf 89' lang='lat' dir='ltr'><strong>nerunt:</strong></span> <span class='ocrx_word' id='word_1_80' title='bbox 233 563 286 583; x_wconf 87' lang='lat' dir='ltr'><strong>cur</strong></span> <span class='ocrx_word' id='word_1_81' title='bbox 301 563 362 583; x_wconf 91' lang='lat' dir='ltr'><strong>non</strong></span> <span class='ocrx_word' id='word_1_82' title='bbox 383 554 535 584; x_wconf 82' lang='lat' dir='ltr'><strong>retulisti?</strong></span> <span class='ocrx_word' id='word_1_83' title='bbox 560 555 690 585; x_wconf 88' lang='lat' dir='ltr'><strong>Illarum</strong></span> <span class='ocrx_word' id='word_1_84' title='bbox 712 554 865 583; x_wconf 81' lang='lat' dir='ltr'><strong>rationum</strong></span> <span class='ocrx_word' id='word_1_85' title='bbox 888 562 926 582; x_wconf 84' lang='lat' dir='ltr'><strong>ex</strong></span> <span class='ocrx_word' id='word_1_86' title='bbox 941 562 978 581; x_wconf 86' lang='lat' dir='ltr'><strong>ea</strong></span> 
     </span>
     <span class='ocr_line' id='line_1_13' title="bbox 77 594 980 644; baseline -0.001 -20"><span class='ocrx_word' id='word_1_87' title='bbox 77 594 149 625; x_wconf 82' lang='lat' dir='ltr'><strong>faeee</strong></span> <span class='ocrx_word' id='word_1_88' title='bbox 164 595 334 644; x_wconf 82' lang='lat' dir='ltr'><strong>legationis,</strong></span> <span class='ocrx_word' id='word_1_89' title='bbox 358 597 588 638; x_wconf 76' lang='lat' dir='ltr'><strong>quaestoriaeque</strong></span> <span class='ocrx_word' id='word_1_90' title='bbox 603 604 664 628; x_wconf 86' lang='lat' dir='ltr'><strong>tuae</strong></span> <span class='ocrx_word' id='word_1_91' title='bbox 679 595 908 638; x_wconf 85' lang='lat' dir='ltr'><strong>procurationis,</strong></span> <span class='ocrx_word' id='word_1_92' title='bbox 925 594 980 624; x_wconf 82' lang='lat' dir='ltr'><strong>illa</strong></span> 
     </span>
     <span class='ocr_line' id='line_1_14' title="bbox 77 637 978 681; baseline -0.001 -13"><span class='ocrx_word' id='word_1_93' title='bbox 77 644 149 669; x_wconf 88' lang='lat' dir='ltr'><strong>sunt</strong></span> <span class='ocrx_word' id='word_1_94' title='bbox 172 639 308 678; x_wconf 89' lang='lat' dir='ltr'><strong>nomina,</strong></span> <span class='ocrx_word' id='word_1_95' title='bbox 333 651 402 681; x_wconf 86' lang='lat' dir='ltr'><strong>quae</strong></span> <span class='ocrx_word' id='word_1_96' title='bbox 422 640 593 671; x_wconf 87' lang='lat' dir='ltr'><strong>Dolabellae</strong></span> <span class='ocrx_word' id='word_1_97' title='bbox 615 640 780 671; x_wconf 85' lang='lat' dir='ltr'><strong>necessario</strong></span> <span class='ocrx_word' id='word_1_98' title='bbox 805 645 876 670; x_wconf 83' lang='lat' dir='ltr'><strong>sunt</strong></span> <span class='ocrx_word' id='word_1_99' title='bbox 899 637 978 668; x_wconf 81' lang='lat' dir='ltr'><strong>aesti-</strong></span> 
     </span>
     <span class='ocr_line' id='line_1_15' title="bbox 77 688 170 712; baseline 0.024 -2"><span class='ocrx_word' id='word_1_100' title='bbox 77 688 170 712; x_wconf 84' lang='lat' dir='ltr'><strong>mata.</strong></span> 
     </span>
    </p>

    <p class='ocr_par' dir='ltr' id='par_1_3' title="bbox 71 725 971 808">
     <span class='ocr_line' id='line_1_16' title="bbox 119 725 971 759; baseline -0.001 -4"><span class='ocrx_word' id='word_1_101' title='bbox 119 727 188 759; x_wconf 35' lang='lat' dir='ltr'><strong>(Eiv</strong></span> <span class='ocrx_word' id='word_1_102' title='bbox 212 727 317 757; x_wconf 72' lang='lat' dir='ltr'><strong>litibus</strong></span> <span class='ocrx_word' id='word_1_103' title='bbox 344 728 503 758; x_wconf 73' lang='lat' dir='ltr'><strong>cestimatis</strong></span> <span class='ocrx_word' id='word_1_104' title='bbox 532 729 697 759; x_wconf 65' lang='lat' dir='ltr'><strong>Dolabellae</strong></span> <span class='ocrx_word' id='word_1_105' title='bbox 730 728 829 758; x_wconf 74' lang='lat' dir='ltr'><strong>Praet.</strong></span> <span class='ocrx_word' id='word_1_106' title='bbox 858 727 900 756; x_wconf 93' lang='lat' dir='ltr'><strong>P.</strong></span> <span class='ocrx_word' id='word_1_107' title='bbox 928 725 971 755; x_wconf 84' lang='lat' dir='ltr'><strong>R.</strong></span> 
     </span>
     <span class='ocr_line' id='line_1_17' title="bbox 71 771 380 808; baseline 0 -9"><span class='ocrx_word' id='word_1_108' title='bbox 71 771 211 808; x_wconf 61' lang='lat' dir='ltr'><strong>pecuniae</strong></span> <span class='ocrx_word' id='word_1_109' title='bbox 228 771 380 807; x_wconf 71' lang='lat' dir='ltr'><strong>retlact‘oe.)</strong></span> 
     </span>
    </p>

    <p class='ocr_par' dir='ltr' id='par_1_4' title="bbox 68 812 976 1762">
     <span class='ocr_line' id='line_1_18' title="bbox 120 812 973 854; baseline 0 -12"><span class='ocrx_word' id='word_1_110' title='bbox 120 812 214 851; x_wconf 89' lang='lat' dir='ltr'><strong>Quod</strong></span> <span class='ocrx_word' id='word_1_111' title='bbox 239 813 342 844; x_wconf 84' lang='lat' dir='ltr'><strong>minus</strong></span> <span class='ocrx_word' id='word_1_112' title='bbox 369 813 531 845; x_wconf 89' lang='lat' dir='ltr'><strong>Dolabella</strong></span> <span class='ocrx_word' id='word_1_113' title='bbox 557 813 648 845; x_wconf 87' lang='lat' dir='ltr'><strong>Verri</strong></span> <span class='ocrx_word' id='word_1_114' title='bbox 673 819 832 854; x_wconf 88' lang='lat' dir='ltr'><strong>acceptum</strong></span> <span class='ocrx_word' id='word_1_115' title='bbox 857 812 973 849; x_wconf 89' lang='lat' dir='ltr'><strong>retulit,</strong></span> 
     </span>
     <span class='ocr_line' id='line_1_19' title="bbox 76 856 976 898; baseline -0.001 -12"><span class='ocrx_word' id='word_1_116' title='bbox 76 867 170 897; x_wconf 88' lang='lat' dir='ltr'><strong>quam</strong></span> <span class='ocrx_word' id='word_1_117' title='bbox 196 856 306 887; x_wconf 87' lang='lat' dir='ltr'><strong>Verres</strong></span> <span class='ocrx_word' id='word_1_118' title='bbox 330 857 376 887; x_wconf 87' lang='lat' dir='ltr'><strong>illi</strong></span> <span class='ocrx_word' id='word_1_119' title='bbox 396 867 565 898; x_wconf 82' lang='lat' dir='ltr'><strong>expensum</strong></span> <span class='ocrx_word' id='word_1_120' title='bbox 589 858 704 895; x_wconf 87' lang='lat' dir='ltr'><strong>tulerit,</strong></span> <span class='ocrx_word' id='word_1_121' title='bbox 728 857 785 887; x_wconf 80' lang='lat' dir='ltr'><strong>Hs</strong></span> <span class='ocrx_word' id='word_1_122' title='bbox 807 856 976 896; x_wconf 83' lang='lat' dir='ltr'><strong>quingenta</strong></span> 
     </span>
     <span class='ocr_line' id='line_1_20' title="bbox 75 899 976 950; baseline 0 -21"><span class='ocrx_word' id='word_1_123' title='bbox 75 899 200 939; x_wconf 86' lang='lat' dir='ltr'><strong>triginta</strong></span> <span class='ocrx_word' id='word_1_124' title='bbox 216 900 352 941; x_wconf 87' lang='lat' dir='ltr'><strong>quinque</strong></span> <span class='ocrx_word' id='word_1_125' title='bbox 368 901 484 936; x_wconf 74' lang='lat' dir='ltr'><strong>millia3</strong></span> <span class='ocrx_word' id='word_1_126' title='bbox 502 907 531 931; x_wconf 91' lang='lat' dir='ltr'><strong>et</strong></span> <span class='ocrx_word' id='word_1_127' title='bbox 546 901 629 950; x_wconf 81' lang='lat' dir='ltr'><strong>quod</strong></span> <span class='ocrx_word' id='word_1_128' title='bbox 644 901 713 941; x_wconf 88' lang='lat' dir='ltr'><strong>plus</strong></span> <span class='ocrx_word' id='word_1_129' title='bbox 728 900 799 930; x_wconf 89' lang='lat' dir='ltr'><strong>fecit</strong></span> <span class='ocrx_word' id='word_1_130' title='bbox 811 899 976 929; x_wconf 85' lang='lat' dir='ltr'><strong>Dolabella</strong></span> 
     </span>
     <span class='ocr_line' id='line_1_21' title="bbox 76 942 973 992; baseline 0 -20"><span class='ocrx_word' id='word_1_131' title='bbox 76 942 204 973; x_wconf 86' lang='lat' dir='ltr'><strong>Verrem</strong></span> <span class='ocrx_word' id='word_1_132' title='bbox 223 943 381 992; x_wconf 79' lang='lat' dir='ltr'><strong>accepisse,</strong></span> <span class='ocrx_word' id='word_1_133' title='bbox 405 954 499 985; x_wconf 87' lang='lat' dir='ltr'><strong>quam</strong></span> <span class='ocrx_word' id='word_1_134' title='bbox 520 944 575 974; x_wconf 87' lang='lat' dir='ltr'><strong>iste</strong></span> <span class='ocrx_word' id='word_1_135' title='bbox 590 944 622 974; x_wconf 91' lang='lat' dir='ltr'><strong>in</strong></span> <span class='ocrx_word' id='word_1_136' title='bbox 639 944 700 974; x_wconf 88' lang='lat' dir='ltr'><strong>suis</strong></span> <span class='ocrx_word' id='word_1_137' title='bbox 720 942 832 974; x_wconf 86' lang='lat' dir='ltr'><strong>tabulis</strong></span> <span class='ocrx_word' id='word_1_138' title='bbox 853 942 973 980; x_wconf 87' lang='lat' dir='ltr'><strong>habuit,</strong></span> 
     </span>
     <span class='ocr_line' id='line_1_22' title="bbox 75 985 976 1028; baseline -0.001 -12"><span class='ocrx_word' id='word_1_139' title='bbox 75 986 132 1017; x_wconf 75' lang='lat' dir='ltr'><strong>Hs</strong></span> <span class='ocrx_word' id='word_1_140' title='bbox 154 986 284 1016; x_wconf 88' lang='lat' dir='ltr'><strong>ducenta</strong></span> <span class='ocrx_word' id='word_1_141' title='bbox 299 987 423 1027; x_wconf 82' lang='lat' dir='ltr'><strong>triginta</strong></span> <span class='ocrx_word' id='word_1_142' title='bbox 443 987 504 1017; x_wconf 87' lang='lat' dir='ltr'><strong>duo</strong></span> <span class='ocrx_word' id='word_1_143' title='bbox 523 987 640 1023; x_wconf 75' lang='lat' dir='ltr'><strong>millia3</strong></span> <span class='ocrx_word' id='word_1_144' title='bbox 666 992 695 1017; x_wconf 88' lang='lat' dir='ltr'><strong>et</strong></span> <span class='ocrx_word' id='word_1_145' title='bbox 716 986 799 1028; x_wconf 87' lang='lat' dir='ltr'><strong>quod</strong></span> <span class='ocrx_word' id='word_1_146' title='bbox 819 985 889 1026; x_wconf 85' lang='lat' dir='ltr'><strong>plus</strong></span> <span class='ocrx_word' id='word_1_147' title='bbox 910 986 976 1015; x_wconf 87' lang='lat' dir='ltr'><strong>fru-</strong></span> 
     </span>
     <span class='ocr_line' id='line_1_23' title="bbox 74 1028 974 1071; baseline 0 -13"><span class='ocrx_word' id='word_1_148' title='bbox 74 1029 170 1059; x_wconf 86' lang='lat' dir='ltr'><strong>menti</strong></span> <span class='ocrx_word' id='word_1_149' title='bbox 180 1029 250 1060; x_wconf 89' lang='lat' dir='ltr'><strong>fecit</strong></span> <span class='ocrx_word' id='word_1_150' title='bbox 265 1030 424 1070; x_wconf 85' lang='lat' dir='ltr'><strong>accepisse,</strong></span> <span class='ocrx_word' id='word_1_151' title='bbox 446 1041 540 1071; x_wconf 89' lang='lat' dir='ltr'><strong>quam</strong></span> <span class='ocrx_word' id='word_1_152' title='bbox 556 1036 601 1069; x_wconf 90' lang='lat' dir='ltr'><strong>tu,</strong></span> <span class='ocrx_word' id='word_1_153' title='bbox 618 1030 711 1061; x_wconf 92' lang='lat' dir='ltr'><strong>homo</strong></span> <span class='ocrx_word' id='word_1_154' title='bbox 729 1029 925 1065; x_wconf 84' lang='lat' dir='ltr'><strong>castissimus,</strong></span> <span class='ocrx_word' id='word_1_155' title='bbox 942 1028 974 1059; x_wconf 92' lang='lat' dir='ltr'><strong>in</strong></span> 
     </span>
     <span class='ocr_line' id='line_1_24' title="bbox 74 1071 972 1113; baseline 0 -11"><span class='ocrx_word' id='word_1_156' title='bbox 74 1072 187 1102; x_wconf 84' lang='lat' dir='ltr'><strong>tabulis</strong></span> <span class='ocrx_word' id='word_1_157' title='bbox 212 1073 357 1110; x_wconf 75' lang='lat' dir='ltr'><strong>habebas,</strong></span> <span class='ocrx_word' id='word_1_158' title='bbox 391 1074 448 1104; x_wconf 79' lang='lat' dir='ltr'><strong>Hs</strong></span> <span class='ocrx_word' id='word_1_159' title='bbox 475 1074 573 1104; x_wconf 86' lang='lat' dir='ltr'><strong>decies</strong></span> <span class='ocrx_word' id='word_1_160' title='bbox 603 1079 632 1104; x_wconf 90' lang='lat' dir='ltr'><strong>et</strong></span> <span class='ocrx_word' id='word_1_161' title='bbox 662 1074 835 1113; x_wconf 85' lang='lat' dir='ltr'><strong>octingenta</strong></span> <span class='ocrx_word' id='word_1_162' title='bbox 864 1071 972 1102; x_wconf 87' lang='lat' dir='ltr'><strong>millia.</strong></span> 
     </span>
     <span class='ocr_line' id='line_1_25' title="bbox 75 1115 972 1158; baseline 0 -13"><span class='ocrx_word' id='word_1_163' title='bbox 75 1115 159 1145; x_wconf 86' lang='lat' dir='ltr'><strong>Hinc</strong></span> <span class='ocrx_word' id='word_1_164' title='bbox 178 1116 239 1145; x_wconf 90' lang='lat' dir='ltr'><strong>illae</strong></span> <span class='ocrx_word' id='word_1_165' title='bbox 255 1116 499 1147; x_wconf 80' lang='lat' dir='ltr'><strong>extraordinariae</strong></span> <span class='ocrx_word' id='word_1_166' title='bbox 514 1117 661 1158; x_wconf 89' lang='lat' dir='ltr'><strong>pecuniae,</strong></span> <span class='ocrx_word' id='word_1_167' title='bbox 679 1127 766 1158; x_wconf 86' lang='lat' dir='ltr'><strong>quas,</strong></span> <span class='ocrx_word' id='word_1_168' title='bbox 783 1116 868 1146; x_wconf 90' lang='lat' dir='ltr'><strong>nullo</strong></span> <span class='ocrx_word' id='word_1_169' title='bbox 884 1115 972 1153; x_wconf 85' lang='lat' dir='ltr'><strong>duce,</strong></span> 
     </span>
     <span class='ocr_line' id='line_1_26' title="bbox 73 1158 973 1201; baseline 0 -13"><span class='ocrx_word' id='word_1_170' title='bbox 73 1164 176 1189; x_wconf 89' lang='lat' dir='ltr'><strong>tamen</strong></span> <span class='ocrx_word' id='word_1_171' title='bbox 201 1159 305 1200; x_wconf 66' lang='lat' dir='ltr'><strong>aliqua</strong></span> <span class='ocrx_word' id='word_1_172' title='bbox 326 1170 364 1190; x_wconf 87' lang='lat' dir='ltr'><strong>ex</strong></span> <span class='ocrx_word' id='word_1_173' title='bbox 387 1160 537 1201; x_wconf 64' lang='lat' dir='ltr'><strong>particula</strong></span> <span class='ocrx_word' id='word_1_174' title='bbox 563 1160 794 1201; x_wconf 70' lang='lat' dir='ltr'><strong>investigamus,</strong></span> <span class='ocrx_word' id='word_1_175' title='bbox 820 1158 973 1188; x_wconf 68' lang='lat' dir='ltr'><strong>redunda-</strong></span> 
     </span>
     <span class='ocr_line' id='line_1_27' title="bbox 71 1201 971 1241; baseline 0 -10"><span class='ocrx_word' id='word_1_176' title='bbox 71 1208 163 1232; x_wconf 84' lang='lat' dir='ltr'><strong>runt:</strong></span> <span class='ocrx_word' id='word_1_177' title='bbox 188 1202 260 1232; x_wconf 87' lang='lat' dir='ltr'><strong>hinc</strong></span> <span class='ocrx_word' id='word_1_178' title='bbox 280 1203 356 1233; x_wconf 89' lang='lat' dir='ltr'><strong>ratio</strong></span> <span class='ocrx_word' id='word_1_179' title='bbox 372 1214 443 1234; x_wconf 89' lang='lat' dir='ltr'><strong>cum</strong></span> <span class='ocrx_word' id='word_1_180' title='bbox 466 1203 507 1241; x_wconf 85' lang='lat' dir='ltr'><strong>Q.</strong></span> <span class='ocrx_word' id='word_1_181' title='bbox 524 1209 553 1234; x_wconf 90' lang='lat' dir='ltr'><strong>et</strong></span> <span class='ocrx_word' id='word_1_182' title='bbox 568 1204 625 1234; x_wconf 89' lang='lat' dir='ltr'><strong>Cn.</strong></span> <span class='ocrx_word' id='word_1_183' title='bbox 645 1202 822 1239; x_wconf 87' lang='lat' dir='ltr'><strong>Postumiis,</strong></span> <span class='ocrx_word' id='word_1_184' title='bbox 845 1201 971 1239; x_wconf 87' lang='lat' dir='ltr'><strong>Curtiis,</strong></span> 
     </span>
     <span class='ocr_line' id='line_1_28' title="bbox 71 1245 972 1288; baseline -0.001 -13"><span class='ocrx_word' id='word_1_185' title='bbox 71 1245 178 1276; x_wconf 87' lang='lat' dir='ltr'><strong>multis</strong></span> <span class='ocrx_word' id='word_1_186' title='bbox 194 1245 390 1283; x_wconf 85' lang='lat' dir='ltr'><strong>nominibus;</strong></span> <span class='ocrx_word' id='word_1_187' title='bbox 408 1257 540 1288; x_wconf 87' lang='lat' dir='ltr'><strong>quorum</strong></span> <span class='ocrx_word' id='word_1_188' title='bbox 556 1247 588 1276; x_wconf 92' lang='lat' dir='ltr'><strong>in</strong></span> <span class='ocrx_word' id='word_1_189' title='bbox 605 1247 716 1277; x_wconf 83' lang='lat' dir='ltr'><strong>tabulis</strong></span> <span class='ocrx_word' id='word_1_190' title='bbox 730 1246 786 1276; x_wconf 84' lang='lat' dir='ltr'><strong>iste</strong></span> <span class='ocrx_word' id='word_1_191' title='bbox 797 1245 890 1275; x_wconf 88' lang='lat' dir='ltr'><strong>habet</strong></span> <span class='ocrx_word' id='word_1_192' title='bbox 901 1245 972 1275; x_wconf 92' lang='lat' dir='ltr'><strong>nul-</strong></span> 
     </span>
     <span class='ocr_line' id='line_1_29' title="bbox 71 1288 968 1330; baseline 0 -12"><span class='ocrx_word' id='word_1_193' title='bbox 71 1288 157 1318; x_wconf 87' lang='lat' dir='ltr'><strong>lum:</strong></span> <span class='ocrx_word' id='word_1_194' title='bbox 183 1289 254 1319; x_wconf 88' lang='lat' dir='ltr'><strong>hinc</strong></span> <span class='ocrx_word' id='word_1_195' title='bbox 280 1289 336 1319; x_wconf 74' lang='lat' dir='ltr'><strong>HS</strong></span> <span class='ocrx_word' id='word_1_196' title='bbox 360 1290 565 1330; x_wconf 85' lang='lat' dir='ltr'><strong>quaterdecies</strong></span> <span class='ocrx_word' id='word_1_197' title='bbox 590 1290 626 1320; x_wconf 90' lang='lat' dir='ltr'><strong>P.</strong></span> <span class='ocrx_word' id='word_1_198' title='bbox 648 1289 748 1320; x_wconf 85' lang='lat' dir='ltr'><strong>Tadio</strong></span> <span class='ocrx_word' id='word_1_199' title='bbox 771 1294 968 1319; x_wconf 87' lang='lat' dir='ltr'><strong>numeratum</strong></span> 
     </span>
     <span class='ocr_line' id='line_1_30' title="bbox 71 1332 970 1374; baseline 0 -13"><span class='ocrx_word' id='word_1_200' title='bbox 71 1332 215 1369; x_wconf 79' lang='lat' dir='ltr'><strong>Athenis,</strong></span> <span class='ocrx_word' id='word_1_201' title='bbox 240 1332 366 1363; x_wconf 87' lang='lat' dir='ltr'><strong>testibus</strong></span> <span class='ocrx_word' id='word_1_202' title='bbox 382 1333 510 1374; x_wconf 88' lang='lat' dir='ltr'><strong>planum</strong></span> <span class='ocrx_word' id='word_1_203' title='bbox 526 1333 656 1363; x_wconf 84' lang='lat' dir='ltr'><strong>faciam:</strong></span> <span class='ocrx_word' id='word_1_204' title='bbox 681 1333 753 1363; x_wconf 91' lang='lat' dir='ltr'><strong>hinc</strong></span> <span class='ocrx_word' id='word_1_205' title='bbox 778 1338 860 1362; x_wconf 84' lang='lat' dir='ltr'><strong>emta</strong></span> <span class='ocrx_word' id='word_1_206' title='bbox 882 1342 970 1372; x_wconf 89' lang='lat' dir='ltr'><strong>aper-</strong></span> 
     </span>
     <span class='ocr_line' id='line_1_31' title="bbox 71 1375 970 1415; baseline 0.001 -11"><span class='ocrx_word' id='word_1_207' title='bbox 71 1375 186 1405; x_wconf 74' lang='lat' dir='ltr'><strong>tissime</strong></span> <span class='ocrx_word' id='word_1_208' title='bbox 197 1381 329 1415; x_wconf 67' lang='lat' dir='ltr'><strong>praetura</strong></span> <span class='ocrx_word' id='word_1_209' title='bbox 342 1387 351 1412; x_wconf 88' lang='grc'>;</span> <span class='ocrx_word' id='word_1_210' title='bbox 369 1377 426 1407; x_wconf 85' lang='lat' dir='ltr'><strong>nisi</strong></span> <span class='ocrx_word' id='word_1_211' title='bbox 438 1377 514 1407; x_wconf 89' lang='lat' dir='ltr'><strong>forte</strong></span> <span class='ocrx_word' id='word_1_212' title='bbox 526 1376 558 1406; x_wconf 86' lang='lat' dir='ltr'><strong>id</strong></span> <span class='ocrx_word' id='word_1_213' title='bbox 574 1376 665 1407; x_wconf 88' lang='lat' dir='ltr'><strong>etiam</strong></span> <span class='ocrx_word' id='word_1_214' title='bbox 681 1376 811 1406; x_wconf 86' lang='lat' dir='ltr'><strong>dubium</strong></span> <span class='ocrx_word' id='word_1_215' title='bbox 824 1381 879 1412; x_wconf 88' lang='lat' dir='ltr'><strong>est,</strong></span> <span class='ocrx_word' id='word_1_216' title='bbox 893 1385 970 1415; x_wconf 92' lang='lat' dir='ltr'><strong>quo-</strong></span> 
     </span>
     <span class='ocr_line' id='line_1_32' title="bbox 70 1418 970 1459; baseline -0.001 -11"><span class='ocrx_word' id='word_1_217' title='bbox 70 1418 162 1448; x_wconf 86' lang='lat' dir='ltr'><strong>modo</strong></span> <span class='ocrx_word' id='word_1_218' title='bbox 182 1419 237 1449; x_wconf 82' lang='lat' dir='ltr'><strong>iste</strong></span> <span class='ocrx_word' id='word_1_219' title='bbox 258 1425 368 1459; x_wconf 85' lang='lat' dir='ltr'><strong>praetor</strong></span> <span class='ocrx_word' id='word_1_220' title='bbox 391 1420 488 1450; x_wconf 84' lang='lat' dir='ltr'><strong>factus</strong></span> <span class='ocrx_word' id='word_1_221' title='bbox 513 1420 560 1451; x_wconf 86' lang='lat' dir='ltr'><strong>sit.</strong></span> <span class='ocrx_word' id='word_1_222' title='bbox 600 1420 706 1450; x_wconf 87' lang='lat' dir='ltr'><strong>Homo</strong></span> <span class='ocrx_word' id='word_1_223' title='bbox 721 1419 833 1450; x_wconf 83' lang='lat' dir='ltr'><strong>scilicet</strong></span> <span class='ocrx_word' id='word_1_224' title='bbox 848 1423 902 1448; x_wconf 85' lang='lat' dir='ltr'><strong>aut</strong></span> <span class='ocrx_word' id='word_1_225' title='bbox 922 1418 970 1447; x_wconf 90' lang='lat' dir='ltr'><strong>in-</strong></span> 
     </span>
     <span class='ocr_line' id='line_1_33' title="bbox 69 1461 969 1504; baseline 0.001 -14"><span class='ocrx_word' id='word_1_226' title='bbox 69 1461 196 1498; x_wconf 65' lang='lat' dir='ltr'><strong>dustria,</strong></span> <span class='ocrx_word' id='word_1_227' title='bbox 213 1468 266 1492; x_wconf 88' lang='lat' dir='ltr'><strong>aut</strong></span> <span class='ocrx_word' id='word_1_228' title='bbox 281 1463 373 1502; x_wconf 63' lang='lat' dir='ltr'><strong>opera</strong></span> <span class='ocrx_word' id='word_1_229' title='bbox 388 1463 526 1504; x_wconf 62' lang='lat' dir='ltr'><strong>probata,</strong></span> <span class='ocrx_word' id='word_1_230' title='bbox 546 1468 600 1493; x_wconf 88' lang='lat' dir='ltr'><strong>aut</strong></span> <span class='ocrx_word' id='word_1_231' title='bbox 614 1462 797 1504; x_wconf 87' lang='lat' dir='ltr'><strong>frugalitatis</strong></span> <span class='ocrx_word' id='word_1_232' title='bbox 813 1461 969 1492; x_wconf 88' lang='lat' dir='ltr'><strong>existima-</strong></span> 
     </span>
     <span class='ocr_line' id='line_1_34' title="bbox 68 1504 968 1547; baseline 0 -13"><span class='ocrx_word' id='word_1_233' title='bbox 68 1504 150 1535; x_wconf 84' lang='lat' dir='ltr'><strong>tione</strong></span> <span class='ocrx_word' id='word_1_234' title='bbox 172 1506 327 1545; x_wconf 68' lang='lat' dir='ltr'><strong>praeclara,</strong></span> <span class='ocrx_word' id='word_1_235' title='bbox 352 1512 405 1537; x_wconf 87' lang='lat' dir='ltr'><strong>aut</strong></span> <span class='ocrx_word' id='word_1_236' title='bbox 427 1506 559 1547; x_wconf 82' lang='lat' dir='ltr'><strong>denique</strong></span> <span class='ocrx_word' id='word_1_237' title='bbox 586 1506 641 1544; x_wconf 83' lang='lat' dir='ltr'><strong>(id,</strong></span> <span class='ocrx_word' id='word_1_238' title='bbox 668 1505 751 1547; x_wconf 89' lang='lat' dir='ltr'><strong>quod</strong></span> <span class='ocrx_word' id='word_1_239' title='bbox 776 1505 968 1536; x_wconf 84' lang='lat' dir='ltr'><strong>levissimum</strong></span> 
     </span>
     <span class='ocr_line' id='line_1_35' title="bbox 69 1547 969 1598; baseline 0 -21"><span class='ocrx_word' id='word_1_240' title='bbox 69 1553 125 1583; x_wconf 81' lang='lat' dir='ltr'><strong>est)</strong></span> <span class='ocrx_word' id='word_1_241' title='bbox 142 1548 336 1585; x_wconf 83' lang='lat' dir='ltr'><strong>assiduitate;</strong></span> <span class='ocrx_word' id='word_1_242' title='bbox 361 1549 432 1598; x_wconf 69' lang='lat' dir='ltr'><strong>qui,</strong></span> <span class='ocrx_word' id='word_1_243' title='bbox 443 1555 513 1580; x_wconf 89' lang='lat' dir='ltr'><strong>ante</strong></span> <span class='ocrx_word' id='word_1_244' title='bbox 529 1556 728 1591; x_wconf 81' lang='lat' dir='ltr'><strong>quaesturam,</strong></span> <span class='ocrx_word' id='word_1_245' title='bbox 745 1559 815 1579; x_wconf 90' lang='lat' dir='ltr'><strong>cum</strong></span> <span class='ocrx_word' id='word_1_246' title='bbox 831 1547 969 1578; x_wconf 87' lang='lat' dir='ltr'><strong>meretri-</strong></span> 
     </span>
     <span class='ocr_line' id='line_1_36' title="bbox 68 1591 967 1633; baseline 0.001 -13"><span class='ocrx_word' id='word_1_247' title='bbox 68 1591 154 1621; x_wconf 89' lang='lat' dir='ltr'><strong>cibus</strong></span> <span class='ocrx_word' id='word_1_248' title='bbox 168 1591 389 1633; x_wconf 89' lang='lat' dir='ltr'><strong>lenonibusque</strong></span> <span class='ocrx_word' id='word_1_249' title='bbox 405 1592 538 1630; x_wconf 80' lang='lat' dir='ltr'><strong>vixisset,</strong></span> <span class='ocrx_word' id='word_1_250' title='bbox 560 1599 745 1633; x_wconf 88' lang='lat' dir='ltr'><strong>quaesturam</strong></span> <span class='ocrx_word' id='word_1_251' title='bbox 760 1592 803 1622; x_wconf 87' lang='lat' dir='ltr'><strong>ita</strong></span> <span class='ocrx_word' id='word_1_252' title='bbox 818 1592 967 1632; x_wconf 86' lang='lat' dir='ltr'><strong>gessisset,</strong></span> 
     </span>
     <span class='ocr_line' id='line_1_37' title="bbox 69 1634 969 1677; baseline 0.001 -14"><span class='ocrx_word' id='word_1_253' title='bbox 69 1634 331 1674; x_wconf 86' lang='lat' dir='ltr'><strong>quemadmodum</strong></span> <span class='ocrx_word' id='word_1_254' title='bbox 352 1636 543 1677; x_wconf 87' lang='lat' dir='ltr'><strong>cognovistis,</strong></span> <span class='ocrx_word' id='word_1_255' title='bbox 566 1636 677 1666; x_wconf 89' lang='lat' dir='ltr'><strong>Romae</strong></span> <span class='ocrx_word' id='word_1_256' title='bbox 697 1641 765 1676; x_wconf 85' lang='lat' dir='ltr'><strong>post</strong></span> <span class='ocrx_word' id='word_1_257' title='bbox 781 1640 969 1676; x_wconf 82' lang='lat' dir='ltr'><strong>quaesturam</strong></span> 
     </span>
     <span class='ocr_line' id='line_1_38' title="bbox 70 1676 969 1715; baseline 0.001 -9"><span class='ocrx_word' id='word_1_258' title='bbox 70 1676 156 1707; x_wconf 79' lang='lat' dir='ltr'><strong>illam</strong></span> <span class='ocrx_word' id='word_1_259' title='bbox 177 1677 325 1708; x_wconf 87' lang='lat' dir='ltr'><strong>nefariam</strong></span> <span class='ocrx_word' id='word_1_260' title='bbox 340 1679 392 1709; x_wconf 80' lang='lat' dir='ltr'><strong>vix</strong></span> <span class='ocrx_word' id='word_1_261' title='bbox 408 1679 546 1710; x_wconf 77' lang='lat' dir='ltr'><strong>triduum</strong></span> <span class='ocrx_word' id='word_1_262' title='bbox 561 1679 761 1715; x_wconf 87' lang='lat' dir='ltr'><strong>constitisset,</strong></span> <span class='ocrx_word' id='word_1_263' title='bbox 785 1679 892 1709; x_wconf 87' lang='lat' dir='ltr'><strong>absens</strong></span> <span class='ocrx_word' id='word_1_264' title='bbox 907 1687 969 1708; x_wconf 91' lang='lat' dir='ltr'><strong>non</strong></span> 
     </span>
     <span class='ocr_line' id='line_1_39' title="bbox 69 1719 972 1762; baseline 0.001 -12"><span class='ocrx_word' id='word_1_265' title='bbox 69 1719 101 1750; x_wconf 86' lang='lat' dir='ltr'><strong>in</strong></span> <span class='ocrx_word' id='word_1_266' title='bbox 113 1720 284 1752; x_wconf 90' lang='lat' dir='ltr'><strong>oblivione</strong></span> <span class='ocrx_word' id='word_1_267' title='bbox 272 1722 426 1762; x_wconf 74' lang='lat' dir='ltr'><strong>jacuisset,</strong></span> <span class='ocrx_word' id='word_1_268' title='bbox 440 1722 535 1754; x_wconf 85' lang='lat' dir='ltr'><strong>sedin</strong></span> <span class='ocrx_word' id='word_1_269' title='bbox 547 1722 669 1754; x_wconf 77' lang='lat' dir='ltr'><strong>assidua</strong></span> <span class='ocrx_word' id='word_1_270' title='bbox 681 1720 972 1754; x_wconf 87' lang='lat' dir='ltr'><strong>commemoratione</strong></span> 
     </span>
    </p>
   </div>
  </div>
 </body>
</html>
