1181 1902
213 88 276 120 :396
397 88 448 118 IN
473 87 669 120 VERREM
693 88 734 120 V.
759 88 843 120 CAP.
871 90 919 120 11.

213 174 367 205 habebant
387 175 551 215 sepositum
567 185 601 205 ac
614 174 824 206 reconditum:
858 186 911 217 per
930 176 1012 213 istos,
1029 185 1100 217 quae

214 218 343 255 volebat,
356 217 387 247 in
397 227 505 248 navem
516 219 594 248 clam
603 218 796 259 imponenda,
810 219 924 249 occulte
937 225 1097 260 exportan-

213 260 263 297 da,
280 262 422 291 curabat:
447 261 549 291 navim
566 261 695 302 denique
710 262 889 297 maximam,
903 273 995 303 quam
1008 272 1099 292 onus„

213 309 277 334 tam
293 303 380 334 furtis
396 304 427 333 in
444 304 565 333 Italiam
581 304 722 341 mitteret,
743 305 824 345 apud
838 305 909 335 istos
929 305 1098 335 faciendam

214 346 482 387 aedificandamque
506 347 629 377 curavit.
670 348 729 377 Pro
753 348 833 378 hisce
858 350 957 385 rebus,
984 348 1099 378 vacatio

213 389 284 420 data
299 396 343 420 est
358 391 395 419 ab
412 390 468 419 isto
483 393 611 426 sumtfis,
633 391 754 428 laboris,
776 391 903 426 militiae,
926 401 1027 421 rerum
1048 391 1099 420 de-

213 433 306 473 nique
328 433 476 463 omnium.
506 433 564 463 Per
579 433 754 470 triennium,
779 435 845 470 soli,
872 444 932 464 non
957 434 1047 464 modo
1068 434 1100 463 in

214 475 328 513 Sicilia,
342 486 447 506 verum
464 479 511 509 (ut
525 476 627 516 opinio
641 487 709 506 mea
724 477 806 512 fert),
823 477 869 507 his
885 477 1007 517 quidem
1024 483 1100 506 tem-

214 519 348 560 poribus,
366 519 396 548 in
410 519 493 549 omni
509 520 580 549 orbe
596 525 755 555 terrarum,
773 520 870 555 vacui,
887 525 1034 560 expertes,
1052 530 1099 549 so-

212 562 270 592 luti
285 572 319 592 ae
333 562 423 592 liberi
437 561 560 591 fuerunt
575 563 612 591 ab
628 563 711 591 omni
727 570 841 599 sumtu,
858 562 1007 597 molestie,
1031 572 1100 592 mu-

212 615 291 635 nere.
307 605 449 635 Hincilla
456 605 485 635 V
488 615 570 634 errea
584 610 655 634 nata
667 611 736 634 sunt
750 617 757 634 :
778 605 879 646 [hinc]
888 606 918 635 in
926 605 1099 635 convivium

214 650 284 679 Sex.
301 647 477 679 Cominium
494 648 627 688 protrahi
640 648 739 686 jussit,
756 648 886 688 inquem
900 648 1046 689 scyphum
1061 648 1099 678 de

211 701 306 722 manu
330 691 428 730 jacere
452 696 575 721 conatus
605 697 666 720 est:
691 701 794 731 quem,
817 691 934 721 obtort31
957 691 1039 731 gulfi,
1064 691 1102 721 de

211 734 347 765 convivio
361 734 393 763 in
415 734 534 763 vincula
554 739 644 773 atque
664 733 695 763 in
720 736 856 764 tenebras
880 735 976 775 abripi
1000 735 1099 773 jussit.

214 777 330 817 [Hinc]
347 777 401 806 illa
424 786 509 811 crux,
534 776 566 805 in
588 786 682 816 quam
703 776 799 806 civem
821 777 998 806 Romanum
1031 778 1097 812 iste,

211 821 317 850 multis
331 819 579 860 inspectantibus,
597 819 737 854 sustulitg
764 829 857 860 quam
873 830 933 849 non
949 830 1040 850 ausus
1055 827 1099 850 est

212 873 343 904 usquam
364 862 503 902 defigere,
522 862 580 891 nisi
603 862 685 901 apud
705 872 765 898 eos,
790 862 971 903 quibuscum
996 863 1099 893 omnia

212 906 322 937 scelera
336 916 391 935 sua
405 916 438 935 ae
453 904 609 935 latrocinia
624 906 883 935 commum'ciisset.

254 949 316 979 XI.
342 948 517 978 Laudatum
534 948 624 977 etiam
641 958 692 978 vos
708 958 895 989 quemquam
920 949 1020 979 venire
1044 960 1098 979 au-

211 992 311 1023 detis?
334 991 395 1032 quir
410 990 607 1021 auctoritate?
639 996 755 1028 utrum,
772 1002 864 1031 quam
882 992 964 1032 apud
980 999 1097 1022 senato-

211 1035 292 1065 rium
313 1035 461 1069 ordinem,
479 1044 517 1063 an
533 1044 626 1074 quam
642 1033 723 1074 apud
739 1035 888 1074 populum
906 1035 1095 1074 Romanum,

211 1079 322 1109 habere
337 1077 474 1107 debetis?
490 1077 606 1117 Ecquae
621 1076 724 1107 civitas
739 1084 792 1113 est,
810 1087 870 1107 non
886 1078 1018 1108 modoin
1028 1089 1097 1119 pro-

210 1121 316 1152 vinciis
330 1120 450 1157 nostris,
464 1130 567 1150 verum
584 1119 616 1149 in
631 1120 747 1150 ultimis
762 1120 943 1155 nationibus,
966 1127 1019 1151 aut
1034 1127 1097 1151 tam

208 1171 326 1205 potens,
343 1169 396 1193 aut
411 1169 474 1192 tam
494 1163 600 1200 libera,
625 1168 678 1192 aut
702 1163 791 1192 etiam
816 1170 879 1193 tam
902 1164 1044 1194 immanis
1064 1175 1099 1195 ac

208 1209 358 1242 barbara;
383 1216 435 1236 rex
456 1206 586 1246 denique
601 1206 702 1246 ecquis
717 1212 770 1242 est,
788 1206 841 1247 qui
859 1213 1025 1237 senatorem
1041 1218 1095 1248 po-

209 1250 276 1292 puli
300 1249 434 1280 Romani
453 1255 528 1279 tecto
549 1259 583 1278 ac
601 1249 691 1279 domo
706 1259 766 1279 non
782 1249 911 1279 invitet?
935 1250 987 1290 qui
1003 1250 1098 1281 honos

210 1304 271 1323 non
286 1292 403 1323 homini
418 1293 517 1322 solum
531 1291 670 1329 habetur,
688 1292 739 1322 sed
753 1292 887 1332 primum
903 1293 1017 1341 popqu
1032 1294 1096 1323 Ro-

208 1346 312 1372 mano,
329 1336 416 1374 cujus
431 1334 574 1365 beneficio
589 1344 644 1364 nos
658 1335 690 1364 in
706 1335 787 1365 hunc
796 1335 933 1365 ordinem
946 1336 1095 1374 venimus,

207 1379 316 1410 deinde
339 1378 452 1408 ordinis
472 1377 652 1415 auctoritati,
672 1389 740 1419 quae
759 1378 816 1408 nisi
831 1379 929 1419 gravis
944 1379 998 1408 erit
1014 1379 1097 1419 apud

209 1422 301 1453 socios
312 1427 404 1462 atque
419 1426 534 1451 exteras
549 1421 695 1458 nationes,
712 1421 765 1451 ubi
781 1422 835 1451 erit
850 1421 968 1470 imperii
984 1432 1095 1452 nomen

209 1472 239 1495 et
254 1464 385 1505 dignitas
399 1464 413 1493 ’Β
437 1463 617 1494 Mamertini
640 1474 690 1494 me
705 1465 824 1505 publice
839 1474 899 1494 non
916 1465 1093 1495 invitarunt.

208 1508 266 1538 Me
282 1518 352 1538 cum
367 1507 444 1543 dico,
468 1507 533 1537 leve
553 1512 615 1536 est:
650 1513 815 1538 senatorem
836 1508 941 1548 populi
963 1508 1097 1538 Romani

209 1551 234 1581 si
249 1560 311 1581 non
327 1550 541 1587 invitaverunt,
557 1550 703 1581 honorem
727 1550 863 1581 debitum
888 1551 1095 1589 detraxerunt,

209 1604 271 1624 non
294 1592 422 1629 homini,
449 1593 499 1622 sed
524 1594 630 1623 ordini.
655 1594 739 1623 Nam
763 1593 820 1634 ipsi
844 1594 949 1624 Tullio
973 1595 1096 1634 patebat

209 1637 319 1667 domus
344 1636 580 1676 locupletissima
606 1642 634 1666 et
659 1636 845 1676 amplissima
870 1637 926 1667 Cn.
956 1637 1095 1677 Pompeii

209 1678 367 1714 Basilisci3
392 1689 464 1719 quo,
478 1679 595 1709 etiamsi
611 1685 687 1710 esset
701 1679 843 1709 invitatus
853 1690 871 1709 a
882 1679 977 1716 vobis,
990 1685 1093 1709 tamen

208 1723 384 1753 divertisset.
424 1721 500 1751 Erat
528 1722 619 1752 etiam
650 1723 898 1760 Percenniorum,
926 1723 979 1763 qui
1013 1732 1095 1753 nunc

207 1766 280 1796 item
291 1764 430 1806 Pompeii
439 1770 520 1802 sunt,
533 1765 641 1796 domus
652 1766 876 1802 honestissima;
894 1776 955 1807 quo
968 1765 1094 1804 Lucius,
