1181 1902
185 92 248 120 440
373 90 424 121 IN
449 91 643 122 VERREM
671 97 711 127 V.
737 92 821 122 CAP.
838 94 888 121 55.

185 185 260 206 ram.
290 177 445 216 Syracusis
462 182 565 207 autem
581 177 733 218 permulta
752 183 843 218 atque
864 178 982 217 egregia
1005 178 1073 207 reli-

185 219 270 259 quit:
298 219 402 249 Deum
422 230 493 250 vero
520 220 641 250 nullum
663 220 796 256 violavit,
819 220 938 250 nullum
963 220 1075 259 attigit.

186 262 328 292 Conferte
356 263 386 293 V
387 273 505 298 errem3
530 273 591 292 non
615 269 650 293 ut
674 262 829 293 hominem
853 273 924 292 cum
950 263 1073 292 homine

184 305 374 345 comparetis,
391 315 429 335 ne
445 317 505 346 qua
521 306 573 335 tali
588 306 652 335 viro
666 312 786 336 mortuo
799 306 851 335 fiat
865 306 976 344 injuria
989 316 998 340 ς
1023 305 1074 335 sed

186 354 220 377 ut
235 358 340 388 pacem
357 358 427 378 cum
446 349 537 385 bello,
556 349 637 388 leges
660 359 728 378 cum
746 349 786 385 vi,
812 348 913 378 forum
936 354 965 378 et
983 348 1075 387 juris-

185 390 347 420 dictionem
363 401 430 421 cum
452 391 530 421 ferro
550 400 579 421 et
597 392 699 427 armis,
723 391 887 421 adventum
906 397 936 421 et
951 391 1075 421 comita-

186 440 252 463 tum
268 444 338 463 cum
356 434 487 464 exercitu
503 440 532 464 et
547 434 681 470 victoria,
699 434 865 464 conferatis.

230 476 300 507 LV.
325 476 421 507 AEdes
441 477 591 507 Minervae
611 483 655 507 est
672 477 703 506 in
726 477 844 514 Insula,
867 477 905 506 de
925 476 987 517 qua
1007 482 1076 507 ante

186 519 271 555 dixi3
296 530 389 560 quam
414 520 581 550 Marcellus
604 530 664 550 non
686 520 804 559 attigit;
835 530 927 560 quam
954 520 1076 559 plenam

186 568 278 603 atque
294 568 431 592 ornatam
446 563 567 603 reliquit
580 574 589 599 ς
614 574 683 603 quae
703 564 741 592 ab
757 563 812 593 isto
834 563 874 592 sic
889 563 1016 603 spoliata
1032 567 1077 591 at-

186 616 246 646 que
261 605 378 646 direpta
390 611 443 643 est,
457 616 517 635 non
534 612 568 635 ut
583 608 620 636 ab
636 606 720 636 hoste
736 606 848 646 aliquo,
860 606 913 646 qui
929 612 1030 635 tamen
1045 605 1075 634 in

187 648 266 678 bello
282 648 463 688 religionum
479 655 507 679 et
528 649 751 679 consuetudinis
769 649 839 687 jura
854 649 1004 683 retineret,
1025 647 1077 677 sed

187 697 222 721 ut
237 702 255 721 a
270 691 403 721 barbaris
415 692 619 732 praedonibus,
631 697 739 721 vexata
748 702 810 721 esse
822 691 966 721 videatur.
994 691 1078 730 Pug-

188 744 228 764 na
254 740 316 764 erat
342 734 487 775 equestris
502 734 683 774 Agathoclis
709 734 786 773 regis
808 734 838 763 in
863 734 973 763 tabulis
998 733 1078 773 picta

187 777 349 817 praeclare:
374 777 422 806 his
437 783 538 807 autem
557 777 668 807 tabulis
686 777 840 806 interiores
860 776 965 816 templi
979 776 1077 816 parie-

188 826 232 849 tes
249 819 460 849 vestiebantur.
485 820 574 849 Nihil
595 825 657 849 erat
673 819 708 849 ea
723 819 840 859 pictura
855 819 985 849 nobilius
1000 830 1007 848 :
1032 818 1078 847 ni-

188 862 231 891 hil
248 863 413 902 Syracusis,
431 863 513 903 quod
531 863 627 903 magis
643 862 801 892 visendum
817 867 984 902 putaretur.
1011 861 1078 891 Has

189 906 308 934 tabulas
324 906 372 935 M.
396 906 574 943 Marcellus,
590 916 659 936 cum
676 905 789 941 omnia,
807 904 858 934 illa
876 903 996 934 victoria
1011 903 1076 940 sua,

189 948 316 988 profana
332 948 460 985 fecisset,
477 955 590 985 tamen,
607 949 750 988 religione
765 947 940 988 impeditus,
956 957 1016 977 non
1033 953 1079 977 at-

189 991 274 1030 tigit:
300 991 367 1029 iste,
385 1001 453 1021 cum
470 992 523 1021 illa
536 992 613 1030 jam,
629 997 751 1032 propter
765 991 941 1020 diuturnam
957 1000 1074 1030 pacem,

190 1033 426 1075 fidelitatemque
448 1035 555 1075 populi
575 1034 766 1074 Syracusani,
783 1044 866 1063 sacra
880 1033 1078 1074 religiosaque

189 1076 358 1116 accepisset,
375 1087 479 1107 omnes
495 1088 543 1107 eas
557 1077 675 1107 tabulas
690 1077 834 1107 abstulit:
851 1076 989 1116 parietes,
1003 1086 1079 1116 quo-

190 1130 258 1148 rum
274 1126 397 1149 ornatus
413 1126 456 1150 tot
471 1120 580 1150 szecula
591 1126 753 1155 manserat,
767 1125 811 1149 tot
826 1119 905 1149 bella
920 1119 1077 1159 effugerat,

190 1162 289 1192 nudos
304 1173 338 1192 ac
353 1162 535 1193 deformatos
558 1163 689 1203 reliquit.
713 1163 755 1193 Et
771 1162 950 1197 Marcellus,
968 1162 1032 1202 qui,
1054 1161 1078 1191 si

190 1207 353 1246 Syracusas
379 1207 515 1246 cepisset,
532 1206 593 1235 duo
615 1206 730 1246 templa
748 1216 778 1235 se
795 1206 903 1235 Romae
925 1204 1079 1234 dedicatu-

190 1258 260 1277 rum
276 1254 406 1285 voverat,
417 1249 460 1286 id,
477 1249 558 1290 quod
569 1255 631 1279 erat
643 1249 854 1283 aedificaturus,
867 1247 914 1277 his
927 1249 1016 1277 rebus
1031 1257 1079 1277 or-

191 1301 273 1327 nare,
291 1302 366 1331 quas
381 1299 509 1332 ceperat,
526 1291 624 1321 noluit
638 1303 645 1321 :
670 1292 791 1328 Verres,
813 1291 866 1332 qui
882 1300 942 1320 non
959 1290 1078 1320 Honori

190 1343 289 1373 neque
306 1334 432 1369 Virtuti,
448 1341 483 1364 ut
498 1335 559 1371 ille,
582 1334 633 1364 sed
653 1334 766 1365 Veneri
787 1340 816 1364 et
836 1333 992 1374 Cupidini,
1011 1338 1079 1362 vota

190 1376 322 1413 deberet,
346 1377 370 1407 is
391 1377 539 1407 Minervae
559 1377 709 1418 templum
730 1377 857 1417 spoliare
877 1382 1000 1406 conatus
1024 1381 1078 1405 est.

194 1419 252 1448 Ille
265 1419 347 1449 Deos
364 1420 502 1450 Deorum
527 1420 630 1460 spoliis
653 1430 758 1450 ornare
779 1419 895 1449 noluit:
920 1419 969 1449 hic
991 1429 1079 1448 orna-

192 1467 296 1491 menta
325 1463 476 1492 Minervae
505 1463 628 1503 virginis
661 1464 692 1493 in
721 1462 921 1492 meretriciam
950 1461 1076 1491 domum

192 1505 354 1535 transtulit.
379 1505 499 1545 Viginti
525 1512 553 1536 et
580 1512 694 1546 septem
715 1512 856 1546 praeterea
876 1505 993 1535 tabulas
1009 1505 1078 1544 pul-

192 1547 339 1578 cherrime
363 1548 456 1588 pictas
478 1559 514 1578 ex
538 1549 643 1579 eadem
665 1548 728 1578 aede
747 1548 887 1583 sustulit;
911 1548 942 1577 in
966 1547 1078 1587 quibus

192 1596 278 1620 erant
302 1590 449 1631 imagines
464 1591 574 1622 Sicilire
596 1602 700 1631 regum
725 1602 758 1621 ac
779 1598 988 1631 tyrannorum,
1010 1600 1079 1629 quae

192 1642 253 1662 non
269 1634 368 1663 solum
390 1634 539 1674 pictorum
561 1634 684 1664 artificio
699 1634 896 1670 delectabant,
914 1633 965 1663 sed
987 1633 1077 1662 etiam

191 1677 477 1707 commemoratione
488 1677 660 1713 hominum,
674 1683 703 1707 et
718 1676 885 1717 cognitione
900 1675 1079 1705 formarum.

195 1718 242 1748 Ac
268 1718 376 1757 videte,
399 1726 512 1760 quanto
537 1720 637 1750 tetrior
658 1720 707 1750 hic
725 1726 869 1760 tyrannus
885 1717 1080 1759 Syracusanis

189 1760 293 1800 suerit,
310 1773 402 1803 quam
418 1763 579 1804 quisquam
595 1763 806 1804 superiorum;
830 1772 900 1793 cum
916 1761 960 1792 iui
976 1766 1076 1790 tamen
