1181 1902
195 59 259 90 210
379 57 431 89 IN
454 56 651 90 VERREM
675 57 722 89 11.
746 56 830 89 CAP,
847 58 900 89 58.

194 151 290 182 cente,
313 150 437 186 questus
457 150 522 181 est;
546 149 576 175 et
595 153 645 174 me
665 143 851 185 populariter
871 153 970 184 agere,
991 150 1083 186 atque

192 188 339 218 invidiam
355 198 554 223 commovere,
566 187 648 228 quod
659 197 789 228 puerum
801 187 1008 227 producerem,
1022 189 1083 218 cla-

192 231 322 261 mitavit.
355 231 440 269 Quid
456 237 530 267 erat,
548 231 703 269 Hortensi,
720 230 842 260 tandem
864 230 895 259 in
915 230 968 260 illo
987 241 1081 271 puero

192 275 339 316 populare
349 274 363 303 ¹?
377 274 452 315 quid
466 273 648 304 invidiosum
664 275 677 304 Ρ
699 273 840 311 Gracchi,
854 273 951 310 credo,
963 280 1016 303 aut
1026 276 1080 304 Sa-

193 317 320 355 turnini,
338 323 390 348 aut
408 317 536 356 alicujus
554 316 685 346 hominis
701 316 860 355 ejusmodi,
877 316 1081 356 produxeram

193 361 305 397 filium,
325 367 360 391 ut
380 360 502 390 nomine
522 360 598 400 ipso,
622 366 650 389 et
669 359 817 389 memoria
837 359 941 399 patris,
962 359 1080 390 animos

192 403 341 444 imperitae
364 403 569 433 multitudinis
595 403 785 432 concitarem.
825 402 861 431 P.
888 402 978 432 Junii
1004 408 1078 440 erat,

191 446 324 477 hominis
344 446 381 476 de
405 447 493 486 plebe
510 444 660 481 Romana,
683 445 774 482 filius,
796 455 887 485 quem
908 451 993 485 pater
1013 455 1079 475 mo-

190 489 269 520 riens
285 496 351 519 tum
368 490 517 519 tutoribus
533 495 561 519 et
576 488 766 529 propinquis,
784 494 850 517 tum
867 488 995 528 legibus,
1012 494 1079 518 tum

189 533 326 573 aequitati
352 532 598 573 magistratuum,
625 538 691 561 tum
713 531 836 570 judiciis
859 531 973 567 vestris,
997 541 1080 561 com-

188 575 397 605 mendandum
417 575 544 616 putavit.
578 575 650 609 Hic,
667 574 752 604 istius
773 574 914 604 scelerata
934 574 1081 605 locatione

188 618 363 659 nefarioque
377 618 544 656 latrocinio,
558 618 644 647 bonis
654 617 758 657 patriis
774 617 963 657 fortunisque
978 617 1080 647 omni-

188 662 245 691 bus
270 661 426 702 spoliatus,
454 661 536 691 venit
561 660 593 690 in
614 660 788 699 judiciumg
822 660 846 689 si
877 659 953 689 nihil
981 660 1076 698 aliud,

187 704 306 742 saltem,
323 710 357 734 ut
372 715 456 741 eum,
472 705 559 743 cujus
574 703 664 744 opera
679 703 743 744 ipse
757 703 870 732 multos
883 712 977 733 annos
990 703 1076 733 estin

186 747 336 785 sordibus,
360 748 453 788 paulo
477 752 579 776 tamen
605 746 767 776 obsoletius
790 746 932 776 vestitum
955 746 1078 776 videret.

188 790 298 831 Itaque
310 791 378 827 tibi,
391 789 547 825 Hortensi,
559 799 619 819 non
634 789 716 819 illius
732 795 814 824 aetas,
831 789 882 819 sed
898 799 998 825 causa,
1016 799 1077 819 non

187 833 322 871 vestitus,
340 833 391 863 sed
411 833 543 869 fortuna,
560 832 714 872 popularis
735 832 911 862 videbatur:
936 841 1034 873 neque
1049 838 1079 863 te

187 881 249 905 tam
261 877 481 913 commovebat,
495 875 576 916 quod
592 875 643 905 ille
653 885 722 904 cum
733 875 803 915 toga
813 875 970 915 praetexta,
983 886 1077 915 quam

186 919 269 959 quod
293 919 356 949 sine
375 919 472 956 bulla,
496 924 626 948 venerat.
662 918 797 948 Vestitus
816 918 895 947 enim
921 919 1075 949 neminem

186 963 396 993 commovebat
420 962 456 999 is,
482 972 573 1002 quem
599 961 644 991 illi
668 971 744 998 mos,
763 967 792 991 et
812 962 863 1000 jus
883 961 1078 1001 ingenuitatis

185 1004 286 1035 dabat.
320 1005 414 1043 Quod
437 1011 650 1035 ornamentum
674 1004 811 1045 pueritiae
833 1010 917 1044 pater
939 1004 1073 1043 dederat,

185 1048 333 1079 indicium
348 1054 440 1089 atque
455 1048 572 1088 insigne
586 1048 726 1085 fortunae,
743 1046 799 1077 hoc
814 1049 852 1077 ab
865 1048 921 1077 isto
931 1047 1071 1087 praedone

184 1098 324 1132 ereptum
345 1102 417 1127 esse,
439 1091 568 1131 graviter
583 1096 613 1121 et
634 1092 738 1121 acerbe
756 1090 894 1120 homines
919 1090 1066 1121 ferebant.

186 1135 298 1175 Neque
322 1140 407 1165 erant
432 1135 480 1164 hae
503 1134 645 1175 lacrymae
666 1134 826 1174 populares
848 1133 957 1173 magis,
981 1144 1075 1174 quam

186 1184 306 1215 nostrae,
323 1188 416 1218 quam
437 1183 510 1215 tuae,
526 1177 567 1215 Q.
585 1177 741 1214 Hortensi,
763 1187 857 1217 quam
878 1176 1000 1215 horum,
1023 1177 1076 1218 qui

185 1221 365 1251 sententiam
389 1221 481 1251 laturi
506 1226 596 1250 sunt:
621 1220 699 1258 ideo,
727 1219 809 1260 quod
835 1220 1005 1249 communis
1032 1226 1076 1250 est

184 1275 286 1301 causa,
302 1274 464 1295 commune
485 1263 665 1304 periculum,
690 1263 845 1293 communi
857 1262 995 1303 praesidio
1007 1263 1075 1293 talis

184 1307 374 1348 improbitas,
407 1313 566 1347 tamquam
596 1306 719 1347 aliquod
750 1306 936 1342 incendium,
968 1306 1074 1335 restin-

183 1350 305 1391 guenda
320 1356 372 1380 est.
393 1350 553 1380 Habemus
565 1350 645 1381 enim
657 1349 765 1379 liberos
781 1359 906 1389 parvos:
924 1349 1072 1379 incertum

183 1400 239 1428 est,
264 1403 358 1433 quam
380 1393 472 1433 longa
492 1395 627 1423 nostrum
648 1393 795 1432 cujusque
817 1392 878 1421 vita
900 1391 1003 1421 futura
1025 1392 1072 1422 sit.

185 1436 352 1467 Consulere
367 1436 427 1467 vivi
439 1447 473 1466 ae
489 1436 655 1476 prospicere
678 1435 835 1471 debemus,
849 1440 883 1464 ut
894 1434 1016 1464 illorum
1029 1445 1076 1465 so-

182 1479 280 1509 litudo
296 1485 325 1509 et
344 1479 473 1519 pueritia
493 1489 586 1520 quam
605 1478 776 1508 firmissimo
795 1477 933 1518 praesidio
953 1477 1073 1508 munita

183 1522 230 1552 sit.
266 1522 345 1559 Quis
365 1528 410 1552 est
430 1522 523 1559 enim,
540 1522 594 1562 qui
610 1521 686 1551 tueri
704 1521 797 1561 possit
812 1521 939 1550 liberum
956 1526 1072 1551 nostro-

183 1575 253 1595 rum
269 1565 430 1605 pueritiam
447 1571 549 1595 contra
564 1564 787 1605 improbitatem
811 1563 1045 1603 magistratuum
1056 1565 1071 1594 ‚⁹

183 1607 298 1643 Mater,
318 1608 415 1638 credo.
448 1608 567 1638 Scilicet
587 1617 699 1647 magno
719 1606 857 1647 praesidio
877 1606 935 1636 fuit
956 1606 1071 1636 Anniae

180 1650 307 1691 pupillae
326 1657 434 1685 mater,
455 1651 570 1680 femina
589 1650 753 1691 primaria:
777 1649 890 1686 minus,
914 1649 967 1679 illa
988 1649 1072 1679 Deos

180 1693 378 1734 hominesque
392 1694 584 1734 implorante,
600 1693 655 1723 iste
666 1692 775 1722 infanti
793 1692 918 1733 pupillae
936 1691 1071 1722 fortunas

150 1760 154 1762 .
178 1736 291 1776 patrias
314 1737 454 1769 ademit?
482 1737 652 1768 Tutoresne
675 1735 869 1768 defenderent
882 1737 896 1766 :²
921 1734 1070 1766 Perfacile

1141 1754 1148 1902 μ-ᾸᾈΑ
1143 1740 1145 1746 .
