1181 1902
220 93 282 122 364
394 91 445 122 IN
469 92 663 123 VERREM
688 92 746 122 lv.
772 91 854 122 CAP.
878 93 930 128 77.

217 179 306 207 rebus
321 183 388 207 turn
403 178 557 215 maximis,
572 184 639 208 tum
652 178 828 213 manifestis,
845 182 972 207 tenetur,
994 176 1102 217 Atque

217 219 249 249 in
265 230 331 249 eam
347 220 482 250 fraudem
500 221 576 251 mihi
592 220 709 251 videtur
724 221 866 250 divinitus
877 220 1025 257 incidisse,
1038 229 1099 249 non

217 263 316 292 solum
332 269 366 292 ut
381 274 430 293 eas
444 274 557 303 poenas,
574 274 648 304 quas
668 263 804 303 proxime
820 263 988 299 meruisset,
1005 262 1100 292 solve-

216 311 262 334 ret
275 316 283 340 ς
309 306 359 335 sed
375 312 409 335 ut
423 307 476 336 illa
488 307 578 336 etiam
594 306 703 336 scelera
718 307 782 345 ejus
794 306 825 335 in
843 306 1013 335 Carbonem
1028 311 1057 334 et
1067 304 1100 334 in

217 347 413 378 Dolabellam
429 349 661 379 vindicarentur.

261 391 437 421 LXXVII.
461 392 585 421 Etenim
601 402 678 422 nova
693 402 814 431 quoque
829 391 889 420 alia
912 401 956 420 res
972 389 1097 428 exstitit,

214 433 342 472 judices,
367 433 398 463 in
418 435 475 464 hoc
491 435 626 471 crimine,
652 445 720 474 quae
736 435 821 464 tollat
836 443 958 463 omnem
978 432 1098 462 dubita-

215 476 327 506 tionem
353 477 511 517 superioris
541 478 622 507 illius
654 477 813 506 decumani
836 476 977 506 criminis.
1002 476 1098 513 Nam,

213 524 248 548 ut
263 519 339 548 illud
351 520 476 550 missum
489 520 609 557 faciam,
626 519 791 560 permultos
807 524 935 549 aratores
951 518 982 548 in
993 518 1100 547 alteras

212 561 365 599 decumas,
391 569 420 592 et
442 563 472 592 in
497 563 562 593 haec
587 562 702 593 DCCC
726 562 824 591 milh'a
846 561 994 598 modium,
1017 560 1099 601 quod

213 610 329 634 emtum
345 606 458 646 populo
473 606 614 636 Romano
629 606 745 641 darent,
761 615 822 634 non
834 604 993 639 habuisse3
1018 603 1069 633 sed
1081 613 1100 633 a

212 652 266 677 tuo
292 654 493 687 procuratore,
519 649 575 678 hoc
595 654 649 684 est,
671 649 708 678 ab
734 647 884 687 Apronio,
906 647 1034 681 emisse3
1059 656 1097 675 ex

211 700 272 730 quo
286 691 415 731 intelligi
424 697 532 731 potest,
545 691 621 721 nihil
633 696 662 720 te
677 691 842 720 aratoribus
854 689 962 729 reliqui
972 689 1075 719 fecisse
1085 699 1095 718 t

210 738 245 762 ut
258 733 314 763 hoc
329 740 515 773 praeteream,
532 734 614 774 quod
629 734 660 763 in
677 733 781 762 multis
797 739 839 763 est
854 732 1032 762 testimoniis
1044 742 1097 761 ex-

211 775 366 815 positum3
390 782 487 816 potest
510 777 563 806 illo
584 776 752 817 quidquam
773 786 835 805 esse
855 775 973 811 certius,
990 775 1021 804 in
1043 774 1097 804 tua

209 824 367 858 potestate,
392 825 483 859 atque
506 819 537 848 in
564 819 624 848 tuis
647 818 771 854 horreis,
793 828 882 847 omne
906 817 1095 847 frumentum

210 860 330 899 Siciliae,
346 872 399 902 per
414 862 590 899 triennium,
607 867 698 901 atque
713 871 816 891 omnes
836 860 951 890 fructus
966 860 1030 900 agri
1045 859 1097 889 de-

210 905 343 941 cumani,
369 904 487 935 fuisse?
512 905 593 935 Cum
614 905 695 935 enim
722 914 740 933 a
760 903 931 933 civitatibus
951 913 1006 943 pro
1031 902 1096 932 fru-

209 953 312 976 mento
339 947 498 987 pecuniam
525 948 677 988 exigebas,
702 946 783 976 unde
805 951 867 976 erat
892 945 1093 983 frumentum,

208 989 291 1030 quod
307 990 440 1020 Romam
463 990 609 1026 mitteres,
634 990 658 1020 si
674 995 707 1019 tu
729 989 760 1018 id
775 998 834 1018 non
851 998 941 1018 omne
956 988 1094 1018 clausum

209 1037 238 1062 et
254 1043 458 1073 compressum
481 1033 680 1074 possidebas?
705 1033 814 1071 Itaque
840 1031 871 1060 in
888 1041 922 1061 eo
941 1030 1094 1061 frumento

207 1075 324 1115 primus
346 1076 400 1105 tibi
418 1076 468 1106 ille
491 1081 623 1116 quaestus
646 1075 705 1104 fuit
719 1074 813 1114 ipsius
834 1073 990 1109 frumenti,
1011 1073 1094 1114 quod

208 1125 271 1147 erat
287 1125 423 1158 ereptum
440 1120 477 1148 ab
493 1117 681 1152 aratoribus3
706 1117 792 1153 alter,
814 1116 895 1156 quod
911 1115 942 1145 id
957 1116 1094 1146 frumen-

207 1165 287 1198 tum,
298 1160 518 1201 improbissime
533 1171 585 1201 per
595 1159 759 1189 triennium
772 1165 905 1199 partum,
916 1169 977 1188 non
988 1159 1091 1197 semel,

207 1203 259 1233 sed
283 1203 340 1241 bis,
368 1213 467 1244 neque
490 1213 563 1241 uno,
589 1202 639 1232 sed
663 1202 782 1232 duobus
806 1201 918 1241 pretiis,
942 1211 1039 1231 unum
1064 1208 1094 1232 et

206 1245 287 1276 idem
303 1247 492 1276 frumentum
513 1245 694 1282 vendidisti3
719 1245 811 1275 semel
831 1243 1012 1281 civitatibus,
1035 1245 1092 1275 Hs

207 1288 273 1319 XV
288 1289 319 1318 in
335 1289 524 1319 medimnum
538 1299 547 1324 ;
571 1288 680 1318 iterum
700 1287 813 1328 populo
830 1287 982 1323 Romano,
999 1298 1016 1317 a
1031 1298 1093 1328 quo

205 1331 263 1361 HS
285 1332 408 1362 XVIII
431 1332 462 1361 in
482 1331 649 1370 medimna,
669 1341 724 1372 pro
743 1329 848 1360 eodem
864 1330 916 1359 isso
938 1329 1092 1360 frumento

206 1374 367 1404 abstulisti.

247 1417 294 1446 At
309 1418 390 1447 enim
405 1418 594 1448 frumentum
611 1416 878 1456 Centuripinorum
894 1421 923 1445 et
937 1415 1090 1455 Agrigen-

203 1459 350 1497 tinorum,
364 1467 393 1491 et
409 1461 624 1490 nonnullorum
637 1460 759 1490 fortasse
769 1464 921 1499 praeterea,
934 1458 1087 1498 probirsti3

204 1508 233 1532 et
248 1502 294 1532 his
310 1503 430 1543 populis
446 1504 604 1544 pecuniam
617 1502 784 1533 dissolvisti.
809 1501 877 1531 Sint
892 1501 1002 1541 aliquae
1017 1501 1089 1531 civi--

204 1550 280 1575 tates
295 1546 326 1575 in
343 1556 376 1575 eo
397 1556 535 1583 numero,
560 1556 690 1587 quarum
711 1544 898 1574 frumentum
919 1543 1090 1583 improbare

202 1588 353 1618 nolueris:
378 1589 452 1629 quid
467 1589 589 1618 tandem
604 1591 617 1619 Ρ
640 1588 686 1618 his
701 1587 870 1617 civitatibus
885 1586 1022 1616 omnisne
1037 1597 1089 1627 pe-

202 1631 303 1667 cunia,
324 1642 393 1672 quae
408 1642 463 1672 pro
484 1632 636 1661 frumento
655 1630 756 1660 debita
777 1635 831 1666 est,
857 1629 1001 1658 dissoluta
1022 1630 1090 1659 est?

202 1673 310 1703 Unum
334 1674 411 1703 mihi
434 1675 540 1715 reperi,
566 1684 624 1704 non
651 1673 811 1714 populum,
839 1672 890 1701 sed
915 1677 1083 1702 aratorem:

200 1715 280 1753 vide,
296 1727 408 1757 quaere,
424 1717 629 1757 circumspice,
643 1716 667 1746 si
683 1716 750 1756 quis
764 1715 840 1744 forte
855 1720 898 1744 est
914 1725 951 1744 ex
967 1713 1000 1744 ea
1014 1724 1085 1754 pro-

197 1757 306 1796 vincia,
328 1759 359 1789 in
381 1759 444 1799 qua
464 1765 498 1790 tu
514 1760 679 1790 triennium
702 1756 860 1799 praefuisti,
876 1757 929 1798 qui
951 1762 980 1787 te
1004 1757 1080 1788 nolit
