1181 1902
202 174 244 205 64
289 174 380 205 PRO
404 174 570 207 ROSCIO
593 174 824 206 AMERINO.
850 174 933 205 CAP.
949 174 1001 203 31.

201 260 262 298 dio,
279 260 361 291 testis
376 261 537 302 prodierit:
563 267 629 291 tum
650 261 723 291 alias
744 271 866 302 quoque
886 270 954 290 suas
971 259 1089 300 palmas

199 310 367 344 cognoscet,
385 304 421 334 de
437 305 547 345 quibus
562 315 612 335 me
627 315 664 335 ne
684 305 803 334 audisse
818 303 941 344 quidem
957 302 1089 342 suspica„

201 352 261 376 tur.
296 347 333 376 L.
352 347 472 377 Cassius
488 348 549 383 ille,
569 359 660 388 quem
676 348 807 388 populus
824 347 983 376 Romanus
999 345 1089 374 veris-

202 390 314 419 simum
342 396 371 420 et
397 391 650 431 sapientissimum]
677 391 811 429 judicem
838 390 976 430 putabat,
1003 388 1089 417 iden-

202 432 296 462 tidem
312 433 343 462 in
359 434 454 463 causis
470 444 602 474 quaerere
617 434 741 469 solebat,
760 437 781 451 ‘⁶
795 433 843 463 cni
859 434 937 462 bono
952 430 1089 460 fuisset.'‘

203 476 252 506 sic
269 476 329 505 vita
344 476 504 506 hominum
520 482 573 513 est,
591 482 624 506 ut
640 477 678 506 ad
694 476 877 506 maleficium
898 484 988 504 nemo
1004 483 1091 503 cone-

203 524 254 548 tur
269 519 332 548 sine
347 530 399 559 spe
411 526 501 559 atque
513 520 718 549 emolumento
730 519 876 549 accedere.
902 517 996 547 Hunc
1008 527 1091 556 quae-

204 561 325 591 sitorem
352 572 386 592 ac
413 562 547 600 judicem
572 562 729 602 fugiebant
756 568 846 602 atque
872 561 1034 590 horrebant
1058 559 1090 597 ii,

205 604 315 645 quibus
331 604 499 645 periculum
519 607 692 634 creabatur:
718 605 784 634 ideo
800 603 893 645 quod,
910 602 1028 632 tametsi
1044 612 1094 632 ve-

204 647 298 677 ritatis
315 654 377 677 erat
392 648 517 684 amicus,
534 656 634 678 tamen
651 648 759 677 natu-2:⁸1
775 658 834 676 non
851 653 913 676 tam
929 655 1095 686 propensus

205 690 243 720 ad
268 690 513 727 misericordiam,
538 701 630 730 quam
656 690 827 731 implicatus
847 689 885 719 ad
908 689 1095 718 severitatem

204 733 371 763 videbatur.
403 734 482 773 Ego,
506 744 693 774 quamquam
717 739 823 773 pra-est
846 732 916 762 huic
937 731 1095 771 quaestioni

204 776 260 813 vir,
277 782 306 805 et
321 782 424 806 contra
442 777 598 806 audaciam
619 777 810 813 fortissimus,
828 782 856 805 et
871 776 908 805 ab
924 773 1096 804 innocentia

205 819 466 857 clementissimus,
495 827 596 849 tamen
621 820 707 849 facile
735 829 784 849 me
814 825 941 859 paterer,
969 817 1016 846 vel
1043 816 1095 846 illo

206 861 270 902 ipso
292 862 436 891 acerrimo
457 863 558 901 judice
580 869 742 903 quaerente,
767 862 814 891 vel
834 861 916 902 apud
937 860 1095 890 Cassianos

204 905 332 944 judices,
361 915 491 945 quorum
518 905 608 935 etiam
635 915 715 935 nune
742 905 774 941 ii,
800 905 911 945 quibus
935 913 1025 933 causa
1050 902 1097 932 di-

206 948 300 977 cenda
312 953 366 985 est,
380 958 490 978 nomen
503 948 603 990 ipsum
616 948 823 987 reformidant,
836 958 890 989 pro
903 947 973 977 Sex.
985 945 1096 976 Roscio

208 990 315 1020 dicere.

250 1033 379 1064 XXXI.
408 1034 446 1063 In
467 1033 523 1064 hac
545 1035 626 1065 enim
650 1034 739 1065 causa
762 1044 831 1065 cum
858 1033 1004 1069 viderent,
1027 1032 1096 1062 illos

207 1077 427 1117 amplissimam
448 1078 608 1118 pecuniam
632 1078 792 1118 possidere,
818 1078 899 1107 hunc
921 1076 952 1105 in
975 1075 1096 1105 summa

207 1120 401 1150 mendicitate
416 1131 497 1156 esse3
522 1121 600 1152 illud
621 1121 744 1161 quidem
766 1131 826 1150 non
847 1124 1026 1160 quaererent,
1048 1117 1098 1148 cui

207 1163 288 1193 bono
312 1163 427 1199 fuisset,
453 1164 505 1194 sed
528 1175 562 1194 eo
586 1165 780 1204 perspicuum
805 1164 919 1193 crimen
945 1168 973 1192 et
999 1161 1098 1201 suspi-

208 1206 325 1236 cionem
352 1206 452 1246 potius
477 1207 516 1238 ad
541 1207 675 1247 praedam
702 1207 911 1246 adjungerent,
937 1214 1030 1245 quam
1061 1203 1100 1233 ad

209 1254 382 1288 egestatem.
415 1249 500 1286 Quid
523 1250 546 1279 si
567 1250 679 1280 accedit
699 1250 816 1287 eodem,
840 1256 874 1278 ut
894 1248 991 1278 tenuis
1012 1252 1101 1276 antea.

209 1291 324 1321 fueris?
346 1292 421 1332 quid
437 1293 472 1330 si,
489 1299 523 1322 ut
538 1293 668 1322 avarus?
689 1292 764 1333 quid
779 1293 814 1328 si,
831 1298 865 1321 ut
881 1290 1004 1320 audax?
1026 1289 1101 1330 quid

210 1334 247 1370 si,
275 1339 309 1363 ut
334 1334 426 1371 illius,
453 1336 506 1375 qui
529 1336 642 1365 occisus
665 1342 719 1371 est,
743 1334 994 1365 inimicissimus?
1026 1342 1102 1362 num

211 1377 374 1416 quaerenda
392 1387 492 1415 causa,
510 1389 578 1418 quae
599 1384 627 1408 te
648 1378 685 1409 ad
706 1384 826 1408 tantum
847 1377 963 1406 facinus
984 1375 1103 1405 addux-

211 1419 292 1449 erit?
327 1419 412 1457 Quid
437 1430 506 1460 ergo
533 1421 642 1450 horum
667 1421 770 1461 negari
794 1422 918 1461 potest?
953 1418 1102 1448 Tenuitas

210 1462 342 1492 hominis
363 1463 512 1501 ejusmodi
533 1469 586 1499 est,
604 1470 638 1493 ut
657 1464 841 1493 dissimulari
861 1472 922 1492 non
939 1467 1040 1501 queat,
1057 1467 1103 1490 at-

211 1515 271 1545 que
287 1515 321 1535 eo
336 1505 432 1545 magis
448 1506 573 1542 eluceat,
590 1517 650 1546 quo
667 1506 763 1546 magis
778 1506 955 1536 occultatur.
989 1503 1102 1533 Avari-

211 1548 286 1577 tiam
313 1549 445 1588 praefers,
472 1549 525 1588 qui
551 1549 721 1578 societatem
748 1548 851 1578 coieris
877 1548 915 1577 de
939 1546 1102 1586 municipis

211 1591 391 1631 cognatique
406 1591 533 1620 fortunis
555 1602 625 1621 cum
646 1591 837 1621 alienissimo.
871 1591 975 1627 Quam
992 1589 1030 1619 sis
1046 1600 1100 1619 au-

212 1633 284 1669 dax,
297 1637 344 1667 (ut
358 1633 416 1663 alia
426 1634 596 1669 obliviscar)
612 1634 682 1663 hinc
697 1644 801 1664 omnes
814 1634 980 1673 intelligere
996 1637 1103 1672 potue-

212 1682 294 1712 runt,
312 1676 404 1716 quod,
422 1687 458 1706 ex
475 1677 537 1707 tot&
553 1677 701 1713 societate,
718 1677 775 1707 hoc
794 1682 847 1711 est,
865 1686 902 1706 ex
919 1682 962 1705 tot
978 1674 1100 1711 sicariis,

213 1718 293 1748 solus
309 1725 342 1748 tu
358 1719 497 1749 inventus
514 1730 555 1756 es,
572 1720 625 1760 qui
644 1730 712 1750 cum
733 1719 953 1749 accusatoribus
975 1717 1100 1754 sederes,

212 1767 304 1802 atque
324 1772 356 1792 os
377 1768 465 1791 tuum
486 1772 546 1792 non
569 1762 660 1792 modo
680 1762 859 1798 ostenderes,
876 1761 927 1791 sed
946 1759 1036 1791 etiam
1057 1760 1104 1790 of-

214 1804 314 1834 ferres.
354 1804 531 1838 Inimicitias
554 1805 608 1835 tibi
631 1805 722 1835 fuisse
744 1815 815 1836 cum
837 1806 907 1835 Sex.
929 1803 1050 1840 Roscio,
1073 1808 1103 1832 et

214 1856 341 1888 magnas
356 1847 398 1879 rei
409 1847 566 1879 familiaris
581 1848 805 1888 controversias,
817 1846 970 1886 concedas,
987 1856 1104 1877 necesse
