1216 1907
231 131 274 161 16
406 132 499 164 PRO
523 132 558 163 P.
575 131 787 171 QUINTIO.
813 131 896 163 CAP.
917 132 964 162 14.

234 223 445 248 verumtamen
461 224 562 259 petat:
586 218 755 249 audiamus.
778 216 1001 249 Derationibus
1010 221 1039 246 et
1047 225 1118 246 con-

232 261 382 291 troversiis
402 262 547 292 societatis
563 262 628 292 vult
650 262 824 301 dijudicari:
848 271 924 297 sero,
937 270 1042 290 verum
1062 259 1118 289 ali-

234 303 357 344 quando
372 310 495 334 tament
520 305 727 335 concedamus.
762 305 846 342 Non,
868 303 978 343 inquit,
993 302 1025 332 id
1048 312 1117 341 ago,

234 347 270 376 G.
287 346 420 387 Aquilli,
437 357 534 388 neque
548 348 579 377 in
601 358 635 378 eo
656 358 736 378 nunc
751 348 864 377 laboro.
896 345 1030 376 Pecunia
1049 344 1119 374 mein.

234 393 279 419 tot
294 399 387 419 annos
402 390 497 420 utitur
514 391 549 420 P.
567 390 713 428 Quintius
727 402 734 420 2
760 396 863 420 utatur
874 399 944 419 sane
957 400 964 418 :
990 398 1050 418 non
1065 397 1119 428 pe-

235 437 275 461 to.
300 432 385 470 Quid
400 433 492 474 igitur
514 436 656 474 pugnas?
680 444 730 471 an,
756 433 838 474 quod
860 442 938 472 saepe
960 430 1066 461 multis
1085 430 1118 459 in

234 474 307 505 locis
333 476 447 513 dixisti,
475 486 512 506 ne
536 477 566 506 in
594 476 712 506 civitate
736 476 798 506 sit?
821 485 859 505 ne
887 475 988 505 locum
1014 483 1117 510 suum,

233 528 325 558 quem
337 519 436 549 adhuc
450 519 657 549 honestissime
673 518 817 555 defendit,
828 517 961 548 obtineat
971 517 985 545 P
1008 526 1045 546 ne
1060 526 1118 545 nu-

234 567 367 591 meretur
381 562 458 592 inter
473 562 555 592 vivos
569 564 582 592 :³
606 562 745 592 decernat
760 561 797 591 de
812 561 873 591 vita
889 567 917 590 et
935 558 1118 590 ornamentis

231 603 294 633 suis
309 604 475 635 omnibus?
498 605 580 646 apud
594 605 726 644 judicem
743 614 863 634 causam
879 603 976 644 priore
991 603 1056 632 loco
1070 601 1117 631 di-

234 652 299 677 cat:
325 652 364 685 et,
388 658 454 677 eam
477 658 547 678 cum
567 648 669 685 orarit,
687 654 753 677 tum
769 647 898 687 denique
914 655 1015 675 vocem
1031 655 1119 674 accu-

232 690 338 720 satoris
358 690 486 721 audiat?
515 691 624 729 Quid?
648 691 704 720 hoc
719 700 779 730 quo
795 689 945 730 pertinet?
968 694 1002 718 ut
1024 698 1117 728 ocyus

231 732 271 762 ad
287 738 375 762 tuum
391 733 569 773 pervenias?
593 734 651 770 At,
668 733 691 763 si
710 733 741 762 id
757 733 857 769 velles,
871 731 1054 772 jampridem
1069 740 1118 760 ac-

232 780 300 805 tum
315 786 376 806 esse
391 782 517 817 poterat.
550 777 593 806 Ut
613 776 780 806 honestiore
792 776 906 815 judicio
921 774 1088 805 conflictere
1101 774 1115 803 Ρ

231 819 279 848 At
300 819 364 848 sine
386 830 506 850 summo
530 820 638 849 scelere
660 819 695 849 P.
717 819 893 856 Quintium,
910 817 1118 858 propinquum

231 870 333 898 tuum,
346 862 487 902 jugulare
499 872 559 892 non
575 868 668 903 potes.
693 862 737 892 Ut
752 861 869 891 facilius
881 860 1031 900 judicium
1053 859 1116 889 sit?

229 904 277 935 At
293 914 391 945 neque
404 905 438 935 C.
455 905 613 946 Aquillius
628 905 665 935 de
681 905 777 945 capite
792 904 912 934 alterius
927 903 1054 933 libenter
1065 902 1117 940 ju-

231 947 322 985 dicat,
340 954 368 977 et
389 948 429 985 Q.
445 948 625 978 Hortensius
640 954 743 977 contra
758 953 849 987 caput
863 956 923 976 non
946 945 1050 976 didicit
1070 944 1117 974 di-

231 1000 305 1020 cere.
340 991 426 1028 Quid
451 1001 468 1020 a
494 991 580 1021 nobis
606 997 719 1028 autem,
746 990 781 1020 C.
808 989 941 1030 Aquilli,
965 989 1090 1018 refertur
1100 987 1116 1016 ’ἒ

231 1032 398 1063 Pecuniam
413 1034 506 1074 petit:
531 1043 678 1074 negamus
688 1033 798 1062 deberi.
821 1033 842 1062 J
846 1032 981 1062 udicium
992 1030 1046 1060 fiat
1056 1036 1117 1060 sta-

227 1075 284 1105 tim
298 1087 305 1105 :
331 1086 391 1106 non
409 1087 590 1107 recusamus.
616 1076 779 1116 Numquid
794 1076 961 1116 praeterea?
985 1074 1017 1104 Si
1033 1083 1115 1103 vere-

229 1124 291 1156 tur,
309 1125 342 1148 ut
358 1130 414 1155 res,
429 1119 542 1158 judicio
555 1120 643 1157 facto,
660 1125 765 1159 parata
778 1119 837 1154 sit3
859 1118 1028 1157 judicatum
1040 1116 1115 1146 solvi

230 1162 301 1192 satis
314 1162 447 1203 accipiat.
483 1163 605 1200 Quibus
620 1173 638 1191 a
653 1173 702 1192 me
717 1162 814 1192 verbis
830 1161 899 1191 satis
914 1160 1048 1200 accipiet,
1064 1159 1116 1188 iis-

228 1205 299 1235 dem
322 1205 395 1245 ipse,
413 1205 494 1246 quod
517 1212 596 1245 peto,
618 1205 749 1235 satisdet.
786 1205 904 1234 Actum
926 1204 990 1242 jam
1015 1206 1114 1243 potest

226 1258 300 1285 esse,
309 1248 344 1278 C.
352 1248 472 1289 Aquini
483 1260 489 1278 :
505 1249 613 1287 jamitu
624 1254 707 1288 potes
719 1247 879 1284 discedere,
892 1247 1035 1276 liberatus
1044 1254 1112 1275 mo·-

224 1290 325 1327 lestifi,
341 1301 434 1331 prope
448 1291 558 1327 dicam,
569 1301 630 1321 non
644 1291 771 1327 minore,
782 1301 875 1331 quam
892 1289 1047 1327 Quintius.

270 1334 355 1371 Quid
378 1334 509 1374 agimus,
532 1334 698 1363 Hortensi?
722 1333 796 1374 quid
811 1333 848 1362 de
867 1333 923 1362 hae
941 1330 1111 1362 conditione

226 1375 380 1406 dicimus?
406 1377 571 1406 Possumus
583 1376 758 1417 aliquando,
774 1375 914 1416 depositis
930 1374 1032 1412 armis,
1048 1373 1113 1405 sine

227 1419 359 1459 periculo
384 1419 586 1456 fortunarum,
612 1419 649 1449 de
672 1430 703 1449 re
727 1418 900 1459 pecuniaria
922 1417 1111 1457 disceptare?

227 1462 394 1492 Possumus
408 1462 451 1492 ita
466 1473 529 1492 rem
546 1468 677 1492 nostram
690 1462 838 1502 persequi,
853 1468 887 1491 ut
898 1459 1028 1490 hominis
1043 1469 1113 1499 pro-

223 1504 332 1545 pinqui
354 1511 445 1545 caput
468 1505 618 1535 incolume
639 1515 700 1534 esse
720 1505 897 1544 patiamur?
944 1503 1110 1532 Possumus

225 1548 359 1587 petitoris
369 1558 525 1588 personam
539 1558 654 1588 capere,
665 1547 841 1577 accusatoris
853 1546 999 1586 deponere
1010 1547 1024 1575 ἓ
1048 1545 1114 1575 Im-

228 1600 291 1628 mo,
314 1591 425 1630 inquit,
442 1592 494 1621 abs
517 1596 546 1620 te
567 1591 637 1621 satis
659 1590 826 1631 accipiam;
857 1600 911 1629 ego
934 1594 1036 1618 autem
1057 1587 1113 1617 tibi

226 1642 287 1663 non
302 1633 460 1663 satisdabo.

270 1676 365 1706 XIV.
389 1676 467 1713 Quis
482 1676 605 1707 tandem
621 1676 707 1706 nobis
722 1675 778 1705 ista
791 1676 861 1714 jura
875 1681 937 1704 tam
954 1684 1040 1714 aequa
1061 1672 1114 1702 de-

224 1719 351 1749 scribit?
376 1719 443 1760 quis
457 1719 514 1750 hoc
530 1719 645 1756 statuit,
668 1719 750 1759 quod
771 1728 893 1759 aequum
910 1717 947 1747 sit
961 1717 991 1746 in
1008 1715 1111 1754 Quin-

224 1762 316 1799 tium,
332 1762 364 1792 id
379 1762 520 1802 iniquum
536 1773 598 1793 esse
620 1762 651 1792 in
669 1763 699 1792 N
703 1761 838 1792 aevium?
876 1760 997 1798 Quintii
1019 1761 1111 1795 bona,

221 1804 334 1846 inquit,
348 1815 385 1836 ex
401 1805 497 1836 edicto
517 1805 652 1847 praetoris
667 1814 800 1847 possessa
820 1809 899 1835 sunt.
923 1803 1018 1845 Ergo,
1034 1801 1066 1832 id
1076 1806 1110 1832 ut
