<?xml version="1.0" encoding="UTF-8"?>
<!DOCTYPE html PUBLIC "-//W3C//DTD XHTML 1.0 Transitional//EN"
    "http://www.w3.org/TR/xhtml1/DTD/xhtml1-transitional.dtd">
<html xmlns="http://www.w3.org/1999/xhtml" xml:lang="en" lang="en">
 <head>
  <title>
</title>
<meta http-equiv="Content-Type" content="text/html;charset=utf-8" />
  <meta name='ocr-system' content='tesseract 3.04.00' />
  <meta name='ocr-capabilities' content='ocr_page ocr_carea ocr_par ocr_line ocrx_word'/>
</head>
<body>
  <div class='ocr_page' id='page_1' title='image "./operaern05ciceuoft_0045.png"; bbox 0 0 1181 1902; ppageno 0'>
   <div class='ocr_carea' id='block_1_1' title="bbox 0 0 1181 101">
    <p class='ocr_par' dir='ltr' id='par_1_1' title="bbox 0 0 1181 101">
     <span class='ocr_line' id='line_1_1' title="bbox 0 0 1181 101; baseline 0 1801"><span class='ocrx_word' id='word_1_1' title='bbox 0 0 1181 101; x_wconf 95' lang='lat' dir='ltr'><strong> </strong></span> 
     </span>
    </p>
   </div>
   <div class='ocr_carea' id='block_1_2' title="bbox 286 117 1009 157">
    <p class='ocr_par' dir='ltr' id='par_1_2' title="bbox 286 117 1009 157">
     <span class='ocr_line' id='line_1_2' title="bbox 286 117 1009 157; baseline 0 -7"><span class='ocrx_word' id='word_1_2' title='bbox 286 117 377 150; x_wconf 87' lang='lat' dir='ltr'><strong>PRO</strong></span> <span class='ocrx_word' id='word_1_3' title='bbox 401 118 438 149; x_wconf 88' lang='lat' dir='ltr'><strong>P.</strong></span> <span class='ocrx_word' id='word_1_4' title='bbox 455 117 670 157; x_wconf 87' lang='lat' dir='ltr'><strong>QUINTIO.</strong></span> <span class='ocrx_word' id='word_1_5' title='bbox 687 117 772 149; x_wconf 74' lang='lat' dir='ltr'><strong>CAP.</strong></span> <span class='ocrx_word' id='word_1_6' title='bbox 789 118 842 150; x_wconf 87' lang='grc'><strong>30.</strong></span> <span class='ocrx_word' id='word_1_7' title='bbox 965 119 1009 150; x_wconf 85' lang='grc'><strong>33</strong></span> 
     </span>
    </p>
   </div>
   <div class='ocr_carea' id='block_1_3' title="bbox 116 203 1023 1839">
    <p class='ocr_par' dir='ltr' id='par_1_3' title="bbox 116 203 1018 461">
     <span class='ocr_line' id='line_1_3' title="bbox 117 203 1010 246; baseline 0 -10"><span class='ocrx_word' id='word_1_8' title='bbox 117 204 245 246; x_wconf 61' lang='lat' dir='ltr'><strong>expulso</strong></span> <span class='ocrx_word' id='word_1_9' title='bbox 260 204 350 244; x_wconf 86' lang='lat' dir='ltr'><strong>socio,</strong></span> <span class='ocrx_word' id='word_1_10' title='bbox 372 204 515 246; x_wconf 87' lang='lat' dir='ltr'><strong>possedit,</strong></span> <span class='ocrx_word' id='word_1_11' title='bbox 532 214 630 235; x_wconf 80' lang='lat' dir='ltr'><strong>servos</strong></span> <span class='ocrx_word' id='word_1_12' title='bbox 651 204 784 245; x_wconf 81' lang='lat' dir='ltr'><strong>privatos</strong></span> <span class='ocrx_word' id='word_1_13' title='bbox 804 203 928 243; x_wconf 87' lang='lat' dir='ltr'><strong>Quintii</strong></span> <span class='ocrx_word' id='word_1_14' title='bbox 947 215 1010 236; x_wconf 87' lang='lat' dir='ltr'><strong>non</strong></span> 
     </span>
     <span class='ocr_line' id='line_1_4' title="bbox 117 247 1011 288; baseline 0 -9"><span class='ocrx_word' id='word_1_15' title='bbox 117 258 223 279; x_wconf 88' lang='lat' dir='ltr'><strong>omnes</strong></span> <span class='ocrx_word' id='word_1_16' title='bbox 238 249 345 288; x_wconf 82' lang='lat' dir='ltr'><strong>ejectos</strong></span> <span class='ocrx_word' id='word_1_17' title='bbox 358 258 430 278; x_wconf 87' lang='lat' dir='ltr'><strong>esse.</strong></span> <span class='ocrx_word' id='word_1_18' title='bbox 454 248 506 278; x_wconf 84' lang='lat' dir='ltr'><strong>Ex</strong></span> <span class='ocrx_word' id='word_1_19' title='bbox 521 258 594 288; x_wconf 81' lang='lat' dir='ltr'><strong>quo,</strong></span> <span class='ocrx_word' id='word_1_20' title='bbox 608 254 637 278; x_wconf 88' lang='lat' dir='ltr'><strong>et</strong></span> <span class='ocrx_word' id='word_1_21' title='bbox 653 258 690 277; x_wconf 85' lang='lat' dir='ltr'><strong>ex</strong></span> <span class='ocrx_word' id='word_1_22' title='bbox 706 247 818 278; x_wconf 85' lang='lat' dir='ltr'><strong>caeteris</strong></span> <span class='ocrx_word' id='word_1_23' title='bbox 833 248 931 286; x_wconf 88' lang='lat' dir='ltr'><strong>dictis,</strong></span> <span class='ocrx_word' id='word_1_24' title='bbox 948 248 1011 279; x_wconf 83' lang='lat' dir='ltr'><strong>fac-</strong></span> 
     </span>
     <span class='ocr_line' id='line_1_5' title="bbox 116 290 1008 332; baseline 0 -10"><span class='ocrx_word' id='word_1_25' title='bbox 116 291 166 329; x_wconf 77' lang='lat' dir='ltr'><strong>tiS,</strong></span> <span class='ocrx_word' id='word_1_26' title='bbox 183 291 339 332; x_wconf 87' lang='lat' dir='ltr'><strong>cogitatisq</strong></span> <span class='ocrx_word' id='word_1_27' title='bbox 341 301 378 321; x_wconf 88' lang='lat' dir='ltr'><strong>ue</strong></span> <span class='ocrx_word' id='word_1_28' title='bbox 394 293 464 321; x_wconf 79' lang='lat' dir='ltr'><strong>Sex.</strong></span> <span class='ocrx_word' id='word_1_29' title='bbox 476 291 588 328; x_wconf 82' lang='lat' dir='ltr'><strong>Naevii,</strong></span> <span class='ocrx_word' id='word_1_30' title='bbox 601 290 700 331; x_wconf 87' lang='lat' dir='ltr'><strong>quivis</strong></span> <span class='ocrx_word' id='word_1_31' title='bbox 712 297 810 331; x_wconf 88' lang='lat' dir='ltr'><strong>potest</strong></span> <span class='ocrx_word' id='word_1_32' title='bbox 825 291 1008 331; x_wconf 84' lang='lat' dir='ltr'><strong>intelligere,</strong></span> 
     </span>
     <span class='ocr_line' id='line_1_6' title="bbox 117 333 1010 382; baseline 0.001 -18"><span class='ocrx_word' id='word_1_33' title='bbox 117 334 210 364; x_wconf 89' lang='lat' dir='ltr'><strong>istum</strong></span> <span class='ocrx_word' id='word_1_34' title='bbox 225 334 301 364; x_wconf 88' lang='lat' dir='ltr'><strong>nihil</strong></span> <span class='ocrx_word' id='word_1_35' title='bbox 315 333 399 364; x_wconf 91' lang='lat' dir='ltr'><strong>aliud</strong></span> <span class='ocrx_word' id='word_1_36' title='bbox 415 334 520 382; x_wconf 87' lang='lat' dir='ltr'>egisse,</span> <span class='ocrx_word' id='word_1_37' title='bbox 537 343 635 382; x_wconf 79' lang='lat' dir='ltr'><strong>neque</strong></span> <span class='ocrx_word' id='word_1_38' title='bbox 656 343 738 363; x_wconf 90' lang='lat' dir='ltr'><strong>nunc</strong></span> <span class='ocrx_word' id='word_1_39' title='bbox 759 344 858 373; x_wconf 82' lang='lat' dir='ltr'><strong>agere,</strong></span> <span class='ocrx_word' id='word_1_40' title='bbox 884 335 943 364; x_wconf 84' lang='lat' dir='ltr'><strong>nisi</strong></span> <span class='ocrx_word' id='word_1_41' title='bbox 963 335 1010 365; x_wconf 89' lang='lat' dir='ltr'><strong>uti</strong></span> 
     </span>
     <span class='ocr_line' id='line_1_7' title="bbox 118 376 1018 425; baseline -0.003 -18"><span class='ocrx_word' id='word_1_42' title='bbox 118 387 172 418; x_wconf 88' lang='lat' dir='ltr'><strong>per</strong></span> <span class='ocrx_word' id='word_1_43' title='bbox 187 377 260 415; x_wconf 84' lang='lat' dir='ltr'><strong>vim,</strong></span> <span class='ocrx_word' id='word_1_44' title='bbox 271 388 324 418; x_wconf 91' lang='lat' dir='ltr'><strong>per</strong></span> <span class='ocrx_word' id='word_1_45' title='bbox 334 377 490 425; x_wconf 79' lang='lat' dir='ltr'><strong>injuriam,</strong></span> <span class='ocrx_word' id='word_1_46' title='bbox 504 387 557 417; x_wconf 92' lang='lat' dir='ltr'><strong>per</strong></span> <span class='ocrx_word' id='word_1_47' title='bbox 571 376 763 417; x_wconf 85' lang='lat' dir='ltr'><strong>iniquitatem</strong></span> <span class='ocrx_word' id='word_1_48' title='bbox 777 376 871 416; x_wconf 50' lang='lat' dir='ltr'><strong>judi*</strong></span> <span class='ocrx_word' id='word_1_49' title='bbox 856 377 897 414; x_wconf 58' lang='lat' dir='ltr'><strong>wi,</strong></span> <span class='ocrx_word' id='word_1_50' title='bbox 911 383 1018 408; x_wconf 84' lang='lat' dir='ltr'><strong>toturn.</strong></span> 
     </span>
     <span class='ocr_line' id='line_1_8' title="bbox 118 420 894 461; baseline -0.001 -11"><span class='ocrx_word' id='word_1_51' title='bbox 118 430 239 461; x_wconf 82' lang='lat' dir='ltr'><strong>agrum,</strong></span> <span class='ocrx_word' id='word_1_52' title='bbox 252 420 305 461; x_wconf 93' lang='lat' dir='ltr'><strong>qui</strong></span> <span class='ocrx_word' id='word_1_53' title='bbox 321 420 491 450; x_wconf 86' lang='lat' dir='ltr'><strong>communis</strong></span> <span class='ocrx_word' id='word_1_54' title='bbox 507 426 561 457; x_wconf 86' lang='lat' dir='ltr'><strong>est,</strong></span> <span class='ocrx_word' id='word_1_55' title='bbox 575 430 665 450; x_wconf 87' lang='lat' dir='ltr'><strong>suum</strong></span> <span class='ocrx_word' id='word_1_56' title='bbox 679 421 777 449; x_wconf 88' lang='lat' dir='ltr'><strong>facere</strong></span> <span class='ocrx_word' id='word_1_57' title='bbox 791 420 894 460; x_wconf 86' lang='lat' dir='ltr'><strong>possit.</strong></span> 
     </span>
    </p>

    <p class='ocr_par' dir='ltr' id='par_1_4' title="bbox 117 463 1014 797">
     <span class='ocr_line' id='line_1_9' title="bbox 160 463 1009 503; baseline 0 -9"><span class='ocrx_word' id='word_1_58' title='bbox 160 463 270 494; x_wconf 51' lang='lat' dir='ltr'><strong>XX).</strong></span> <span class='ocrx_word' id='word_1_59' title='bbox 295 463 400 500; x_wconf 79' lang='lat' dir='ltr'><strong>Nunc,</strong></span> <span class='ocrx_word' id='word_1_60' title='bbox 418 473 508 493; x_wconf 84' lang='lat' dir='ltr'><strong>causa</strong></span> <span class='ocrx_word' id='word_1_61' title='bbox 523 463 671 503; x_wconf 86' lang='lat' dir='ltr'><strong>perorata,</strong></span> <span class='ocrx_word' id='word_1_62' title='bbox 688 472 734 492; x_wconf 90' lang='lat' dir='ltr'><strong>res</strong></span> <span class='ocrx_word' id='word_1_63' title='bbox 749 463 826 503; x_wconf 89' lang='lat' dir='ltr'><strong>ipsa,</strong></span> <span class='ocrx_word' id='word_1_64' title='bbox 838 469 867 492; x_wconf 91' lang='lat' dir='ltr'><strong>et</strong></span> <span class='ocrx_word' id='word_1_65' title='bbox 882 463 1009 503; x_wconf 90' lang='lat' dir='ltr'><strong>periculi</strong></span> 
     </span>
     <span class='ocr_line' id='line_1_10' title="bbox 117 485 1012 547; baseline 0.001 -11"><span class='ocrx_word' id='word_1_66' title='bbox 117 485 309 547; x_wconf 83' lang='lat' dir='ltr'>magnitudo,</span> <span class='ocrx_word' id='word_1_67' title='bbox 326 505 361 536; x_wconf 89' lang='lat' dir='ltr'><strong>C.</strong></span> <span class='ocrx_word' id='word_1_68' title='bbox 375 506 511 546; x_wconf 87' lang='lat' dir='ltr'><strong>Aquilli,</strong></span> <span class='ocrx_word' id='word_1_69' title='bbox 533 516 637 546; x_wconf 88' lang='lat' dir='ltr'><strong>cogere</strong></span> <span class='ocrx_word' id='word_1_70' title='bbox 656 505 786 544; x_wconf 88' lang='lat' dir='ltr'><strong>videtur,</strong></span> <span class='ocrx_word' id='word_1_71' title='bbox 807 512 842 535; x_wconf 91' lang='lat' dir='ltr'><strong>ut</strong></span> <span class='ocrx_word' id='word_1_72' title='bbox 857 512 897 542; x_wconf 88' lang='lat' dir='ltr'><strong>te,</strong></span> <span class='ocrx_word' id='word_1_73' title='bbox 918 512 1012 547; x_wconf 84' lang='lat' dir='ltr'><strong>atque</strong></span> 
     </span>
     <span class='ocr_line' id='line_1_11' title="bbox 122 549 1014 590; baseline 0 -11"><span class='ocrx_word' id='word_1_74' title='bbox 122 559 172 579; x_wconf 82' lang='lat' dir='ltr'><strong>eos</strong></span> <span class='ocrx_word' id='word_1_75' title='bbox 187 549 240 590; x_wconf 87' lang='lat' dir='ltr'><strong>qui</strong></span> <span class='ocrx_word' id='word_1_76' title='bbox 260 549 316 579; x_wconf 87' lang='lat' dir='ltr'><strong>tibi</strong></span> <span class='ocrx_word' id='word_1_77' title='bbox 336 549 369 578; x_wconf 93' lang='lat' dir='ltr'><strong>in</strong></span> <span class='ocrx_word' id='word_1_78' title='bbox 389 549 513 579; x_wconf 88' lang='lat' dir='ltr'><strong>consilio</strong></span> <span class='ocrx_word' id='word_1_79' title='bbox 534 555 616 586; x_wconf 90' lang='lat' dir='ltr'><strong>sunt,</strong></span> <span class='ocrx_word' id='word_1_80' title='bbox 633 549 766 578; x_wconf 86' lang='lat' dir='ltr'>obsecret</span> <span class='ocrx_word' id='word_1_81' title='bbox 785 550 1014 590; x_wconf 84' lang='lat' dir='ltr'><strong>obtesteturque</strong></span> 
     </span>
     <span class='ocr_line' id='line_1_12' title="bbox 120 591 1009 632; baseline -0.001 -10"><span class='ocrx_word' id='word_1_82' title='bbox 120 592 157 622; x_wconf 91' lang='lat' dir='ltr'><strong>P.</strong></span> <span class='ocrx_word' id='word_1_83' title='bbox 174 592 322 630; x_wconf 86' lang='lat' dir='ltr'><strong>Quintius</strong></span> <span class='ocrx_word' id='word_1_84' title='bbox 345 602 399 632; x_wconf 90' lang='lat' dir='ltr'><strong>per</strong></span> <span class='ocrx_word' id='word_1_85' title='bbox 425 598 609 622; x_wconf 86' lang='lat' dir='ltr'><strong>senectutem</strong></span> <span class='ocrx_word' id='word_1_86' title='bbox 633 601 668 621; x_wconf 92' lang='lat' dir='ltr'><strong>ac</strong></span> <span class='ocrx_word' id='word_1_87' title='bbox 688 591 884 622; x_wconf 69' lang='lat' dir='ltr'><strong>solitudinem</strong></span> <span class='ocrx_word' id='word_1_88' title='bbox 907 602 1009 629; x_wconf 84' lang='lat' dir='ltr'><strong>suam,</strong></span> 
     </span>
     <span class='ocr_line' id='line_1_13' title="bbox 118 635 1011 675; baseline -0.001 -10"><span class='ocrx_word' id='word_1_89' title='bbox 118 635 196 665; x_wconf 84' lang='lat' dir='ltr'><strong>nihil</strong></span> <span class='ocrx_word' id='word_1_90' title='bbox 210 635 305 672; x_wconf 90' lang='lat' dir='ltr'><strong>aliud,</strong></span> <span class='ocrx_word' id='word_1_91' title='bbox 322 635 380 665; x_wconf 85' lang='lat' dir='ltr'><strong>nisi</strong></span> <span class='ocrx_word' id='word_1_92' title='bbox 398 640 433 665; x_wconf 90' lang='lat' dir='ltr'><strong>ut</strong></span> <span class='ocrx_word' id='word_1_93' title='bbox 452 641 557 664; x_wconf 89' lang='lat' dir='ltr'><strong>vestrae</strong></span> <span class='ocrx_word' id='word_1_94' title='bbox 578 640 694 664; x_wconf 87' lang='lat' dir='ltr'><strong>naturae</strong></span> <span class='ocrx_word' id='word_1_95' title='bbox 714 635 904 675; x_wconf 81' lang='lat' dir='ltr'><strong>bonitatique</strong></span> <span class='ocrx_word' id='word_1_96' title='bbox 924 637 1011 665; x_wconf 89' lang='lat' dir='ltr'><strong>obse-</strong></span> 
     </span>
     <span class='ocr_line' id='line_1_14' title="bbox 117 677 1010 719; baseline 0 -12"><span class='ocrx_word' id='word_1_97' title='bbox 117 678 275 719; x_wconf 84' lang='lat' dir='ltr'><strong>quamini:</strong></span> <span class='ocrx_word' id='word_1_98' title='bbox 300 684 346 716; x_wconf 91' lang='lat' dir='ltr'><strong>ut,</strong></span> <span class='ocrx_word' id='word_1_99' title='bbox 359 688 431 708; x_wconf 90' lang='lat' dir='ltr'><strong>cum</strong></span> <span class='ocrx_word' id='word_1_100' title='bbox 446 677 553 707; x_wconf 86' lang='lat' dir='ltr'><strong>veritas</strong></span> <span class='ocrx_word' id='word_1_101' title='bbox 566 687 637 707; x_wconf 90' lang='lat' dir='ltr'><strong>cum</strong></span> <span class='ocrx_word' id='word_1_102' title='bbox 651 677 708 707; x_wconf 91' lang='lat' dir='ltr'><strong>hoc</strong></span> <span class='ocrx_word' id='word_1_103' title='bbox 723 677 825 714; x_wconf 81' lang='lat' dir='ltr'><strong>faciat,</strong></span> <span class='ocrx_word' id='word_1_104' title='bbox 837 678 907 719; x_wconf 88' lang='lat' dir='ltr'><strong>plus</strong></span> <span class='ocrx_word' id='word_1_105' title='bbox 916 677 1010 717; x_wconf 89' lang='lat' dir='ltr'><strong>hujus</strong></span> 
     </span>
     <span class='ocr_line' id='line_1_15' title="bbox 117 719 1012 762; baseline 0 -11"><span class='ocrx_word' id='word_1_106' title='bbox 117 721 220 762; x_wconf 82' lang='lat' dir='ltr'><strong>inopia</strong></span> <span class='ocrx_word' id='word_1_107' title='bbox 241 721 334 762; x_wconf 86' lang='lat' dir='ltr'><strong>possit</strong></span> <span class='ocrx_word' id='word_1_108' title='bbox 348 721 387 750; x_wconf 89' lang='lat' dir='ltr'><strong>ad</strong></span> <span class='ocrx_word' id='word_1_109' title='bbox 402 719 649 760; x_wconf 85' lang='lat' dir='ltr'><strong>misericordiam,</strong></span> <span class='ocrx_word' id='word_1_110' title='bbox 665 730 760 762; x_wconf 86' lang='lat' dir='ltr'><strong>quam</strong></span> <span class='ocrx_word' id='word_1_111' title='bbox 775 720 858 751; x_wconf 86' lang='lat' dir='ltr'><strong>illius</strong></span> <span class='ocrx_word' id='word_1_112' title='bbox 878 730 950 761; x_wconf 89' lang='lat' dir='ltr'><strong>opes</strong></span> <span class='ocrx_word' id='word_1_113' title='bbox 970 721 1012 751; x_wconf 81' lang='lat' dir='ltr'><strong>ad</strong></span> 
     </span>
     <span class='ocr_line' id='line_1_16' title="bbox 120 764 340 797; baseline -0.014 0"><span class='ocrx_word' id='word_1_114' title='bbox 120 764 340 797; x_wconf 80' lang='lat' dir='ltr'><strong>crudelitatem.</strong></span> 
     </span>
    </p>

    <p class='ocr_par' dir='ltr' id='par_1_5' title="bbox 117 805 1013 1279">
     <span class='ocr_line' id='line_1_17' title="bbox 164 805 1010 847; baseline 0 -10"><span class='ocrx_word' id='word_1_115' title='bbox 164 807 236 846; x_wconf 91' lang='lat' dir='ltr'><strong>Quo</strong></span> <span class='ocrx_word' id='word_1_116' title='bbox 251 807 300 837; x_wconf 91' lang='lat' dir='ltr'><strong>die</strong></span> <span class='ocrx_word' id='word_1_117' title='bbox 323 806 361 838; x_wconf 86' lang='lat' dir='ltr'><strong>ad</strong></span> <span class='ocrx_word' id='word_1_118' title='bbox 383 812 412 837; x_wconf 74' lang='lat' dir='ltr'><strong>te</strong></span> <span class='ocrx_word' id='word_1_119' title='bbox 428 805 564 847; x_wconf 85' lang='lat' dir='ltr'><strong>judicem</strong></span> <span class='ocrx_word' id='word_1_120' title='bbox 582 806 732 846; x_wconf 86' lang='lat' dir='ltr'><strong>venimus,</strong></span> <span class='ocrx_word' id='word_1_121' title='bbox 749 806 856 837; x_wconf 83' lang='lat' dir='ltr'><strong>eodem</strong></span> <span class='ocrx_word' id='word_1_122' title='bbox 875 806 924 837; x_wconf 90' lang='lat' dir='ltr'><strong>die</strong></span> <span class='ocrx_word' id='word_1_123' title='bbox 941 806 1010 837; x_wconf 83' lang='lat' dir='ltr'><strong>illo-</strong></span> 
     </span>
     <span class='ocr_line' id='line_1_18' title="bbox 117 849 1012 891; baseline 0 -11"><span class='ocrx_word' id='word_1_124' title='bbox 117 859 188 880; x_wconf 87' lang='lat' dir='ltr'><strong>rum</strong></span> <span class='ocrx_word' id='word_1_125' title='bbox 203 850 312 885; x_wconf 84' lang='lat' dir='ltr'><strong>minas,</strong></span> <span class='ocrx_word' id='word_1_126' title='bbox 329 860 404 891; x_wconf 90' lang='lat' dir='ltr'><strong>quas</strong></span> <span class='ocrx_word' id='word_1_127' title='bbox 425 856 495 880; x_wconf 88' lang='lat' dir='ltr'><strong>ante</strong></span> <span class='ocrx_word' id='word_1_128' title='bbox 514 849 723 888; x_wconf 82' lang='lat' dir='ltr'><strong>horrebamus,</strong></span> <span class='ocrx_word' id='word_1_129' title='bbox 745 850 898 891; x_wconf 87' lang='lat' dir='ltr'><strong>negligere</strong></span> <span class='ocrx_word' id='word_1_130' title='bbox 919 850 1012 891; x_wconf 89' lang='lat' dir='ltr'><strong>coepi-</strong></span> 
     </span>
     <span class='ocr_line' id='line_1_19' title="bbox 117 892 1010 929; baseline 0.001 -6"><span class='ocrx_word' id='word_1_131' title='bbox 117 903 198 924; x_wconf 86' lang='lat' dir='ltr'><strong>mus.</strong></span> <span class='ocrx_word' id='word_1_132' title='bbox 222 893 255 924; x_wconf 86' lang='lat' dir='ltr'><strong>Si</strong></span> <span class='ocrx_word' id='word_1_133' title='bbox 270 904 360 924; x_wconf 87' lang='lat' dir='ltr'><strong>causa</strong></span> <span class='ocrx_word' id='word_1_134' title='bbox 374 903 446 924; x_wconf 91' lang='lat' dir='ltr'><strong>cum</strong></span> <span class='ocrx_word' id='word_1_135' title='bbox 461 892 550 923; x_wconf 72' lang='lat' dir='ltr'><strong>causa</strong></span> <span class='ocrx_word' id='word_1_136' title='bbox 567 893 780 929; x_wconf 86' lang='lat' dir='ltr'><strong>contenderet;</strong></span> <span class='ocrx_word' id='word_1_137' title='bbox 803 903 859 924; x_wconf 91' lang='lat' dir='ltr'><strong>nos</strong></span> <span class='ocrx_word' id='word_1_138' title='bbox 874 900 1010 924; x_wconf 88' lang='lat' dir='ltr'><strong>nostram</strong></span> 
     </span>
     <span class='ocr_line' id='line_1_20' title="bbox 118 936 1010 978; baseline 0.001 -12"><span class='ocrx_word' id='word_1_139' title='bbox 118 936 259 978; x_wconf 83' lang='lat' dir='ltr'><strong>perfacile</strong></span> <span class='ocrx_word' id='word_1_140' title='bbox 274 936 368 967; x_wconf 90' lang='lat' dir='ltr'><strong>cuivis</strong></span> <span class='ocrx_word' id='word_1_141' title='bbox 383 937 561 977; x_wconf 86' lang='lat' dir='ltr'><strong>probaturos</strong></span> <span class='ocrx_word' id='word_1_142' title='bbox 577 938 794 967; x_wconf 86' lang='lat' dir='ltr'><strong>statuebamus.</strong></span> <span class='ocrx_word' id='word_1_143' title='bbox 829 936 924 974; x_wconf 90' lang='lat' dir='ltr'><strong>Quod</strong></span> <span class='ocrx_word' id='word_1_144' title='bbox 939 936 1010 967; x_wconf 85' lang='lat' dir='ltr'><strong>vitae</strong></span> 
     </span>
     <span class='ocr_line' id='line_1_21' title="bbox 118 979 1010 1015; baseline 0 -5"><span class='ocrx_word' id='word_1_145' title='bbox 118 979 195 1010; x_wconf 81' lang='lat' dir='ltr'><strong>ratio</strong></span> <span class='ocrx_word' id='word_1_146' title='bbox 211 989 281 1010; x_wconf 87' lang='lat' dir='ltr'><strong>cum</strong></span> <span class='ocrx_word' id='word_1_147' title='bbox 291 980 407 1010; x_wconf 85' lang='lat' dir='ltr'><strong>ratione</strong></span> <span class='ocrx_word' id='word_1_148' title='bbox 416 979 485 1009; x_wconf 87' lang='lat' dir='ltr'><strong>vitae</strong></span> <span class='ocrx_word' id='word_1_149' title='bbox 497 979 683 1015; x_wconf 87' lang='lat' dir='ltr'><strong>decerneret;</strong></span> <span class='ocrx_word' id='word_1_150' title='bbox 699 979 811 1010; x_wconf 91' lang='lat' dir='ltr'><strong>idcirco</strong></span> <span class='ocrx_word' id='word_1_151' title='bbox 820 979 907 1010; x_wconf 88' lang='lat' dir='ltr'><strong>nobis</strong></span> <span class='ocrx_word' id='word_1_152' title='bbox 917 980 1010 1010; x_wconf 88' lang='lat' dir='ltr'><strong>etiam</strong></span> 
     </span>
     <span class='ocr_line' id='line_1_22' title="bbox 119 1022 1010 1071; baseline 0.001 -18"><span class='ocrx_word' id='word_1_153' title='bbox 119 1023 218 1071; x_wconf 82' lang='lat' dir='ltr'><strong>magis</strong></span> <span class='ocrx_word' id='word_1_154' title='bbox 236 1029 266 1053; x_wconf 91' lang='lat' dir='ltr'><strong>te</strong></span> <span class='ocrx_word' id='word_1_155' title='bbox 287 1023 390 1062; x_wconf 86' lang='lat' dir='ltr'><strong>judice</strong></span> <span class='ocrx_word' id='word_1_156' title='bbox 410 1032 486 1063; x_wconf 90' lang='lat' dir='ltr'><strong>opus</strong></span> <span class='ocrx_word' id='word_1_157' title='bbox 506 1032 568 1052; x_wconf 84' lang='lat' dir='ltr'><strong>esse</strong></span> <span class='ocrx_word' id='word_1_158' title='bbox 591 1022 728 1052; x_wconf 87' lang='lat' dir='ltr'><strong>arbitrati</strong></span> <span class='ocrx_word' id='word_1_159' title='bbox 748 1032 865 1053; x_wconf 87' lang='lat' dir='ltr'><strong>sumus.</strong></span> <span class='ocrx_word' id='word_1_160' title='bbox 895 1022 946 1053; x_wconf 90' lang='lat' dir='ltr'><strong>Ea</strong></span> <span class='ocrx_word' id='word_1_161' title='bbox 963 1033 1010 1054; x_wconf 60' lang='lat' dir='ltr'><strong>res</strong></span> 
     </span>
     <span class='ocr_line' id='line_1_23' title="bbox 119 1065 1010 1114; baseline 0.001 -19"><span class='ocrx_word' id='word_1_162' title='bbox 119 1065 203 1096; x_wconf 85' lang='lat' dir='ltr'><strong>enim</strong></span> <span class='ocrx_word' id='word_1_163' title='bbox 217 1075 300 1096; x_wconf 89' lang='lat' dir='ltr'><strong>nunc</strong></span> <span class='ocrx_word' id='word_1_164' title='bbox 314 1066 346 1096; x_wconf 89' lang='lat' dir='ltr'><strong>in</strong></span> <span class='ocrx_word' id='word_1_165' title='bbox 362 1065 534 1096; x_wconf 86' lang='lat' dir='ltr'><strong>discrimine</strong></span> <span class='ocrx_word' id='word_1_166' title='bbox 549 1071 696 1113; x_wconf 79' lang='lat' dir='ltr'><strong>versatur,¹</strong></span> <span class='ocrx_word' id='word_1_167' title='bbox 710 1070 854 1095; x_wconf 81' lang='lat' dir='ltr'><strong>utrumne</strong></span> <span class='ocrx_word' id='word_1_168' title='bbox 869 1066 971 1114; x_wconf 79' lang='lat' dir='ltr'><strong>possit</strong></span> <span class='ocrx_word' id='word_1_169' title='bbox 977 1075 1010 1096; x_wconf 85' lang='lat' dir='ltr'><strong>se</strong></span> 
     </span>
     <span class='ocr_line' id='line_1_24' title="bbox 119 1108 1012 1150; baseline -0.001 -11"><span class='ocrx_word' id='word_1_170' title='bbox 119 1115 225 1139; x_wconf 83' lang='lat' dir='ltr'><strong>contra</strong></span> <span class='ocrx_word' id='word_1_171' title='bbox 238 1108 394 1139; x_wconf 84' lang='lat' dir='ltr'><strong>luxuriam</strong></span> <span class='ocrx_word' id='word_1_172' title='bbox 410 1118 444 1139; x_wconf 88' lang='lat' dir='ltr'><strong>ac</strong></span> <span class='ocrx_word' id='word_1_173' title='bbox 458 1108 612 1138; x_wconf 83' lang='lat' dir='ltr'><strong>licentiam</strong></span> <span class='ocrx_word' id='word_1_174' title='bbox 624 1108 775 1138; x_wconf 86' lang='lat' dir='ltr'><strong>rusticana</strong></span> <span class='ocrx_word' id='word_1_175' title='bbox 789 1108 843 1138; x_wconf 88' lang='lat' dir='ltr'><strong>illa</strong></span> <span class='ocrx_word' id='word_1_176' title='bbox 857 1116 949 1150; x_wconf 86' lang='lat' dir='ltr'><strong>atque</strong></span> <span class='ocrx_word' id='word_1_177' title='bbox 963 1109 1012 1138; x_wconf 88' lang='lat' dir='ltr'><strong>in-</strong></span> 
     </span>
     <span class='ocr_line' id='line_1_25' title="bbox 120 1150 1012 1193; baseline -0.001 -10"><span class='ocrx_word' id='word_1_178' title='bbox 120 1152 203 1183; x_wconf 86' lang='lat' dir='ltr'><strong>culta</strong></span> <span class='ocrx_word' id='word_1_179' title='bbox 226 1151 413 1192; x_wconf 82' lang='lat' dir='ltr'><strong>parcimonia</strong></span> <span class='ocrx_word' id='word_1_180' title='bbox 433 1150 614 1187; x_wconf 80' lang='lat' dir='ltr'><strong>defendere3</strong></span> <span class='ocrx_word' id='word_1_181' title='bbox 646 1161 697 1189; x_wconf 90' lang='lat' dir='ltr'><strong>an,</strong></span> <span class='ocrx_word' id='word_1_182' title='bbox 719 1151 898 1189; x_wconf 85' lang='lat' dir='ltr'><strong>deformata,</strong></span> <span class='ocrx_word' id='word_1_183' title='bbox 918 1158 1012 1193; x_wconf 87' lang='lat' dir='ltr'><strong>atque</strong></span> 
     </span>
     <span class='ocr_line' id='line_1_26' title="bbox 119 1194 1013 1236; baseline 0 -11"><span class='ocrx_word' id='word_1_184' title='bbox 119 1194 306 1225; x_wconf 76' lang='lat' dir='ltr'><strong>ornamentis</strong></span> <span class='ocrx_word' id='word_1_185' title='bbox 320 1194 463 1225; x_wconf 82' lang='lat' dir='ltr'><strong>omnibus</strong></span> <span class='ocrx_word' id='word_1_186' title='bbox 483 1194 621 1235; x_wconf 88' lang='lat' dir='ltr'><strong>spoliata,</strong></span> <span class='ocrx_word' id='word_1_187' title='bbox 643 1194 727 1224; x_wconf 86' lang='lat' dir='ltr'><strong>nuda</strong></span> <span class='ocrx_word' id='word_1_188' title='bbox 746 1194 905 1235; x_wconf 86' lang='lat' dir='ltr'><strong>cupiditati</strong></span> <span class='ocrx_word' id='word_1_189' title='bbox 922 1202 1013 1236; x_wconf 82' lang='lat' dir='ltr'><strong>petu-</strong></span> 
     </span>
     <span class='ocr_line' id='line_1_27' title="bbox 120 1237 656 1279; baseline -0.002 -11"><span class='ocrx_word' id='word_1_190' title='bbox 120 1237 284 1279; x_wconf 81' lang='lat' dir='ltr'><strong>lantiaeque</strong></span> <span class='ocrx_word' id='word_1_191' title='bbox 298 1237 464 1268; x_wconf 86' lang='lat' dir='ltr'><strong>addicatur.</strong></span> <span class='ocrx_word' id='word_1_192' title='bbox 511 1237 528 1254; x_wconf 50' lang='grc' dir='ltr'><strong>’ἒ</strong></span> <span class='ocrx_word' id='word_1_193' title='bbox 575 1237 592 1253; x_wconf 70' lang='grc'><strong>“</strong></span> <span class='ocrx_word' id='word_1_194' title='bbox 639 1237 656 1253; x_wconf 79' lang='lat'>¹</span> 
     </span>
    </p>

    <p class='ocr_par' dir='ltr' id='par_1_6' title="bbox 120 1279 1023 1839">
     <span class='ocr_line' id='line_1_28' title="bbox 165 1279 1012 1321; baseline 0 -10"><span class='ocrx_word' id='word_1_195' title='bbox 165 1281 239 1312; x_wconf 90' lang='lat' dir='ltr'><strong>Non</strong></span> <span class='ocrx_word' id='word_1_196' title='bbox 254 1287 408 1321; x_wconf 81' lang='lat' dir='ltr'><strong>comparat</strong></span> <span class='ocrx_word' id='word_1_197' title='bbox 423 1291 454 1310; x_wconf 89' lang='lat' dir='ltr'><strong>se</strong></span> <span class='ocrx_word' id='word_1_198' title='bbox 469 1286 570 1311; x_wconf 89' lang='lat' dir='ltr'><strong>tecum</strong></span> <span class='ocrx_word' id='word_1_199' title='bbox 589 1279 689 1320; x_wconf 69' lang='lat' dir='ltr'><strong>gratia</strong></span> <span class='ocrx_word' id='word_1_200' title='bbox 708 1281 746 1310; x_wconf 92' lang='lat' dir='ltr'><strong>P.</strong></span> <span class='ocrx_word' id='word_1_201' title='bbox 763 1280 922 1319; x_wconf 79' lang='lat' dir='ltr'><strong>Quintius,</strong></span> <span class='ocrx_word' id='word_1_202' title='bbox 939 1281 1012 1312; x_wconf 81' lang='lat' dir='ltr'><strong>Sex.</strong></span> 
     </span>
     <span class='ocr_line' id='line_1_29' title="bbox 121 1323 1013 1364; baseline 0 -10"><span class='ocrx_word' id='word_1_203' title='bbox 121 1323 233 1356; x_wconf 83' lang='lat' dir='ltr'><strong>Naevi:</strong></span> <span class='ocrx_word' id='word_1_204' title='bbox 256 1333 319 1354; x_wconf 88' lang='grc'>11011</span> <span class='ocrx_word' id='word_1_205' title='bbox 333 1323 454 1364; x_wconf 78' lang='lat' dir='ltr'><strong>opibus.</strong></span> <span class='ocrx_word' id='word_1_206' title='bbox 470 1333 531 1353; x_wconf 91' lang='lat' dir='ltr'><strong>non</strong></span> <span class='ocrx_word' id='word_1_207' title='bbox 546 1323 690 1353; x_wconf 86' lang='lat' dir='ltr'><strong>facultate</strong></span> <span class='ocrx_word' id='word_1_208' title='bbox 705 1324 869 1354; x_wconf 83' lang='lat' dir='ltr'><strong>contendit.</strong></span> <span class='ocrx_word' id='word_1_209' title='bbox 893 1324 1013 1355; x_wconf 87' lang='lat' dir='ltr'><strong>Omnes</strong></span> 
     </span>
     <span class='ocr_line' id='line_1_30' title="bbox 120 1366 1015 1408; baseline -0.001 -10"><span class='ocrx_word' id='word_1_210' title='bbox 120 1373 189 1398; x_wconf 80' lang='lat' dir='ltr'><strong>tuas</strong></span> <span class='ocrx_word' id='word_1_211' title='bbox 203 1373 292 1401; x_wconf 74' lang='lat' dir='ltr'><strong>artes,</strong></span> <span class='ocrx_word' id='word_1_212' title='bbox 308 1367 420 1408; x_wconf 89' lang='lat' dir='ltr'><strong>quibus</strong></span> <span class='ocrx_word' id='word_1_213' title='bbox 435 1372 469 1396; x_wconf 89' lang='lat' dir='ltr'><strong>tu</strong></span> <span class='ocrx_word' id='word_1_214' title='bbox 484 1376 615 1407; x_wconf 86' lang='lat' dir='ltr'><strong>magnus</strong></span> <span class='ocrx_word' id='word_1_215' title='bbox 630 1376 672 1404; x_wconf 86' lang='lat' dir='ltr'><strong>es,</strong></span> <span class='ocrx_word' id='word_1_216' title='bbox 683 1366 738 1396; x_wconf 91' lang='lat' dir='ltr'><strong>tibi</strong></span> <span class='ocrx_word' id='word_1_217' title='bbox 753 1367 898 1397; x_wconf 80' lang='lat' dir='ltr'><strong>concedit.</strong></span> <span class='ocrx_word' id='word_1_218' title='bbox 922 1367 948 1398; x_wconf 92' lang='lat' dir='ltr'><strong>F</strong></span> <span class='ocrx_word' id='word_1_219' title='bbox 950 1373 1015 1397; x_wconf 90' lang='lat' dir='ltr'><strong>ate-</strong></span> 
     </span>
     <span class='ocr_line' id='line_1_31' title="bbox 121 1409 1012 1451; baseline -0.001 -10"><span class='ocrx_word' id='word_1_220' title='bbox 121 1416 183 1449; x_wconf 83' lang='lat' dir='ltr'><strong>tur,</strong></span> <span class='ocrx_word' id='word_1_221' title='bbox 209 1420 241 1440; x_wconf 89' lang='lat' dir='ltr'><strong>se</strong></span> <span class='ocrx_word' id='word_1_222' title='bbox 262 1420 325 1440; x_wconf 89' lang='lat' dir='ltr'><strong>non</strong></span> <span class='ocrx_word' id='word_1_223' title='bbox 345 1410 424 1440; x_wconf 92' lang='lat' dir='ltr'><strong>belle</strong></span> <span class='ocrx_word' id='word_1_224' title='bbox 445 1409 554 1447; x_wconf 87' lang='lat' dir='ltr'><strong>dicere,</strong></span> <span class='ocrx_word' id='word_1_225' title='bbox 576 1419 638 1439; x_wconf 90' lang='lat' dir='ltr'><strong>non</strong></span> <span class='ocrx_word' id='word_1_226' title='bbox 657 1409 697 1439; x_wconf 91' lang='lat' dir='ltr'><strong>ad</strong></span> <span class='ocrx_word' id='word_1_227' title='bbox 717 1409 905 1440; x_wconf 89' lang='lat' dir='ltr'><strong>voluntatem</strong></span> <span class='ocrx_word' id='word_1_228' title='bbox 925 1410 1012 1451; x_wconf 92' lang='lat' dir='ltr'><strong>loqui</strong></span> 
     </span>
     <span class='ocr_line' id='line_1_32' title="bbox 122 1452 1015 1494; baseline 0 -11"><span class='ocrx_word' id='word_1_229' title='bbox 122 1463 228 1494; x_wconf 82' lang='lat' dir='ltr'><strong>posse;</strong></span> <span class='ocrx_word' id='word_1_230' title='bbox 253 1463 314 1483; x_wconf 88' lang='lat' dir='ltr'><strong>non</strong></span> <span class='ocrx_word' id='word_1_231' title='bbox 329 1454 368 1483; x_wconf 91' lang='lat' dir='ltr'><strong>ab</strong></span> <span class='ocrx_word' id='word_1_232' title='bbox 384 1452 496 1482; x_wconf 74' lang='lat' dir='ltr'><strong>afflicta</strong></span> <span class='ocrx_word' id='word_1_233' title='bbox 511 1452 644 1482; x_wconf 72' lang='lat' dir='ltr'><strong>amicitia</strong></span> <span class='ocrx_word' id='word_1_234' title='bbox 656 1452 854 1493; x_wconf 86' lang='lat' dir='ltr'><strong>transfugere,</strong></span> <span class='ocrx_word' id='word_1_235' title='bbox 871 1459 963 1494; x_wconf 88' lang='lat' dir='ltr'><strong>atque</strong></span> <span class='ocrx_word' id='word_1_236' title='bbox 974 1453 1015 1483; x_wconf 89' lang='lat' dir='ltr'><strong>ad</strong></span> 
     </span>
     <span class='ocr_line' id='line_1_33' title="bbox 124 1495 1016 1536; baseline 0 -10"><span class='ocrx_word' id='word_1_237' title='bbox 124 1496 282 1527; x_wconf 88' lang='lat' dir='ltr'><strong>florentem</strong></span> <span class='ocrx_word' id='word_1_238' title='bbox 291 1496 384 1527; x_wconf 83' lang='lat' dir='ltr'><strong>aliam</strong></span> <span class='ocrx_word' id='word_1_239' title='bbox 400 1495 558 1531; x_wconf 79' lang='lat' dir='ltr'><strong>devolare;</strong></span> <span class='ocrx_word' id='word_1_240' title='bbox 582 1505 644 1525; x_wconf 90' lang='lat' dir='ltr'><strong>non</strong></span> <span class='ocrx_word' id='word_1_241' title='bbox 658 1495 789 1536; x_wconf 89' lang='lat' dir='ltr'><strong>profusis</strong></span> <span class='ocrx_word' id='word_1_242' title='bbox 802 1497 953 1526; x_wconf 89' lang='lat' dir='ltr'><strong>sumtibus</strong></span> <span class='ocrx_word' id='word_1_243' title='bbox 968 1496 1016 1526; x_wconf 89' lang='lat' dir='ltr'><strong>vi-</strong></span> 
     </span>
     <span class='ocr_line' id='line_1_34' title="bbox 124 1538 1015 1579; baseline 0 -10"><span class='ocrx_word' id='word_1_244' title='bbox 124 1550 209 1575; x_wconf 84' lang='lat' dir='ltr'><strong>vere;</strong></span> <span class='ocrx_word' id='word_1_245' title='bbox 226 1549 288 1570; x_wconf 87' lang='lat' dir='ltr'><strong>non</strong></span> <span class='ocrx_word' id='word_1_246' title='bbox 300 1549 406 1569; x_wconf 90' lang='lat' dir='ltr'><strong>ornare</strong></span> <span class='ocrx_word' id='word_1_247' title='bbox 420 1539 581 1579; x_wconf 84' lang='lat' dir='ltr'><strong>magnifice</strong></span> <span class='ocrx_word' id='word_1_248' title='bbox 593 1538 810 1579; x_wconf 87' lang='lat' dir='ltr'><strong>splendideque</strong></span> <span class='ocrx_word' id='word_1_249' title='bbox 821 1539 1015 1575; x_wconf 78' lang='lat' dir='ltr'><strong>convivium3</strong></span> 
     </span>
     <span class='ocr_line' id='line_1_35' title="bbox 125 1581 1015 1622; baseline 0 -10"><span class='ocrx_word' id='word_1_250' title='bbox 125 1592 187 1613; x_wconf 90' lang='lat' dir='ltr'><strong>non</strong></span> <span class='ocrx_word' id='word_1_251' title='bbox 206 1582 316 1612; x_wconf 88' lang='lat' dir='ltr'><strong>habere</strong></span> <span class='ocrx_word' id='word_1_252' title='bbox 335 1582 463 1612; x_wconf 88' lang='lat' dir='ltr'><strong>domum</strong></span> <span class='ocrx_word' id='word_1_253' title='bbox 479 1582 612 1612; x_wconf 87' lang='lat' dir='ltr'><strong>clausam</strong></span> <span class='ocrx_word' id='word_1_254' title='bbox 628 1581 737 1622; x_wconf 91' lang='lat' dir='ltr'><strong>pudori</strong></span> <span class='ocrx_word' id='word_1_255' title='bbox 753 1588 782 1612; x_wconf 91' lang='lat' dir='ltr'><strong>et</strong></span> <span class='ocrx_word' id='word_1_256' title='bbox 796 1582 1015 1620; x_wconf 85' lang='lat' dir='ltr'><strong>sanctimoniae,</strong></span> 
     </span>
     <span class='ocr_line' id='line_1_36' title="bbox 126 1624 1017 1666; baseline 0 -11"><span class='ocrx_word' id='word_1_257' title='bbox 126 1631 281 1666; x_wconf 68' lang='lat' dir='ltr'><strong>patentem</strong></span> <span class='ocrx_word' id='word_1_258' title='bbox 296 1630 387 1665; x_wconf 87' lang='lat' dir='ltr'><strong>atque</strong></span> <span class='ocrx_word' id='word_1_259' title='bbox 402 1624 476 1655; x_wconf 83' lang='lat' dir='ltr'><strong>adeo</strong></span> <span class='ocrx_word' id='word_1_260' title='bbox 492 1624 661 1665; x_wconf 81' lang='lat' dir='ltr'><strong>expositam</strong></span> <span class='ocrx_word' id='word_1_261' title='bbox 681 1624 840 1665; x_wconf 84' lang='lat' dir='ltr'><strong>cupiditati</strong></span> <span class='ocrx_word' id='word_1_262' title='bbox 860 1631 890 1656; x_wconf 85' lang='lat' dir='ltr'><strong>et</strong></span> <span class='ocrx_word' id='word_1_263' title='bbox 907 1625 1017 1665; x_wconf 88' lang='lat' dir='ltr'><strong>volup-</strong></span> 
     </span>
     <span class='ocr_line' id='line_1_37' title="bbox 128 1667 1016 1708; baseline 0 -10"><span class='ocrx_word' id='word_1_264' title='bbox 128 1668 241 1698; x_wconf 86' lang='lat' dir='ltr'><strong>tatibus</strong></span> <span class='ocrx_word' id='word_1_265' title='bbox 253 1680 261 1698; x_wconf 87' lang='lat'>:</span> <span class='ocrx_word' id='word_1_266' title='bbox 286 1675 400 1706; x_wconf 83' lang='lat' dir='ltr'><strong>contra,</strong></span> <span class='ocrx_word' id='word_1_267' title='bbox 417 1668 474 1698; x_wconf 90' lang='lat' dir='ltr'><strong>sibi</strong></span> <span class='ocrx_word' id='word_1_268' title='bbox 485 1667 631 1705; x_wconf 85' lang='lat' dir='ltr'><strong>officium,</strong></span> <span class='ocrx_word' id='word_1_269' title='bbox 642 1667 747 1704; x_wconf 78' lang='lat' dir='ltr'><strong>fidem,</strong></span> <span class='ocrx_word' id='word_1_270' title='bbox 759 1668 961 1708; x_wconf 87' lang='lat' dir='ltr'><strong>diligentiam,</strong></span> <span class='ocrx_word' id='word_1_271' title='bbox 972 1668 1016 1698; x_wconf 83' lang='lat' dir='ltr'><strong>vi-</strong></span> 
     </span>
     <span class='ocr_line' id='line_1_38' title="bbox 127 1710 1018 1752; baseline 0.001 -12"><span class='ocrx_word' id='word_1_272' title='bbox 127 1717 192 1741; x_wconf 85' lang='lat' dir='ltr'><strong>tam</strong></span> <span class='ocrx_word' id='word_1_273' title='bbox 215 1711 340 1742; x_wconf 87' lang='lat' dir='ltr'><strong>omnino</strong></span> <span class='ocrx_word' id='word_1_274' title='bbox 364 1721 482 1752; x_wconf 88' lang='lat' dir='ltr'><strong>semper</strong></span> <span class='ocrx_word' id='word_1_275' title='bbox 502 1710 656 1741; x_wconf 86' lang='lat' dir='ltr'><strong>horridam</strong></span> <span class='ocrx_word' id='word_1_276' title='bbox 680 1716 772 1751; x_wconf 90' lang='lat' dir='ltr'><strong>atque</strong></span> <span class='ocrx_word' id='word_1_277' title='bbox 792 1711 910 1741; x_wconf 87' lang='lat' dir='ltr'><strong>aridam</strong></span> <span class='ocrx_word' id='word_1_278' title='bbox 935 1711 1018 1742; x_wconf 88' lang='lat' dir='ltr'><strong>cordi</strong></span> 
     </span>
     <span class='ocr_line' id='line_1_39' title="bbox 127 1754 1019 1796; baseline 0 -12"><span class='ocrx_word' id='word_1_279' title='bbox 127 1754 232 1784; x_wconf 82' lang='lat' dir='ltr'><strong>fuisse.</strong></span> <span class='ocrx_word' id='word_1_280' title='bbox 266 1754 331 1785; x_wconf 88' lang='lat' dir='ltr'><strong>Ista</strong></span> <span class='ocrx_word' id='word_1_281' title='bbox 350 1755 505 1796; x_wconf 89' lang='lat' dir='ltr'><strong>superiora</strong></span> <span class='ocrx_word' id='word_1_282' title='bbox 524 1764 598 1785; x_wconf 86' lang='lat' dir='ltr'><strong>esse.</strong></span> <span class='ocrx_word' id='word_1_283' title='bbox 614 1763 648 1784; x_wconf 83' lang='lat' dir='ltr'><strong>ac</strong></span> <span class='ocrx_word' id='word_1_284' title='bbox 665 1754 836 1795; x_wconf 86' lang='lat' dir='ltr'><strong>plurimum</strong></span> <span class='ocrx_word' id='word_1_285' title='bbox 856 1764 954 1795; x_wconf 85' lang='lat' dir='ltr'><strong>posse,</strong></span> <span class='ocrx_word' id='word_1_286' title='bbox 970 1754 1019 1784; x_wconf 89' lang='lat' dir='ltr'><strong>his</strong></span> 
     </span>
     <span class='ocr_line' id='line_1_40' title="bbox 126 1796 1023 1839; baseline -0.001 -11"><span class='ocrx_word' id='word_1_287' title='bbox 126 1796 278 1836; x_wconf 87' lang='lat' dir='ltr'><strong>moribus,</strong></span> <span class='ocrx_word' id='word_1_288' title='bbox 294 1797 395 1828; x_wconf 78' lang='lat' dir='ltr'><strong>sentit.</strong></span> <span class='ocrx_word' id='word_1_289' title='bbox 427 1797 513 1836; x_wconf 88' lang='lat' dir='ltr'><strong>Quid</strong></span> <span class='ocrx_word' id='word_1_290' title='bbox 528 1807 599 1839; x_wconf 86' lang='lat' dir='ltr'><strong>ergo</strong></span> <span class='ocrx_word' id='word_1_291' title='bbox 619 1799 687 1828; x_wconf 79' lang='lat' dir='ltr'><strong>est?</strong></span> <span class='ocrx_word' id='word_1_292' title='bbox 711 1797 786 1828; x_wconf 87' lang='lat' dir='ltr'><strong>Non</strong></span> <span class='ocrx_word' id='word_1_293' title='bbox 806 1807 904 1839; x_wconf 89' lang='lat' dir='ltr'><strong>usque</strong></span> <span class='ocrx_word' id='word_1_294' title='bbox 923 1807 958 1829; x_wconf 84' lang='lat' dir='ltr'><strong>eo</strong></span> <span class='ocrx_word' id='word_1_295' title='bbox 977 1803 1023 1827; x_wconf 86' lang='lat' dir='ltr'><strong>ta-</strong></span> 
     </span>
    </p>
   </div>
  </div>
 </body>
</html>
