1181 1902
234 72 298 103 436
422 73 472 103 IN
496 72 692 104 VERREM
716 74 757 105 V.
781 74 867 105 CAP.
885 75 937 104 51.

233 168 386 189 sacrorum
402 164 593 197 vetustatem,
614 159 678 190 fani
693 159 881 200 religionem,
897 159 983 191 istius
998 160 1120 191 scelera-

232 200 341 232 tissimi
357 208 449 243 atque
460 202 650 233 audacissimi
666 203 815 244 supplicio
830 203 945 244 expiari
961 203 1119 234 volebant:

233 244 338 274 omnia
352 255 384 275 se
398 251 504 276 caetera
518 246 582 286 pati
597 256 631 276 ac
648 246 799 286 negligere
818 245 966 277 dicebant.
991 246 1053 276 Hic
1068 246 1122 276 do-

233 286 280 317 lor
295 294 359 318 erat
373 294 488 326 tantus,
507 294 543 318 ut
558 288 679 327 Verres,
701 289 776 319 alter
796 289 908 325 Orcus,
924 289 1040 319 venisse
1055 288 1122 318 En-

233 338 318 367 nam,
335 336 364 361 et
379 341 440 361 non
457 331 669 372 Proserpinam
689 331 866 372 asportasse,
882 332 933 362 sed
956 332 1053 372 ipsam
1069 333 1123 362 ab-

233 372 361 413 ripuisse
385 373 538 411 Cererem,
554 374 714 404 videretur.
743 375 866 405 Etenim
891 376 963 404 urbs
986 375 1038 404 illa
1061 384 1121 404 non

234 417 307 446 urbs
323 417 453 455 videtur,
465 417 516 447 sed
531 417 638 447 fanum
652 417 779 455 Cereris,
793 428 865 448 esse.
884 417 1031 447 Habitare
1041 417 1123 458 apud

232 468 296 489 sese
310 459 450 491 Cererem
466 461 623 492 Ennenses
638 461 841 497 arbitrantur3
866 466 900 492 ut
915 460 991 490 mihi
1006 470 1065 490 non
1082 460 1124 491 ci-

232 511 283 532 ves
295 502 376 533 illius
391 503 530 540 civitatis,
546 503 597 534 sed
612 513 716 534 omnes
731 503 907 540 sacerdotes,
920 514 1025 533 omnes
1040 513 1123 534 acco-

234 544 284 582 lae,
301 551 393 586 atque
408 546 555 577 antistites
568 546 694 584 Cereris,
712 557 773 577 esse
783 546 951 576 videantur.

276 588 370 618 Enna
385 595 418 619 tu
428 589 625 620 simulacrum
638 590 754 620 Cereris
764 590 868 620 tollere
877 589 1009 620 audebat*-
1020 591 1034 620 Ρ
1058 589 1125 619 En·

235 640 284 661 nae
296 637 329 661 tu
340 632 378 663 de
393 642 488 663 manu
505 632 621 663 Cereris
633 632 801 663 Victoriam
817 632 962 673 deripere,
979 638 1009 663 et
1025 631 1125 662 Deam

234 674 313 705 Deae
327 674 493 713 detrahere,
517 682 642 706 conatus
666 677 723 706 es?
751 685 881 716 quorum
903 675 980 705 nihil
1001 675 1124 712 violare,

234 717 312 747 nihil
324 718 471 759 attingere
486 718 551 749 ausi
567 724 647 756 sunt,
664 718 696 750 in
712 719 823 759 quibus
835 727 920 748 erant
931 718 1044 754 omnia,
1056 728 1126 758 quae

235 760 338 791 sceleri
360 762 500 802 propiora
529 767 609 798 sunt,
641 771 735 801 qnam
765 761 912 800 religioni.
944 761 1126 791 'senuerunt

235 803 329 841 enim,
347 804 383 834 P.
401 804 533 845 Popillio
553 804 594 834 P.
615 803 743 844 Rupilio
762 803 948 841 consulibus,
972 804 1061 833 illum
1081 803 1127 833 lo-

236 856 307 876 cum
324 846 412 883 servi,
429 847 563 888 fugitivi,
579 846 711 884 barbari,
730 846 840 876 hostes.
871 846 931 877 Sed
948 856 1047 887 neque
1062 851 1126 876 tam

236 889 313 920 servi
325 889 370 920 illi
382 890 590 927 dominorum,
602 900 695 931 quam
706 895 740 919 tu
749 889 913 920 libidinum
926 900 935 925 3
952 899 1050 930 neque
1062 895 1126 919 tam

236 931 359 972 fugitivi
373 933 419 963 illi
434 943 452 963 a
467 933 608 971 dominis,
626 943 719 973 quam
738 938 772 963 tu
788 943 806 962 a
817 933 886 972 jure
902 938 931 962 et
952 943 970 963 a
984 932 1123 972 legibus;

236 984 336 1016 neque
358 981 421 1006 tam
442 976 563 1008 barbari
587 976 695 1016 lingua
720 982 749 1006 et
769 975 890 1005 natione
909 975 966 1012 illi,
983 985 1076 1016 quam
1092 980 1126 1005 tu

236 1018 346 1049 natura
361 1025 390 1049 et
404 1019 540 1050 moribus
553 1030 562 1056 ;
579 1029 679 1059 neque
693 1019 739 1048 illi
751 1024 814 1051 tam
826 1018 925 1048 hostes
937 1018 1125 1057 hominibus,

237 1071 331 1101 quam
357 1068 389 1092 tu
417 1062 486 1092 Diis
510 1061 745 1093 immortalibus.
779 1061 859 1099 Quae
887 1061 1056 1102 deprecatio
1082 1067 1126 1090 est

236 1103 330 1144 igitur
356 1105 382 1135 ei
406 1105 533 1146 reliqua,
556 1104 610 1146 qui
631 1104 811 1145 indignitate
834 1114 943 1141 servos,
960 1103 1128 1134 temeritate

236 1146 392 1188 fugitivos,
414 1148 523 1179 scelere
542 1149 696 1186 barbaros,
718 1146 894 1178 crudelitate
917 1147 1027 1186 hostes,
1049 1146 1127 1177 vice-

237 1189 277 1220 rit
288 1190 302 1219 ?

282 1233 341 1263 LI.
363 1233 507 1264 Audistis
522 1233 733 1271 Theodorum,
758 1238 787 1263 et
807 1232 1006 1271 Numinium,
1023 1238 1052 1263 et
1068 1232 1128 1264 Ni-

237 1277 400 1315 casionem,
427 1278 543 1318 legatos
563 1277 733 1314 Ennenses,
752 1276 873 1316 publice
890 1276 999 1312 dicere,
1023 1285 1087 1305 sese
1109 1285 1128 1305 a

238 1319 300 1350 suis
315 1320 430 1350 civibus
446 1320 510 1350 haec
524 1320 634 1350 habere
649 1319 805 1357 mandata,
822 1324 857 1348 ut
871 1319 909 1349 ad
930 1319 1058 1350 Verrem
1074 1318 1129 1348 ad-

237 1362 327 1399 irent,
345 1369 373 1393 et
389 1373 460 1393 eum
482 1363 679 1393 simulacrum
691 1362 807 1392 Cereris
827 1369 857 1392 et
869 1361 1012 1392 Victoriae
1027 1371 1129 1402 repos-

238 1412 357 1436 cerent:
381 1406 412 1436 id
429 1406 454 1436 si
474 1406 697 1447 impetrassent,
720 1411 788 1435 tum
808 1410 843 1435 ut
863 1415 980 1435 morem
996 1410 1127 1434 veterem

236 1447 431 1479 Ennensium
453 1454 681 1485 conservarent;
705 1448 825 1489 publice
845 1447 877 1478 in
903 1458 973 1478 eum
994 1446 1129 1481 (tametsi

238 1491 375 1522 vexasset
390 1491 540 1529 Siciliam)
560 1498 673 1528 tamen,
690 1491 835 1531 quoniam
849 1490 913 1521 haec
928 1501 946 1520 a
961 1490 1128 1529 majoribus

238 1535 401 1565 constituta
415 1536 607 1576 accepissent,
624 1534 829 1564 testimonium
846 1544 883 1563 ne
893 1533 974 1574 quod
987 1533 1130 1564 (licerent.

238 1577 293 1608 Sin
311 1584 414 1608 autem
435 1588 469 1608 ea
489 1588 550 1609 non
573 1577 760 1614 reddidisset,
777 1583 845 1607 tum
860 1582 895 1606 ut
908 1576 1022 1615 judicio
1042 1575 1128 1606 ades-

238 1626 316 1659 sent,
333 1626 400 1651 tum
425 1622 470 1651 uti
488 1621 526 1652 de
546 1622 612 1660 ejus
629 1620 750 1659 injuriis
769 1619 886 1659 judices
901 1619 1051 1655 docerent,
1075 1618 1127 1649 sed

236 1664 336 1695 inulto
345 1664 479 1694 maxime
491 1664 528 1694 de
537 1663 681 1704 religione
693 1668 897 1704 quererentur.
909 1663 996 1700 Quas
1005 1661 1127 1691 illorum

237 1706 441 1748 querimonias
455 1707 548 1737 nolite
569 1710 636 1747 (per
651 1706 733 1736 Deos
753 1705 940 1735 immortales
955 1703 980 1743 l)
1004 1703 1127 1745 adsper-

236 1751 313 1788 nari,
330 1750 423 1781 nolite
441 1755 631 1781 contemnere
643 1759 677 1780 ac
691 1748 853 1789 negligere,
868 1748 994 1787 judices.
1019 1747 1131 1788 Agun-
