1181 1902
170 88 230 127 ω
357 86 406 115 IN
432 84 625 116 VERREM
653 86 692 116 v.
717 86 802 118 ω.
819 89 871 123 67.

168 173 268 202 rintne
291 181 399 201 navem
426 171 593 202 onerariam
613 172 782 202 maximam
806 173 937 215 publice,
962 184 1055 214 quam

166 214 254 245 Verri
269 214 404 244 dederint
415 214 452 244 ?''
475 224 585 254 negare
599 224 660 245 non
675 220 826 255 poterunt.
860 219 882 234 “
905 217 1055 247 Frumen-

166 264 273 288 tumne
285 258 322 287 ab
338 257 385 286 his
401 257 542 287 sumserit
554 257 675 293 Verres,
690 258 771 298 quod
787 260 902 299 populo
911 260 1053 289 Romano

165 301 310 337 mitteret,
342 299 428 330 sicuti
458 300 623 340 superiores
640 301 677 330 ?'’
711 303 875 341 negabunt.
927 306 949 320 ‘⁶
967 302 1052 339 Quid

164 343 299 373 militum
325 348 378 372 aut
401 348 565 372 nautarum
594 354 647 383 per
677 343 840 374 triennium
869 344 1005 375 dederint
1015 345 1053 373 ?''

165 386 286 416 nullum
313 385 419 415 datum
442 386 550 415 dicent.
586 386 692 416 Fuisse
712 386 887 417 Messanam
914 388 1053 418 omnium

165 430 250 459 istius
276 428 428 458 furtorum
454 439 488 458 ac
512 429 683 469 praedarum
713 430 917 470 receptricem,
944 441 1054 471 negare

165 482 225 502 non
241 477 391 512 poterunt.
416 471 574 501 Permulta
588 472 693 502 multis
705 472 832 502 navibus
848 473 930 504 minc
946 484 1054 514 expor-

164 520 245 552 tata3
267 515 345 545 hanc
360 524 469 544 navem
486 513 616 555 denique
632 515 811 552 maximam,
825 526 843 545 a
858 516 1053 546 Mamertinis

163 558 277 595 datam,
305 562 444 587 onustam
462 567 532 587 cum
551 557 608 587 isto
629 564 754 597 praetore
774 558 950 598 profectam,
977 559 1052 589 fate-

164 603 289 631 buntur.
313 600 521 637 Quamobrem
537 600 592 629 tibi
608 600 686 630 habe
701 611 772 631 sane
792 601 881 631 istam
902 602 1052 632 laudatio-

164 654 234 674 nem
251 643 469 673 Mamertinam
484 654 491 672 :
517 644 736 683 Syracusanam
748 644 871 684 quidem
887 645 1050 683 civitatem,

162 693 197 716 ut
212 688 265 717 abs
280 692 309 716 te
324 686 430 716 affecta
439 692 493 722 est,
508 685 550 715 ita
561 686 592 715 in
603 693 632 715 te
644 696 705 716 esse
715 687 879 716 animatam
891 688 1046 718 videmus:

163 730 246 771 apud
266 740 341 770 quos
357 729 447 758 etiam
469 729 583 758 Verrea
600 729 653 758 illa
673 728 821 768 flagitiosa
836 731 955 760 sublata
970 736 1050 761 sunt.

161 773 287 804 Etenim
302 772 430 801 minime
445 771 650 808 conveniebat,
662 771 689 801 ei
702 771 839 801 Deorum
854 773 981 803 honores
996 774 1051 803 ha-

161 816 237 852 beri,
254 815 307 855 qui
324 815 484 844 simulacra
500 813 636 843 Deorum
654 814 831 844 sustulisset.
852 815 955 845 Etiam
973 819 1050 849 (me-

160 858 297 897 hercule)
315 858 391 887 iHud
406 857 436 886 in
448 857 641 897 Syracusanis
653 857 760 887 merito
772 858 1049 898 reprehenderetur,

162 902 198 939 si,
215 911 285 932 cum
301 900 381 931 diem
398 900 508 930 festum
524 900 666 929 ludorum
686 900 723 930 de
738 900 821 930 fastis
837 901 897 931 suis
913 902 1050 932 sustulis-

162 950 228 975 sent
243 943 471 974 celeberrimum
488 949 517 973 et
531 943 765 979 sanctissimum,
780 943 861 983 quod
877 954 911 974 eo
921 944 986 985 ipso
1001 945 1050 975 dic

161 988 316 1028 Syracusae
331 997 348 1016 a
362 986 508 1016 Marcello
521 991 615 1025 captae
624 996 686 1015 esse
695 984 847 1023 dicuutur,
861 986 951 1016 iidem
968 987 1049 1017 diem

160 1030 271 1060 festum
283 1029 386 1060 Verris
402 1028 524 1059 nomine
536 1034 675 1068 agerent;
693 1038 763 1058 cum
776 1028 830 1059 iste
842 1030 1048 1070 Syracusanis,

162 1083 232 1114 quae
240 1073 291 1102 ille
301 1072 492 1102 ca'amitosus
502 1071 564 1101 dies
580 1071 744 1112 reliquerit,
758 1072 926 1102 ademisset.
950 1073 994 1102 At
1004 1073 1048 1103 vi-

160 1116 227 1146 dete
234 1115 365 1145 hominis
375 1114 595 1155 impudentiam
604 1120 695 1154 atque
701 1115 915 1155 arrogantiam,
921 1116 1049 1154 judices,

160 1159 213 1200 qui
229 1168 289 1189 non
309 1159 407 1188 solum
424 1158 537 1188 Verrea
551 1157 615 1187 haec
631 1158 732 1198 turpia
742 1168 775 1188 ac
786 1158 912 1188 ridicula
928 1169 965 1188 ex
983 1159 1049 1189 He-

159 1202 242 1232 raclii
265 1201 393 1242 pecunia
417 1200 613 1236 constituerit⁷
636 1210 741 1230 verum
767 1201 857 1231 etiam
882 1201 1049 1232 Marcellea

160 1245 226 1275 tolli
241 1244 417 1285 imperaritg
441 1249 475 1273 ut
490 1243 516 1273 ei
532 1253 613 1273 sacra
628 1243 758 1273 facerent
773 1244 945 1284 quotannis,
962 1245 1048 1283 cujus

160 1287 252 1328 opera
263 1287 400 1317 omnium
413 1296 561 1317 annorum
573 1296 654 1316 sacra
663 1285 805 1327 Deosque
817 1287 930 1327 patrios
940 1288 1048 1317 amise-

161 1336 250 1365 rantg
275 1331 340 1369 ejus
360 1335 461 1360 autem
484 1328 608 1359 familiae
628 1328 690 1358 dies
712 1329 801 1359 festos
825 1330 973 1367 tollerent,
994 1340 1048 1371 per

161 1384 255 1414 quam
270 1379 390 1404 caeteros
405 1382 525 1414 quoque
539 1371 628 1402 festos
640 1372 703 1402 dies
717 1373 939 1413 recuperatam.

287 1555 519 1577 oRA'rIONUM
544 1555 641 1578 TOMI
666 1554 779 1576 PRIMI
803 1555 917 1578 Plle.

337 1766 473 1786 EXCUDIT
495 1767 523 1786 ⁷1¹.
548 1766 697 1793 DAVISON,
719 1767 862 1788 LONDINI.
