1181 1902
262 74 313 107 IN
338 72 534 107 VERREM
557 74 586 106 1.
609 73 694 107 civ.
713 75 763 106 18.
912 76 969 108 151

72 160 220 202 undique,
241 161 445 198 comitiorum,
469 160 625 200 ludorum,
638 161 839 203 censendique
860 163 962 193 causa„

74 205 181 244 Hujus
192 204 300 244 judicii
315 210 345 235 et
359 204 458 234 laudis
477 204 625 239 fructum,
647 210 677 234 et
697 204 869 236 offensionis
883 206 963 247 peri-

73 248 191 286 culum,
215 253 369 283 vestrum3
392 247 539 285 laborem,
561 247 868 289 sollicitudinemque,
893 259 964 279 nos-

73 296 173 327 tram;
197 290 364 327 scientiam,
381 289 455 330 quid
475 295 594 330 agatur,
615 290 868 332 memoriamque,
889 291 966 333 quid

74 344 93 364 a
108 344 231 374 quoque
246 333 361 363 dictum
377 333 426 370 sit,
439 333 579 363 omnium
595 339 670 373 puto
686 344 748 364 esse
762 341 907 374 oportere.

117 376 241 407 Faciam
253 376 310 406 hoc
321 386 383 406 non
398 385 524 413 novum,
538 375 589 406 sed
604 377 642 406 ab
657 376 704 413 iis,
722 376 775 417 qui
786 387 868 408 nunc
880 377 965 418 prin-

73 419 154 460 cipes
170 426 279 450 nostrae
294 419 421 449 civitatis
442 425 524 456 sunt,
544 425 613 449 ante
633 418 760 457 factum,
784 426 819 450 ut
839 421 965 452 testibus

74 469 142 493 utar
157 462 278 493 statim:
302 461 380 493 illud
396 472 414 492 a
428 471 478 492 me
493 471 620 498 novum,
630 461 758 510 judices,
770 463 964 503 cognoscetis,

74 505 157 547 quod
178 505 220 536 ita
235 511 323 536 testes
343 504 537 542 constituam,
558 511 594 534 ut
614 504 727 535 crimen
748 512 847 536 totum
868 507 966 547 expli-

72 559 162 585 cem;
186 548 240 580 ubi
261 548 303 587 id,
324 547 548 588 interrogando,
571 548 770 588 argumentis,
786 555 878 590 atque
898 559 966 580 ora-

74 592 157 622 tione
172 592 341 630 firmavero,
354 596 422 621 tum
434 596 523 621 testes
538 590 576 621 ad
588 590 702 621 crimen
717 592 943 623 accommodem
955 604 964 623 ε

74 640 111 665 ut
133 634 211 665 nihil
239 635 318 665 inter
340 634 428 664 illam
451 634 594 664 usitatam
624 634 845 665 accusationem
874 642 967 676 atque

72 678 153 709 hanc
174 687 286 709 novam
309 676 437 715 intersit,
464 677 523 707 nisi
547 676 631 718 quod
655 677 687 707 in
711 677 766 708 in&
786 684 869 715 tunc,
894 689 965 709 cum

71 721 177 752 omnia
190 721 271 751 dicta
285 726 369 758 sunt,
384 725 474 751 testes
493 720 626 756 dantum
649 720 700 751 hic
721 721 752 751 in
769 721 903 762 singulas
918 732 965 753 res

72 764 229 795 dabuntur
241 775 251 801 ς
275 770 311 795 ut
324 763 384 794 illis
396 773 519 804 quoque
533 763 639 794 eadem
650 763 856 805 interrogandi
870 764 966 795 facul-

75 813 133 846 tas,
149 806 394 848 argumentandi,
411 806 590 847 dicendique
610 806 657 836 sit.
693 806 727 837 Si
741 807 809 848 quis
829 807 895 847 erit,
911 808 966 849 qui

71 856 252 892 perpetuam
266 849 434 881 orationem
449 849 731 890 accusationemque
745 850 903 888 desideret,
920 851 965 881 al-

72 894 138 924 tera
152 893 270 924 actione
284 892 408 924 audiet:
430 902 512 922 nunc
526 892 570 930 id,
592 892 675 933 quod
695 893 835 931 facimus,
852 893 901 928 (ea
915 905 964 925 ra-

73 936 155 967 tione
169 936 309 974 facimus,
326 941 361 966 ut
375 935 501 966 malitiae
515 935 639 965 morum
654 936 778 966 consilio
793 943 895 967 nostro
915 948 965 968 oc-

73 985 246 1016 curramus)
257 978 421 1010 necessario
436 978 501 1009 fieri
515 978 674 1019 intelligat.
698 978 776 1010 Haec
790 980 898 1020 primae
915 991 966 1012 ac-

72 1022 164 1053 tionis
176 1022 232 1053 erit
240 1022 398 1053 accusatio.
415 1021 568 1059 Dicimus,
582 1021 617 1052 C.
629 1021 769 1061 Verrem,
782 1032 853 1053 cum
864 1023 966 1055 multa

72 1065 244 1115 libidinose,
260 1065 360 1095 multa
374 1064 567 1103 crudeliter,
558 1074 591 1094 m
606 1064 684 1095 cives
700 1064 857 1096 Romanos
872 1071 964 1108 atque

72 1108 107 1140 in
121 1109 226 1147 socios,
242 1108 364 1138 multa
355 1118 389 1138 111
400 1107 484 1138 Deos
498 1107 698 1148 hominesque
712 1108 836 1148 nefarie,
848 1108 962 1146 fecerit,

72 1157 143 1183 tum
165 1157 310 1193 praeterea
333 1150 579 1192 quadringenties
605 1151 772 1181 sestertium
799 1162 838 1182 ex
861 1152 965 1184 Sicilia

71 1201 177 1227 contra
190 1195 272 1235 leges
286 1194 452 1225 abstulisse.
476 1193 547 1225 Hoc
561 1194 699 1232 testibus,
709 1194 766 1225 hoc
776 1195 887 1225 tabulis
901 1195 964 1236 pri-

72 1237 161 1276 vatis,
173 1236 363 1279 publicisque
377 1236 617 1275 auctoritatibus,
629 1237 672 1267 ita
683 1237 767 1268 vobis
778 1238 906 1279 planum
917 1238 965 1269 fa-

72 1281 200 1320 ciemus,
215 1286 252 1311 ut
265 1280 322 1311 hoc
337 1280 486 1319 statuatis,
502 1279 594 1310 etiam
610 1279 635 1310 si
654 1280 788 1321 spatium
808 1281 847 1311 ad
861 1281 963 1312 dicen-

71 1324 150 1355 dum
164 1329 265 1354 nostro
284 1323 456 1362 commodo,
471 1333 642 1364 vacuosque
661 1323 724 1354 dies
738 1323 962 1364 habuissemus,

73 1372 176 1400 tamen
190 1367 324 1400 oratione
338 1366 431 1409 longa
442 1366 520 1398 nihil
534 1376 610 1408 opus
623 1366 726 1398 fuisse.
