1181 1902
303 61 354 93 IN
378 62 574 94 VERREM
598 61 640 93 V.
664 61 750 92 CAP.
766 61 818 91 54.
938 60 1001 92 439

117 146 286 178 munitione
301 157 335 179 ac
356 149 438 179 mole
457 148 596 190 lapidum
611 158 629 177 a
643 146 721 177 mari
736 146 905 185 disjunctus
919 152 1005 177 esset.

116 189 225 220 Altera
239 196 342 221 autem
363 197 406 221 est
428 193 501 222 urbs
516 190 681 232 Syracusis,
698 189 747 221 cui
762 199 873 219 nomen
889 189 1008 220 Achra-

117 232 189 263 dina
204 239 268 269 est;
292 233 323 263 in
336 234 398 274 qua
408 233 508 264 forum
521 234 705 270 maximum,
716 232 929 273 pulcherrimae
938 243 1008 273 por-

115 275 204 313 ticus,
217 276 442 307 ornatissimum
455 283 648 318 prytaneum,
661 275 849 316 amplissima
859 281 902 306 est
914 275 1008 314 curia,

116 318 329 359 templumque
355 320 510 360 egregium
530 320 618 349 Jovis
639 319 803 360 Olympii;
832 324 1007 360 caeteraeque

116 361 200 391 urbis
216 368 325 402 partes,
343 362 405 392 una
420 363 482 392 lata
498 362 547 393 via
562 362 709 403 perpetu-21
729 361 895 402 multisque
911 367 1008 391 trans-

118 404 210 434 versis
220 404 334 443 divisae,
347 405 471 446 privatis
482 405 613 436 {edificiis
623 405 823 435 continentur.
848 404 954 435 Tertia
963 410 1008 435 est

116 448 201 485 urbs,
221 457 300 488 quae,
323 448 406 489 quod
426 448 458 478 in
479 449 514 479 ea
533 455 619 489 parte
643 447 669 477 F
671 453 788 478 ortunae
806 447 913 477 fanum
929 447 1008 477 anti„

117 500 216 531 quum
230 490 299 527 fuit,
316 491 425 532 Tycha
447 491 604 522 nominata
618 496 682 527 est3
706 490 739 519 in
755 490 817 530 qua
833 496 862 520 et
876 500 1008 531 gymna-

115 533 196 563 sium
219 533 444 574 amplissimum
468 540 523 571 est,
549 540 579 565 et
602 533 773 574 complures
796 533 873 563 aedes
894 544 1003 564 sacrae:

114 576 284 617 coliturque
296 587 330 607 ea
341 587 411 618 pars
422 583 451 608 et
461 577 616 608 habitatur
624 575 874 617 frequentissime.
888 576 1008 613 Quarta

115 624 219 649 autem
242 625 287 650 est
309 621 392 657 urbs,
415 631 485 661 quae
504 620 592 662 (quia
613 625 766 661 postrema
782 618 929 649 aedificata
949 625 1007 657 est)

116 661 263 702 Neapolis
278 663 476 700 nominatur3
501 673 595 705 quam
610 663 649 693 ad
669 672 836 699 summam,
853 662 1006 692 theatrum

115 709 160 734 est
175 705 367 736 maximum:
392 712 536 747 praeterea
557 706 620 736 duo
641 705 757 746 templa
781 710 852 735 sunt
876 705 1006 745 egregia,

116 746 233 778 Cereris
248 758 357 787 unum,
374 750 504 780 alterurn
520 749 661 785 Iaiberaeg
686 748 870 789 signumque
882 748 1008 788 Apolli-

116 790 174 827 nis,
191 791 245 832 qui
259 792 431 822 Temenites
446 798 580 830 vocatur,
604 791 845 833 pulcherrimum
865 796 894 821 et
908 790 1008 820 maxi-

115 843 224 870 mum;
249 834 331 875 quod
345 835 401 866 iste
416 835 440 867 si
454 842 574 877 portare
584 835 742 877 potuisset,
763 844 825 865 non
840 833 1008 864 dubitasset

115 876 242 907 auferre.

159 919 250 950 LIV.
274 921 307 951 N
309 931 368 951 unc
382 921 422 952 ad
437 921 623 952 Marcellum
638 926 779 959 revertar,
796 930 834 951 ne
848 920 913 951 haec
925 930 944 950 a
957 929 1009 950 me

115 961 180 992 sine
199 963 291 994 causa
311 970 546 995 commemorata
569 975 631 995 esse
646 964 825 999 videantur3
850 963 918 1004 qui,
936 973 1008 993 cum

115 1010 179 1035 tam
191 1006 366 1046 praeclaram
382 1009 490 1038 urbem
502 1007 532 1038 vi
552 1008 706 1049 copiisque
721 1007 858 1048 cepisset,
874 1016 935 1036 non
950 1016 1009 1046 pu-

114 1048 190 1078 tavit
205 1049 244 1079 ad
258 1049 382 1080 laudem
402 1051 508 1092 populi
529 1051 664 1083 Romani
682 1051 739 1081 hoc
754 1050 914 1091 pertinere,
931 1049 1010 1079 hanc

114 1091 385 1131 pulchritudinem,
407 1104 445 1125 ex
465 1093 528 1135 qua
548 1093 715 1135 praesertim
730 1093 807 1123 nihil
821 1092 947 1134 periculi
962 1102 1010 1122 os-

115 1134 300 1173 tenderetur,
327 1136 425 1167 delere
447 1142 476 1167 et
502 1137 703 1178 exstinguere.
742 1137 852 1177 Itaque
875 1135 1009 1165 aedificiis

114 1178 269 1216 omnibus,
294 1180 423 1220 publicis
444 1185 473 1210 et
493 1180 629 1221 privatis,
646 1179 736 1210 sacris
756 1184 786 1210 et
805 1178 950 1220 profanis,
967 1177 1010 1208 sic

114 1220 260 1261 pepercit,
273 1222 372 1262 quasi,
389 1223 427 1253 ad
443 1233 478 1253 ea
493 1223 692 1260 defendenda,
703 1233 775 1253 cum
790 1221 934 1258 exercitu,
945 1230 1007 1251 non

114 1265 332 1305 expugnanda,
348 1266 487 1297 venisset.
511 1267 550 1297 In
563 1272 671 1296 ornatu
683 1265 777 1304 urbis,
793 1264 901 1295 habuit
916 1264 1009 1294 victo-

114 1305 167 1336 riae
183 1307 343 1345 rationem,
359 1309 468 1340 habuit
490 1308 700 1339 humanitatis.
722 1307 866 1339 Victoriae
881 1308 1009 1348 putabat

115 1359 189 1388 esse,
205 1351 305 1381 multa
320 1351 455 1383 Romam
476 1352 644 1393 deportare,
663 1362 733 1393 quae
747 1355 925 1382 ornamento
939 1349 1009 1380 urbi

115 1402 178 1423 esse
200 1399 345 1434 possent3
368 1395 578 1433 humanitatis,
606 1405 667 1425 non
691 1395 782 1436 plane
806 1392 934 1434 spoliare
957 1403 1011 1423 ur-

114 1436 198 1473 bem,
221 1434 388 1477 praesertim
407 1448 502 1480 quam
522 1448 696 1469 conservare
715 1437 869 1469 voluisset.
895 1436 935 1467 In
950 1436 1008 1467 hac

114 1478 276 1519 partitione
287 1482 420 1519 ornatas,
436 1491 497 1512 non
512 1482 582 1522 plus
597 1481 720 1512 victoria
735 1479 878 1512 Marcelli
893 1479 1010 1520 populo

114 1521 258 1553 Romano
272 1524 431 1565 appetivit,
447 1535 541 1566 quarn
561 1524 736 1555 humanitas
750 1522 947 1565 Syracusanis
962 1532 1009 1552 re-

115 1565 254 1596 servavit.
277 1567 412 1597 Romam
428 1578 498 1609 quae
512 1573 662 1609 asportata
677 1572 759 1605 sunt,
776 1566 814 1597 ad
827 1565 923 1596 aedem
939 1565 1008 1595 Ho-

114 1607 196 1638 noris
210 1614 303 1650 atque
319 1610 460 1647 Virtutis,
481 1610 617 1651 itemque
631 1610 697 1641 aliis
711 1610 743 1640 in
757 1609 841 1647 locis,
858 1608 1008 1639 videmus.

116 1650 206 1680 Nihil
220 1652 252 1682 in
267 1652 395 1691 aedibus,
411 1653 488 1684 nihil
503 1653 534 1683 in
549 1653 654 1692 hortis,
666 1653 778 1694 posuit,
794 1652 871 1683 nihil
888 1652 921 1681 in
936 1652 1009 1681 sub-

115 1694 253 1725 urbano:
279 1696 410 1736 putavit,
433 1697 458 1727 si
478 1696 561 1728 urbis
578 1702 757 1727 ornamenta
775 1696 903 1726 domum
919 1703 1007 1725 suam

114 1745 176 1768 non
190 1738 377 1780 contulisset,
393 1739 522 1772 domum
537 1750 626 1772 suam
641 1745 819 1772 ornamento
839 1737 909 1770 urbi
922 1736 1007 1769 futu-
