1181 1902
220 92 285 129 372
394 94 445 124 IN
469 94 666 125 VERREM
690 93 750 126 lv.
773 95 856 125 CAP.
873 95 925 125 86.
966 108 968 111 ’

223 184 350 218 oportet.
374 179 509 220 Optime.
533 180 679 210 Modium
695 180 826 211 denario.
855 180 1005 220 Benigne,
1023 190 1056 210 ac
1071 179 1107 209 li-

222 221 381 252 beraliter:
407 233 477 252 nam
493 234 548 263 ego
571 224 665 253 tribus
687 224 742 254 Hs
758 234 817 253 non
833 233 957 264 possum
972 223 1108 254 vendere.

223 262 307 293 Mihi
323 265 474 295 frumento
490 276 550 295 non
566 277 641 306 opus
658 272 718 296 est:
744 277 886 296 nummos
908 265 984 295 volo.
1024 266 1108 295 Nam

223 316 422 346 speraveram,
443 308 543 349 inquit
558 315 665 346 arator,
683 320 732 339 me
747 309 785 339 ad
800 309 936 338 denarios
950 314 1110 348 perventu-

222 358 312 380 rum:
338 351 399 387 sed,
416 351 440 381 si
464 351 505 381 ita
521 362 637 382 necesse
652 358 704 383 est.
722 352 828 392 quanti
848 352 1035 380 frumentum
1061 350 1108 386 sit,

225 393 387 423 considera.
412 394 511 424 Video
523 405 584 424 esse
596 395 674 424 binis
687 395 752 425 Hs.
777 394 862 431 Quid
875 404 944 433 ergo
960 404 978 423 a
992 404 1042 423 me
1053 393 1109 422 tibi

224 444 423 466 nummorum
439 437 502 466 dari
518 443 625 477 potest,
651 448 719 467 cum
739 444 859 467 senatus
880 436 934 466 tibi
950 442 1110 477 quaternos

226 477 283 507 HS
299 479 435 509 dederit?
459 480 543 517 Quid
559 486 670 520 poscatq
687 480 850 514 attendite;
876 485 904 509 et
917 489 979 515 vos,
996 488 1109 519 quaeso,

225 521 328 558 simul,
342 522 469 560 judices,
495 523 665 563 aequitatem
687 523 821 563 praetoris
837 522 989 552 attendite.
1023 521 1109 558 Qua-

225 568 324 594 ternos
341 565 408 601 Hs,
433 576 508 606 quos
522 566 598 595 mihi
615 572 734 595 senatus
750 565 889 602 decrevit,
913 570 941 594 et
957 575 994 593 ex
1007 563 1110 593 aerario

224 605 317 643 dedit„
335 618 390 647 ego
405 608 533 644 habebo,
551 614 579 638 et
594 608 625 637 in
643 609 747 638 cistam
769 608 944 638 transferam
970 617 1006 636 ex
1028 606 1108 635 fisco.

225 649 311 686 Quid
327 653 453 690 postea?
478 651 575 691 quid?
598 662 652 691 pro
677 651 802 690 singulis
824 651 944 685 modiis,
966 659 1040 690 quos
1056 648 1111 678 tibi

225 692 353 732 impero,
379 699 412 722 tu
436 694 512 723 mihi
539 700 659 724 octonos
685 695 739 724 Hs?
767 693 845 723 dato.
884 693 957 730 Qu&
977 692 1110 722 ratione?

225 734 311 772 Quid
327 736 435 776 quaeris
447 737 616 766 rationem?
641 747 701 766 non
711 742 826 766 tantam
839 736 985 765 rationem
1001 745 1045 764 res
1057 734 1112 764 ha-

225 777 286 814 bet,
304 784 450 818 quantam
467 779 628 809 utilitatem
641 785 731 819 atque
741 779 883 819 praedam.
909 778 978 813 Dic,
993 777 1051 813 dic,
1065 777 1111 806 in-

225 821 292 860 quit
306 821 368 857 ille‚
385 822 515 861 planius.
551 823 679 851 Senatus
702 828 730 851 te
749 821 843 851 voluit
867 821 943 850 mihi
969 830 1111 850 nummos

222 863 304 900 dare,
329 874 378 894 me
405 864 460 894 tibi
482 864 669 894 frumentum
693 864 791 894 metiri
804 876 811 893 :
836 870 869 893 tu
888 874 937 893 eos
957 872 1110 899 nummos,

224 916 300 946 quos
315 907 391 936 mihi
407 913 527 937 senatus
543 907 606 937 dari
629 907 735 944 voluit,
762 907 826 947 ipse
849 906 992 941 habebis;
1017 916 1035 934 a
1049 915 1110 942 me,

223 949 272 979 cui
288 949 422 990 singulos
438 950 574 980 denarios
589 950 653 979 dari
669 951 812 990 oportuit,
834 949 920 979 binos
935 948 1058 978 aufers?
1083 953 1112 978 et

223 991 295 1022 huic
309 993 419 1032 praedae
431 1003 465 1023 ae
480 993 650 1033 direptioni,
668 993 749 1022 cellae
765 1002 874 1022 nomen
890 991 1020 1032 imponis
1032 992 1046 1021 ?

268 1035 345 1066 Haec
360 1036 461 1066 deerat
472 1036 594 1074 injuria,
608 1042 637 1066 et
647 1036 711 1065 haec
725 1035 879 1066 calamitas
890 1034 1068 1070 aratoribus,
1082 1038 1111 1063 te

223 1084 361 1118 praetore,
379 1079 441 1119 qu&
456 1079 578 1119 reliquis
593 1078 720 1109 fortunis
735 1078 878 1108 omnibus
898 1082 1109 1107 everterentur.

225 1122 309 1151 Nam
323 1121 398 1162 quid
415 1132 477 1152 esse
492 1122 600 1162 reliqui
615 1127 731 1162 poterat
747 1121 784 1158 ei,
801 1121 855 1161 qui
873 1120 1015 1161 perhanc
1029 1119 1110 1158 inju-

223 1164 301 1194 riam
316 1174 376 1194 non
388 1165 480 1194 modo
490 1164 679 1194 frumentum
691 1174 780 1194 omne
796 1164 942 1199 amittere,
956 1162 1007 1192 sed
1019 1162 1110 1192 etiam

222 1217 314 1237 omne
329 1207 565 1237 instrumentum
581 1207 718 1244 vendere⁷
736 1206 912 1247 cogeretur?
941 1206 1012 1243 Quo
1028 1205 1109 1235 enim

224 1260 255 1280 se
277 1256 413 1288 verteret,
430 1260 491 1280 non
511 1251 651 1281 habebat.
688 1250 739 1280 Ex
762 1259 822 1290 quo
837 1249 938 1279 fructu
954 1258 1108 1285 nummos,

222 1303 299 1333 quos
315 1293 369 1323 tibi
385 1293 479 1330 daret,
493 1293 663 1324 inveniret?
688 1293 897 1323 Decumarum
909 1292 1031 1321 nomine
1043 1296 1110 1320 tan-

221 1343 289 1366 tum
300 1342 362 1366 erat
372 1337 520 1373 ablatum,
533 1342 684 1377 quantum
693 1336 831 1366 voluntas
841 1335 950 1365 tulerat
959 1333 1108 1374 Apronii:

221 1389 277 1419 pro
292 1379 392 1409 alteris
407 1379 553 1417 decumis,
570 1386 711 1420 emtoque
725 1379 889 1416 frumento,
905 1383 958 1407 aut
970 1377 1046 1406 nihil
1056 1375 1110 1406 da-

220 1428 300 1459 tum,
312 1427 364 1452 aut
376 1428 496 1453 tantum
512 1423 630 1460 datum,
642 1427 791 1463 quantum
802 1421 911 1461 reliqui
923 1420 1019 1450 scriba
1033 1419 1110 1449 fece-

220 1470 278 1502 rat,
295 1471 348 1495 aut
363 1466 442 1495 ultro
458 1466 548 1496 etiam
566 1465 621 1501 (id,
638 1465 719 1506 quod
731 1464 887 1500 didicistis)
904 1464 1050 1493 ablatum.

219 1518 221 1520 ’
265 1507 457 1539 LXXXVI.
481 1510 637 1549 Cogantur
658 1508 748 1538 etiam
770 1507 889 1537 nummi
910 1507 947 1536 ab
968 1504 1109 1535 aratore?

221 1551 398 1590 quomodo?
423 1562 483 1592 quo
507 1553 600 1591 jure?
630 1561 691 1592 quo
715 1550 854 1590 exemplo
868 1551 881 1580 Ρ
917 1549 1012 1584 Nam,
1037 1557 1108 1578 cum

220 1593 335 1623 fructus
350 1594 568 1634 diripiebantur
583 1600 747 1631 aratorum,
773 1599 863 1633 atque
887 1591 970 1622 omni
996 1591 1108 1621 lacera-

218 1636 330 1666 bantur
355 1636 478 1676 injuriit,
506 1637 664 1667 videbatur
688 1636 719 1666 id
746 1636 868 1676 perdere
891 1640 999 1671 arator,
1026 1633 1108 1674 quod

220 1685 318 1709 aratro
333 1679 396 1720 ipse
420 1681 586 1720 quaesisset,
607 1680 638 1709 in
655 1690 715 1720 quo
731 1678 918 1714 elaborasset,
942 1676 1023 1717 quod
1044 1676 1108 1716 agri

219 1728 392 1762 segetesque
418 1723 602 1753 extulissent.
641 1722 764 1760 Quibus
785 1721 903 1760 injuriis
925 1719 1108 1760 gravissimis

217 1769 321 1794 tamen
336 1765 413 1795 illud
429 1771 491 1796 erat
506 1766 652 1796 miserum
668 1765 823 1803 solatium,
842 1763 924 1804 quod
939 1762 970 1793 id
985 1761 1107 1804 perdere
