1181 1902
196 170 287 202 PRO
310 170 476 203 ROSCIO
499 170 731 202 AMERINO.
756 169 840 200 CAP.
856 168 908 199 24.
953 168 995 204 57

109 255 189 286 valet
214 258 388 288 communio
418 258 594 298 sanguinis:
633 256 801 288 reclamitat
825 253 997 286 istiusmodi

109 299 328 339 suspicionibus
351 301 415 341 ipsa
439 308 566 331 natura:
598 306 770 341 portentum
797 304 888 340 atque
909 307 998 328 mon-

109 347 206 372 strum
228 344 428 373 certissimum
450 351 504 381 est,
522 354 583 374 esse
599 344 732 384 aliquem
749 343 877 372 humani
876 354 885 371 ι
902 340 998 381 specie

109 389 139 413 et
153 385 264 424 figura,
287 386 340 427 qui
356 393 475 416 tantum
491 387 682 417 immanitate
698 386 806 416 bestias
822 384 935 421 vicerit,
953 389 999 421 ut,

108 434 230 467 propter
255 440 330 469 quos
356 430 434 460 hanc
457 430 665 460 suavissimam
691 429 791 459 lucem
816 427 998 468 adspexerit,

108 479 158 499 eos
173 470 379 511 indignissime
394 473 461 503 luce
483 473 629 513 privarit:
655 482 724 502 cum
741 472 832 501 etiam
853 471 930 500 feras
953 469 1001 499 in-

108 517 153 541 ter
168 523 230 544 sese
249 521 353 556 partus
374 522 465 556 atque
484 515 632 555 educatio,
654 521 683 546 et
706 521 814 546 natura
836 514 912 554 ipsa,
929 522 1001 543 con-

107 554 196 586 ciliet.

150 598 284 630 XXIII.
320 601 392 631 Non
418 601 460 631 ita
486 601 591 631 multis
617 607 686 631 ante
710 600 808 637 annis,
833 599 930 637 aiunt,
959 598 999 628 Τ.

109 640 251 672 Cloelium
263 644 427 684 quemdam
437 645 698 680 'l'arracinenscnn
709 644 864 673 hominem
876 652 935 672 non
946 643 1000 671 ob-

108 693 242 723 scurum,
260 697 329 716 cum
345 694 477 716 coenatus
492 688 629 717 cubitum
641 688 671 716 in
684 687 764 716 idem
777 686 916 716 conclave
928 694 999 715 cum

109 726 228 757 duobus
243 729 480 760 adolescentibus
496 730 565 760 tiliis
586 732 667 767 isset,
684 730 842 759 inventum
859 738 920 758 esse
935 738 1001 757 ma-

109 779 148 800 ne
160 771 347 810 jugulatum.
381 773 461 803 Cum
478 783 576 813 neque
592 784 693 803 servus
709 773 872 821 quisquam
884 770 1000 819 *reperi-

109 819 202 851 retur,
220 824 318 855 neque
342 816 429 853 liber,
452 816 489 845 ad
506 826 598 857 quem
615 827 649 846 ea
667 815 795 856 suspicio
816 814 999 855 pertineret;

109 855 141 885 id
157 857 251 887 aetatis
267 864 368 888 autem
381 859 442 888 duo
456 859 520 895 filii,
537 865 657 908 propter
673 860 826 895 cubantes,
840 868 878 887 ne
893 867 1003 887 5811515-

108 909 140 929 se
155 900 278 939 quidem
289 912 319 931 se
334 902 636 937 (licerent3n01nina
648 902 780 931 filiorum
791 901 827 931 de
839 899 1000 948 parricidio

108 941 209 972 delata
233 950 312 974 sunt.
348 945 434 982 Quid
460 947 588 985 postea?
613 951 675 975 erat
694 955 764 975 sane
790 943 1001 984 suspiciosum.

109 984 265 1016 Neutrum
290 988 439 1018 sensisse?
464 999 573 1018 ausum
600 994 702 1018 autem
727 998 788 1018 esse
814 996 1002 1028 quemquam

111 1038 142 1058 se
158 1028 189 1058 in
208 1029 238 1059 id
254 1031 393 1061 conclave
405 1031 602 1067 committere,
620 1042 654 1061 eo
677 1031 869 1072 potissimum
885 1036 1004 1069 tempo-

109 1080 153 1108 re,
170 1082 240 1102 cum
256 1073 368 1103 ibidem
385 1080 482 1104 essent
503 1074 563 1104 duo
582 1074 781 1104 adolescentes
803 1073 869 1110 filii,
893 1072 946 1112 qui
972 1078 1002 1102 et

112 1115 221 1145 sentire
233 1122 262 1145 et
277 1116 435 1146 defendere
450 1117 537 1147 facile
546 1120 689 1158 possent?
713 1117 790 1147 Erat
799 1126 887 1156 porro
899 1125 1001 1153 nemo,

112 1156 144 1186 in
163 1168 255 1198 quem
280 1170 314 1189 ea
336 1160 464 1200 suspicio
487 1161 667 1190 conveniret.
692 1160 824 1197 Tamen,
844 1169 913 1188 cum
937 1158 1004 1198 pla-

111 1209 189 1230 num
202 1201 356 1240 judicibus
371 1209 445 1232 esset
461 1203 587 1241 factum,
609 1209 711 1244 aperto
727 1203 801 1232 ostio
822 1201 1004 1231 dormientes

113 1252 163 1273 eos
188 1251 319 1285 repertos
350 1256 422 1284 esse,
448 1246 562 1285 judicio
584 1246 714 1276 absoluti
738 1246 950 1281 adolescentes,
974 1249 1004 1274 et

112 1287 281 1327 suspicione
312 1289 396 1318 omni
424 1289 543 1319 liberati
572 1296 651 1319 sunt.
687 1290 789 1319 Nemo
813 1288 894 1318 enim
915 1292 1006 1328 puta-

113 1329 177 1367 bat,
194 1341 381 1372 quemquam
398 1342 471 1371 esse,
487 1332 552 1372 qui,
573 1343 643 1362 cum
666 1332 769 1362 onmia
789 1331 892 1360 divina
914 1336 1006 1370 atque

111 1371 270 1403 humana
260 1385 330 1413 jura
345 1375 452 1405 scelere
468 1375 582 1405 nefario
598 1375 765 1416 polluisset,
786 1383 927 1405 somnum
944 1379 1005 1403 sta-

111 1415 168 1445 tim
189 1426 293 1459 capere
308 1424 429 1459 posset3
454 1424 610 1459 propterea
626 1418 719 1459 quod,
736 1418 789 1458 qui
812 1423 932 1447 tantum
958 1416 1006 1446 fa-

111 1458 198 1488 cinus
220 1461 446 1499 commiserunt,
470 1471 531 1491 non
556 1461 648 1493 modo
670 1461 733 1491 sine
754 1471 826 1490 cura
842 1460 1004 1501 quiescere,

112 1501 165 1531 sed
180 1512 218 1532 ne
234 1503 348 1551 spirare
357 1503 481 1544 quidem
497 1504 560 1534 sine
575 1510 671 1542 metu,
688 1509 823 1544 possunt

155 1544 283 1577 XXIV.
309 1546 337 1576 V
341 1546 477 1584 idedsne,
495 1558 570 1588 quos
586 1548 671 1577 nobis
687 1548 784 1588 po'etae
804 1545 1006 1593 tradiderunt,

111 1588 206 1628 patris
218 1588 381 1619 ulciscendi
396 1600 498 1627 causa,
515 1591 698 1631 supplicium
715 1590 752 1620 de
767 1596 865 1619 matre
881 1588 1007 1618 sumsis-

113 1640 155 1668 se,
178 1641 246 1661 cum
272 1632 438 1672 praesertim
460 1632 597 1663 Deorum
614 1633 835 1663 immortalium
852 1631 943 1679 jussis
962 1635 1008 1660 at-

113 1684 173 1714 que
188 1675 315 1704 oraculis
331 1675 362 1705 id
378 1675 480 1707 fecisse
495 1676 644 1714 dicantur,
658 1682 760 1706 tamen
777 1682 811 1704 ut
827 1686 875 1704 eos
891 1674 1008 1714 agitent

114 1716 226 1764 Furiae,
240 1727 339 1766 neque
354 1719 512 1749 consistere
524 1729 653 1760 usquam
670 1719 844 1759 patiantu13
869 1716 952 1758 quod
967 1726 1007 1745 ne

116 1759 161 1800 pii
176 1760 300 1800 quidem
316 1761 379 1791 sine
402 1762 512 1792 scelere
535 1773 596 1792 esse
618 1768 800 1803 potuerunt.
793 1763 807 1783 '³
841 1760 890 1791 Sic
910 1770 940 1790 se
962 1769 1009 1788 res

115 1802 218 1841 habet,
232 1803 357 1842 judices.
382 1804 533 1845 Magnam
546 1805 619 1843 vim,
630 1815 775 1845 magnam
787 1802 1006 1838 necessitatem,

117 1854 262 1887 magnam
283 1846 414 1889 possidet
435 1847 611 1889 religionem
629 1854 772 1890 paternus
790 1852 1008 1888 maternusque
