1181 1902
266 93 316 124 IN
342 93 538 125 VERREM
563 93 628 124 111.
652 94 736 125 CAp.
757 94 808 125 28.
918 95 982 126 239

91 179 215 218 Quibus
225 190 281 221 ego
290 179 497 211 testimonium
511 180 699 219 denuntiavi,
715 190 846 222 quorum
858 180 984 212 nomina

91 222 173 253 edidi
189 223 328 259 Metello,
353 223 541 264 cupidissimi
556 224 708 262 veniendi,
736 224 880 254 maximis
900 224 984 263 inju-

92 265 145 296 riis
160 266 269 304 affecti,
285 266 384 296 adhuc
400 277 460 296 non
477 273 632 297 venerunt.
658 267 727 297 Hoc
739 268 808 306 jure
819 274 889 297 sunt
899 267 982 306 socii,

93 314 129 339 ut
143 309 180 339 iis
195 319 234 340 ne
249 309 404 350 deplorare
413 309 537 350 quidem
548 309 585 340 de
597 310 658 340 suis
673 310 873 341 incommodis
884 310 982 340 liceat.

135 352 211 382 Jam
236 352 371 383 Heraclii
386 352 589 393 Centuripini,
611 353 720 393 optimi
743 353 985 394 nobilissimique

92 395 298 432 adolescentis,
306 395 515 426 testimonium
525 396 670 426 audistis:
689 407 707 426 a
716 407 777 437 quo
790 396 847 426 HS
860 402 984 426 centum

91 438 190 469 millia
204 449 258 479 per
272 439 458 469 calumniam
467 439 679 479 malitiamque
693 439 788 480 petita
803 445 883 469 sunt.
908 439 982 478 Iste,

90 481 186 522 poenis
201 481 483 522 compromissisque
497 482 692 523 interpositis,
712 482 770 513 HS
786 482 867 513 CCC
884 488 985 513 extor-

90 524 212 565 quenda
226 525 361 555 curavit:
386 525 529 566 quodque
550 525 702 564 judicium
726 525 893 556 secundum
916 525 983 555 He-

89 568 216 598 raclium
228 567 266 597 de
280 568 503 608 compromissis
512 568 627 598 factum
640 574 713 606 erat,
727 568 809 609 quod
819 568 891 598 civis
903 568 984 598 Cen-

87 610 240 652 turipinus
254 611 332 641 inter
347 611 422 641 duos
437 611 515 642 cives
528 611 701 651 judicasset,
717 611 749 641 id
763 611 884 641 irritum
894 612 984 650 jussit

88 663 161 691 esse,
178 664 311 695 eumque
322 654 457 694 judicem
472 654 584 684 falsum
597 655 748 694 judicasse
760 654 926 694 judicavit:
951 654 984 684 in

89 703 194 727 senatu
210 707 248 727 ne
264 704 350 735 esset,
372 698 445 728 locis
468 698 695 739 commodisque
712 698 842 739 publicis
866 697 912 727 uti
931 708 984 728 ve-

89 740 157 770 tuit.
181 740 214 771 Si
226 740 294 781 quis
310 751 381 771 eum
396 740 555 781 pulsasset,
572 741 678 778 edixit,
695 752 757 771 sese
769 741 921 780 judicium
935 741 984 770 in-

85 783 237 822 juriarum
254 793 316 814 non
338 784 505 814 daturum:
530 784 681 825 quidquid
705 786 744 814 ab
768 794 802 814 eo
819 789 982 825 peteretur,

86 826 223 866 judicem
239 826 276 857 de
291 827 346 857 sua
362 827 482 857 cohorte
494 827 658 863 daturum;
683 827 742 868 ipsi
754 833 856 858 autem
868 827 984 857 nullius

89 869 239 900 actionem
249 870 292 900 rei
301 881 364 900 sese
373 870 526 900 daturum.
552 870 632 908 Quae
646 871 732 901 istius
744 870 905 901 auctoritas
915 876 984 900 tan-

89 917 157 942 tum
173 913 279 951 valuit,
299 919 335 943 ut
349 923 449 954 neque
464 913 552 943 illum
572 914 706 954 pulsaret
720 914 895 955 quisquam,
912 923 981 943 cum

88 962 199 996 praetor
213 956 245 986 in
261 956 415 997 provincia
437 956 492 987 sua
507 958 598 987 verbo
613 957 810 998 permitteret,
835 967 867 987 re
881 957 984 988 horta-

89 1005 194 1035 retur,
220 1009 319 1040 neque
344 1000 508 1040 quisquam
535 1001 574 1030 ab
601 1010 636 1030 eo
661 1000 830 1041 quidquam
855 1005 981 1040 peteret,

87 1052 157 1072 cum
174 1042 230 1073 iste
245 1042 405 1073 calumniae
416 1042 569 1073 licentiam
585 1043 640 1073 sua
655 1043 831 1073 auctoritate
843 1043 982 1073 dedisset.

88 1085 265 1126 Ignominia
279 1092 381 1116 autem
398 1086 451 1116 illa
468 1086 567 1126 gravis
585 1086 702 1116 tamdiu
726 1087 758 1116 in
781 1086 834 1116 illo
858 1086 983 1116 homine

87 1128 158 1165 fuit,
176 1129 324 1170 quamdiu
341 1129 395 1160 iste
410 1129 442 1159 in
464 1129 620 1170 provincia
641 1130 762 1160 mansit.
787 1129 857 1159 Hoc
872 1130 983 1168 injecto

87 1178 171 1202 metu
185 1172 350 1211 judicibus,
367 1182 445 1203 novo
461 1183 556 1211 more,
573 1173 660 1203 nullo
680 1173 832 1214 exemplo,
855 1182 983 1213 ecquam

88 1225 152 1245 rem
168 1215 281 1256 putatis
297 1226 359 1246 esse
370 1216 402 1245 in
414 1215 528 1253 Sicilia,
541 1216 600 1246 nisi
611 1216 650 1246 ad
665 1222 775 1246 nutum
788 1216 885 1253 istius,
900 1215 984 1254 judi-

86 1258 210 1288 catam?
233 1259 348 1289 Utrum
364 1259 395 1289 id
411 1259 510 1289 solum
533 1259 652 1289 videtur
677 1270 740 1290 esse
762 1265 876 1295 actum,
900 1258 984 1300 quod

87 1306 132 1331 est
153 1308 257 1332 tamen
281 1308 395 1340 actum,
418 1308 453 1332 ut
479 1302 622 1333 Heraclio
637 1302 765 1343 pecunia
791 1302 982 1343 eriperetur?

87 1344 229 1374 anetiam
245 1345 335 1383 illud,
356 1345 388 1375 in
409 1356 470 1386 quo
491 1346 594 1386 praeda
609 1352 671 1376 erat
695 1345 843 1381 maxima,
865 1350 911 1382 ut,
928 1355 984 1375 no·

86 1387 170 1418 mine
183 1388 380 1427 judiciorum,
396 1389 534 1419 omnium
547 1390 628 1419 bona
642 1394 733 1430 atque
748 1389 878 1419 fortuna:
895 1388 928 1418 in
942 1388 985 1418 is-

86 1430 148 1460 tius
162 1431 253 1462 unius
269 1438 366 1462 essent
381 1438 527 1472 potestate
539 1433 553 1462 Ρ

130 1474 298 1505 XXVIII.
322 1474 345 1504 J
347 1485 398 1504 am
413 1485 483 1506 vero
498 1475 530 1505 in
545 1485 647 1505 rerum
668 1474 844 1516 capitalium
860 1474 983 1515 qua-sti„

86 1517 197 1547 onibus
227 1517 301 1558 quid
326 1528 381 1558 ego
406 1529 660 1559 unamquamque
689 1529 755 1548 rem
785 1519 928 1559 colligam
954 1523 986 1548 et

87 1570 210 1590 causam
223 1562 237 1591 ,⁹
260 1561 312 1591 Ex
327 1561 433 1592 multis
449 1562 599 1592 similibus
615 1572 650 1591 ea
664 1572 797 1599 sumam,
814 1573 883 1602 quae
894 1571 985 1591 max-

84 1603 148 1633 ime
162 1603 357 1644 improbitate
376 1605 522 1635 excellere
542 1605 736 1635 videbuntur.
761 1605 886 1645 Sopater
913 1604 984 1644 qui-

87 1646 159 1676 dam
175 1647 235 1677 fuit
259 1647 464 1688 Halicyensis,
480 1648 573 1678 homo
589 1648 673 1678 domi
697 1659 760 1678 suae
782 1658 852 1678 cum
877 1647 985 1688 primis

86 1689 220 1731 locuples
231 1696 323 1732 atque
338 1691 492 1722 honestus.
516 1691 549 1722 Is
560 1692 598 1721 ab
614 1691 745 1722 inimicis
762 1691 834 1729 suis,
852 1691 935 1732 apud
946 1690 983 1720 C.

84 1732 278 1764 Sacerdotem
291 1740 466 1775 praetorem,
481 1734 525 1765 rei
534 1735 671 1775 capitalis
683 1745 752 1765 cum
769 1740 928 1765 accusatus
938 1744 985 1764 es-

83 1782 139 1814 set,
163 1776 253 1809 facile
267 1788 303 1809 eo
323 1777 439 1817 judicio
462 1784 507 1809 est
529 1778 684 1809 liberatus.
709 1777 795 1810 Huic
812 1777 910 1809 eidem
926 1778 985 1808 So-
