1216 1907
228 69 248 99 2
452 67 543 100 PRO
568 68 604 99 P.
628 67 745 106 QUIN
748 67 840 100 TIO.

226 159 290 191 set3
314 153 437 185 tandem
458 154 529 185 Sex.
550 153 690 193 Naevius,
712 154 752 184 L.
775 153 915 195 Scipione
933 153 970 185 C.
992 154 1076 185 Nor-

225 199 306 228 bano
318 198 402 228 Coss.
423 207 494 228 cum
511 197 547 227 P.
565 197 712 235 Quintius
727 197 758 227 in
775 197 909 228 Galliam
924 197 1076 238 profectus

228 246 314 279 esset,
330 246 418 271 testes
433 241 603 281 complures
617 240 736 277 sumsit,
758 251 788 270 se
799 240 1008 270 vadimonium
1023 241 1077 271 sti-

227 283 308 321 tisse,
331 284 367 313 P.
392 283 558 322 Quintium
576 283 749 313 deseruisse.
782 283 863 313 Eam
883 283 1075 314 testationem

228 336 299 357 curn
314 326 353 356 ad
369 326 405 356 P.
426 326 614 356 Bumenum
630 331 789 366 praetorem
805 326 955 364 edidisset,
970 332 1076 367 postu-

227 366 302 399 lavit
312 380 350 399 ex
364 370 460 399 edicto
475 369 622 410 praetoris,
636 374 670 398 ut
685 369 742 399 sibi
753 369 875 406 Quintii
887 370 978 406 bona,
989 369 1077 410 quasi

228 412 374 442 latitantis
394 412 547 450 debitoris,
569 412 719 452 possidere
740 411 852 442 liceret
877 412 1003 448 Praetor,
1021 412 1076 453 qui

226 455 335 485 deserti
349 455 514 499 vadimonii
525 455 644 485 tabulas
660 454 929 495 testimoniumque
944 455 1074 494 audiret,

228 498 380 528 neminem
392 494 492 538 po'rro,
508 498 561 539 qui
577 499 732 527 absentem
751 497 917 535 Quintium
933 498 1076 528 defende-

228 547 284 579 ret,
308 541 409 571 adesse
425 541 549 577 videret,
567 541 593 570 ei
608 541 824 581 possessionem
845 541 986 571 decernit.
1025 541 1076 571 Ita

228 584 261 614 N
264 595 356 614 aevrus
385 584 448 614 dies
475 584 599 624 triginta
624 583 754 624 possedit
768 595 775 613 :
810 584 921 625 quibus
951 584 1075 622 exactis,

228 627 333 658 eadem
345 628 425 656 bona
440 627 608 667 proscribit,
624 627 856 667 auctionemque
868 627 899 657 in
915 627 996 656 diem
1014 637 1078 657 cer-

227 675 293 700 tam
319 670 482 700 constituit.
520 669 601 705 Cum
626 680 691 700 ecce
715 670 770 700 tibi
797 672 880 700 Sext.
912 670 1077 710 Alphenus

228 713 351 750 Quintii
366 723 396 743 se
410 718 634 753 procuratorem
645 723 706 743 esse
717 713 895 748 denuntiat3
913 713 1079 753 statimque

228 762 258 786 et
273 756 391 786 libellos
403 756 515 795 dejicit,
532 762 561 785 ct
576 766 719 796 puerum,
733 766 825 797 quem
842 756 874 786 N
877 756 969 786 aevius
980 756 1077 786 abdu-

228 800 325 836 cebat,
349 798 457 839 eripit;
482 809 573 839 seque
593 804 733 839 paratum
755 810 817 829 esse
834 799 949 838 judicio
974 800 1077 836 Quin-

228 842 307 872 tium
330 841 501 877 defendere,
517 842 683 882 profitetur.
723 842 817 872 Hunc
833 842 960 872 Naevius
975 842 1006 872 in
1025 843 1076 881 jus

229 885 268 914 ad
284 885 319 914 P.
338 884 523 914 Burrienum
540 890 644 914 vocat:
669 885 755 926 petit,
775 891 810 915 ut
825 885 849 915 si
864 885 935 915 velit
955 896 1015 925 pro
1030 896 1077 915 so-

228 929 275 957 cio
292 929 414 967 judicio
442 927 478 957 P.
507 927 670 965 Quintium
699 927 869 965 defendere,
896 929 1077 967 judicatum.

228 972 305 1000 solvi
321 971 457 1007 satisdet,
481 970 511 1000 h.
534 980 559 1000 e.
583 980 739 1010 sponsores
760 970 810 1000 det
830 971 1005 1011 locupletes,
1022 971 1077 1012 qui

227 1018 415 1054 praestarent,
428 1019 549 1043 tantum
564 1014 698 1043 solutum
708 1013 744 1043 iri
757 1024 811 1043 suo
822 1014 966 1054 periculo,
978 1024 1077 1055 quan-

228 1062 308 1094 tum,
332 1055 447 1095 judicio
470 1055 560 1093 facto,
589 1057 664 1087 solvi
687 1062 848 1096 oporteret,
876 1057 901 1086 si
927 1057 1077 1094 Quintius

227 1099 432 1130 damnaretur.
454 1099 619 1139 Alphenus
631 1099 774 1129 satisdare
789 1110 848 1129 non
860 1106 988 1138 recusat,
999 1100 1076 1131 dum

228 1142 309 1172 idem
325 1142 455 1172 vicissim
472 1142 503 1172 N
508 1142 600 1172 aevius
621 1142 721 1172 faciat.
759 1143 844 1173 Solos
861 1143 942 1172 enim
959 1154 1007 1173 eos
1031 1154 1078 1174 sa-

227 1185 349 1222 tisdare,
373 1195 504 1226 quorum
525 1186 605 1215 bona
625 1195 662 1215 ex
689 1185 784 1215 edicto
805 1196 938 1226 possessa
958 1193 1074 1217 essent:

228 1227 293 1259 haec
308 1234 410 1258 autem
427 1238 487 1257 non
502 1227 594 1258 fuisse
609 1239 646 1258 ex
661 1228 757 1258 edicto
772 1239 916 1269 possessa,
934 1235 1077 1270 paratum

229 1281 260 1302 se
276 1271 443 1301 defendere.
482 1271 609 1308 Praetor,
627 1271 680 1312 qui
700 1272 916 1312 possessionem
938 1272 1078 1303 decreve-

228 1320 285 1353 rat,
303 1320 331 1344 et
351 1324 485 1355 possessa
505 1314 597 1344 fuisse
616 1315 697 1344 bona
714 1314 912 1355 intelligebat,
930 1315 1074 1355 decernit,

227 1363 263 1387 ut
287 1357 367 1387 solus
391 1357 555 1397 Alphenus
579 1357 719 1387 satisdet:
745 1358 797 1398 qui
818 1364 896 1395 tum,
920 1359 1007 1399 quasi
1028 1359 1074 1389 in-

225 1401 344 1439 justum
357 1399 656 1441 praetoriszdecretum
666 1406 752 1438 esset,
763 1401 899 1431 tribunos
914 1402 1010 1442 plebis
1022 1413 1076 1443 ap-

228 1443 331 1484 pellat.
356 1443 404 1472 M.
418 1444 535 1473 Brutus
548 1454 564 1473 e
579 1443 682 1474 decem
695 1453 774 1473 unus
790 1444 920 1474 ostendit
936 1455 967 1474 se
982 1445 1075 1476 inter-

228 1496 394 1523 cessurum,
412 1486 468 1515 nisi
484 1486 577 1526 quid·
570 1493 648 1516 inter
659 1497 708 1517 eos
720 1487 900 1517 conveniret.
925 1487 1075 1519 Convenit

228 1529 322 1569 igitur
337 1535 371 1558 ut
380 1529 480 1558 idibus
496 1531 650 1569 Septemb.
667 1529 698 1559 id
714 1536 768 1567 est,
780 1541 832 1560 sex
845 1536 1074 1572 septemvepost

228 1572 395 1609 mensibus,
414 1572 449 1601 P.
468 1571 615 1609 Quintius
632 1573 746 1612 judicio
768 1584 797 1603 se
818 1574 941 1603 sisteret.
980 1574 1076 1605 Venit

229 1614 397 1652 Quintius·
423 1616 511 1645 rebus
530 1626 608 1656 saepe
634 1616 744 1653 dilatis,
767 1617 890 1646 ῐιῃᾶοιῃ
910 1617 941 1646 in
963 1618 1014 1656 jus
1037 1618 1076 1648 ad

228 1657 266 1688 P.
284 1657 490 1697 Dolabellam,
518 1664 676 1698 praetorem
693 1659 787 1697 urbis,
813 1660 861 1689 M.
878 1659 996 1699 Tullio,
1015 1660 1073 1691 Cn.

228 1699 393 1731 Dolabella
405 1700 488 1731 Coss.
504 1700 574 1731 itur.
610 1702 659 1732 Ibi
681 1702 807 1733 Naevius
825 1703 975 1743 judicium
991 1714 1075 1734 com-

227 1742 316 1799 inuni
339 1743 506 1776 dividundo
525 1745 673 1786 postulat,
699 1755 770 1777 curn
795 1756 842 1786 eo,
865 1752 901 1777 ut
927 1745 1075 1786 Quintius
