1181 1902
291 55 342 86 IN
367 55 565 86 VERREM
592 55 656 85 ΠΙ.
682 56 765 86 (ΣΛΡ.
783 55 833 85 40.
948 54 1010 84 255

118 146 178 172 tur.
203 141 267 172 Hic
281 152 333 172 vos
348 141 538 178 dubitabitis,
552 141 679 180 judices,
693 147 810 171 tantam
822 140 908 171 istius
919 141 1014 171 auda·

118 185 209 222 ciam,
234 190 349 214 tantam
371 184 591 222 crudelitatem,
618 191 733 215 tautam
755 185 898 223 injuriam
915 184 1014 214 vindi-

119 237 184 258 care
195 229 209 258 ἓ
233 227 410 257 dubitabitis
425 228 602 267 exemplum
616 228 755 266 judicum
773 228 896 257 illorum
914 227 1010 267 sequi,

119 271 184 311 qui,
210 270 355 301 damnato
380 272 437 300 Cn.
456 270 628 306 1)olabess{·.,
653 271 879 300 damnationem
905 270 1012 300 Philo-

117 313 202 343 dami
222 313 354 354 Opuntii
377 313 572 348 resciderunt,
596 313 678 353 quod
699 313 724 343 is
745 324 804 343 non
820 315 927 343 absens
943 323 1012 343 reus

117 356 214 386 factus
231 363 306 386 esset
323 360 404 397 (quae
420 367 466 386 res
481 356 673 396 iniquissima
689 362 717 386 et
733 356 924 387 acerbissima
940 362 1009 393 est),

119 399 171 430 sed
185 409 256 429 cum
273 400 299 429 ei
314 400 425 439 legatio
438 400 572 429 Romam
588 410 606 428 a
622 399 683 429 suis
699 399 814 429 civibus
827 406 902 429 esset
913 399 984 429 data
995 401 1009 429 ἓ

119 442 214 480 Quod
229 443 274 472 illi
286 443 403 482 judiees
419 443 517 472 multo
538 443 569 471 in
590 442 701 472 leviore
721 443 811 472 causa
830 447 1011 478 statuerunt,

115 485 290 526 aequitatem
321 486 434 521 secuti;
468 496 521 515 vos
550 485 583 515 id
612 491 742 516 statuere
771 486 803 515 in
833 485 1012 525 gravissima

119 528 219 566 causa,
241 529 409 569 praesertim
430 528 559 559 aliorum
579 528 757 559 auctoritate
772 529 838 568 jam
853 528 1014 558 confirma-

119 578 198 609 tum,
222 572 424 602 dubitabitis?

162 615 267 645 XLV.
291 615 338 645 At
354 626 446 656 quem
462 615 630 652 hominem,
647 615 683 646 C.
700 615 823 651 Verres,
839 614 935 652 tant-21,
950 620 1014 644 tam

117 658 230 698 insigni
245 658 358 697 injuria
373 658 522 689 affecisti?
547 660 634 698 cujus
654 659 786 688 absentis
807 668 918 689 nomen
933 668 1014 688 rece-

119 701 213 742 pisti?
237 711 329 743 quem
354 703 520 739 absentem,
545 712 606 731 non
631 701 723 731 modo
749 702 812 732 sine
837 701 962 732 erimine
985 707 1015 730 et

119 745 184 775 sine
207 751 292 783 teste,
315 755 421 775 verum
441 745 533 775 etiam
549 745 612 775 sine
628 751 809 781 accusatore,
835 744 1013 774 damnasti?

97 805 104 811 ·
119 787 224 825 Quem
240 788 420 818 hominem?
444 788 498 818 Dii
514 789 700 818 immortales
713 788 720 817 Ξ
746 798 807 818 non
822 788 922 818 dicam
938 787 1015 817 ami-

117 841 189 861 cum
206 838 307 869 tuum,
321 831 403 872 quod
419 831 501 872 apud
515 831 654 861 homines
669 831 856 861 carissimum
873 837 936 866 θεῖς
954 840 1015 860 non

121 874 283 915 hospitem,
300 874 383 915 quod
399 875 622 904 sanctissimum
638 881 702 910 est;
723 874 799 904 nihil
815 874 897 904 enim
912 873 1016 904 minus

118 917 248 948 libenter
268 917 306 947 de
327 918 453 948 Sthenio
474 928 698 948 commemoro:
723 917 800 947 nihil
816 917 899 948 aliud
914 918 946 947 in
967 927 1013 955 eo,

119 961 203 1002 quod
215 960 393 1001 reprehendi
408 961 511 1002 possit,
529 961 661 999 invenio,
674 960 732 991 nisi
744 961 827 1001 quod
842 961 935 990 hoino
949 960 1014 990 fru-

118 1003 293 1045 galissimus
308 1011 399 1045 atque
414 1004 637 1044 integerrimus,
658 1010 698 1041 te,
715 1004 871 1034 hominem
887 1004 1015 1044 plenum

120 1047 229 1088 stupri,
245 1047 364 1087 flagitii,
381 1048 509 1082 sceleris,
526 1047 654 1077 domum
670 1057 758 1077 suam
773 1047 932 1082 invitavitg
957 1047 1015 1076 nisi

121 1090 215 1131 quod,
238 1090 292 1130 qui
308 1090 344 1120 C.
358 1091 465 1127 Marii,
491 1091 548 1121 Cn.
568 1090 718 1131 Pompeii,
744 1090 780 1120 C.
798 1090 951 1127 Marcelli,
974 1090 1013 1119 L.

119 1133 266 1171 Sisennae,
289 1133 336 1163 tui
350 1133 525 1171 defensoris,
551 1140 789 1174 caeterorumque
804 1134 938 1164 virorum
954 1133 1016 1163 for-

121 1176 319 1213 tissimorum,
336 1176 444 1217 hospes
459 1176 565 1206 fuisset
579 1184 672 1217 atque
687 1183 782 1212 esset;
807 1176 846 1206 ad
867 1187 938 1206 eum
957 1186 1016 1206 nu-

121 1229 242 1250 merum
266 1219 502 1250 clarissimorum
526 1220 688 1250 hominum
710 1225 799 1249 tuum
821 1230 944 1260 quoque
961 1229 1017 1249 no-

119 1273 191 1293 men
207 1262 372 1303 adscripsit.
397 1263 514 1300 Quare,
531 1263 568 1292 de
580 1263 710 1303 hospitio
725 1263 847 1300 violato,
864 1268 893 1292 et
908 1263 946 1293 (le
960 1263 1017 1292 isto

121 1311 174 1336 tuo
195 1306 309 1336 nefario
331 1305 450 1341 scelere,
475 1306 550 1336 nihi]
568 1316 697 1346 queror:
723 1306 780 1336 hoc
795 1306 873 1344 dico,
890 1316 951 1336 non
968 1306 1015 1341 iis,

120 1350 175 1390 qui
190 1349 354 1379 Sthenium
369 1351 493 1386 nbrunt,
515 1349 572 1379 hoc
588 1355 644 1386 est,
660 1349 776 1379 nemini
792 1359 897 1379 eorum
913 1349 967 1390 qui
981 1349 1013 1378 in

119 1392 224 1423 Sicilia
237 1392 382 1427 fuerunt3
400 1395 504 1425 (nemo
512 1392 594 1422 enim
609 1392 739 1432 ignorat,
757 1403 818 1434 quo
832 1392 882 1423 hic
897 1392 927 1422 in
944 1392 1016 1422 civi-

121 1441 181 1466 tate
202 1436 258 1466 suss.
279 1435 448 1476 splendore,
474 1435 535 1476 quai
555 1436 637 1475 apud
658 1445 763 1466 omnes
779 1436 898 1466 Siculos
915 1436 1016 1476 digni-

122 1485 182 1509 tate
197 1485 290 1519 atque
305 1479 527 1509 existimatione
542 1479 593 1515 sit)
613 1478 675 1516 sed,
692 1485 726 1508 ut
741 1479 787 1508 illi
802 1489 935 1520 quoque,
961 1479 1016 1519 qui

122 1521 155 1552 in
176 1522 211 1552 ea
233 1521 388 1563 provincia
408 1531 469 1552 non
491 1522 626 1559 fuerunt,
648 1522 816 1562 intelligere
836 1523 962 1563 possint,
984 1523 1016 1553 in

120 1575 183 1606 quo
197 1565 321 1596 homine
337 1570 370 1595 tu
386 1565 525 1595 statueris
541 1565 717 1605 exemplum
734 1566 896 1604 ejusmodi,
921 1566 1016 1607 quod,

123 1613 190 1638 tum
204 1614 328 1649 propter
342 1608 535 1649 iniquitatem
551 1608 604 1646 rei,
630 1614 698 1638 tum
718 1608 809 1639 etiam
825 1616 948 1650 propter
963 1610 1019 1640 ho-

123 1651 214 1682 minis
229 1651 421 1692 dignitatem,
435 1653 579 1682 acerbum
595 1652 737 1682 omnibus
749 1658 840 1693 atque
855 1652 1018 1683 intoleran-

123 1694 200 1725 dum
215 1694 376 1725 videretur.

167 1737 293 1769 XLVI.
317 1737 413 1769 Estne
438 1737 582 1770 Sthenius
607 1738 643 1776 is,
670 1738 734 1780 qui,
762 1748 867 1769 omnes
891 1738 1020 1770 honores
