1181 1902
185 191 227 226 70
273 190 363 222 PRO
388 190 553 222 ROSCIO
576 191 809 222 AMERINO.
834 191 917 222 CAP.
934 190 986 226 37.

184 282 299 315 tamen,
317 277 342 307 si
357 287 411 308 sua
426 288 471 308 res
487 283 635 318 ageretur,
649 277 857 308 testimonium
869 286 929 307 non
941 276 1071 307 diceret:

184 329 256 349 nam
272 319 349 350 illud
363 320 395 350 in
412 321 503 350 talem
519 321 618 351 virum
631 331 691 351 non
707 320 804 350 audeo
819 320 927 355 dicere,
944 319 976 350 Si
991 319 1072 349 dice-

183 368 239 399 ret,
256 372 317 392 non
330 363 506 393 crederetur.
531 364 641 394 Videte
650 374 743 401 nunc,
757 373 851 404 quam
863 373 947 393 versa
959 368 988 392 et
1002 372 1072 391 mu-

183 411 247 435 tata
262 405 293 435 in
309 407 442 446 pejorem
457 413 573 447 partem
590 408 649 437 sint
664 406 775 437 omnia.
801 406 881 436 Cum
894 406 930 435 de
942 405 1028 435 bonis
1044 410 1072 435 et

183 448 221 477 de
236 448 316 479 caede
331 455 448 489 agatur,
466 450 671 480 testimonium
692 450 825 479 dicturus
846 454 889 478 est
909 449 945 485 is,
968 448 1022 489 qui
1043 452 1072 478 et

183 497 277 521 sector
292 498 337 522 est
351 498 379 522 et
395 492 536 528 sicarius3
561 493 617 523 hoc
629 500 683 530 est,
697 492 750 533 qui
760 499 788 522 et
800 492 923 521 illorum
935 491 1070 531 ipsorum

183 535 345 573 bonorum,
367 535 404 565 de
428 536 539 576 quibus
560 537 670 576 agitur,
696 541 792 565 emtor
812 542 903 576 atque
923 544 1072 575 possessor

184 583 239 614 est,
257 583 285 607 et
301 588 370 608 eum
385 578 540 609 homiuem
561 578 758 609 occidendum
780 578 905 615 curavit⁷
927 577 964 607 de
985 577 1072 616 cujus

184 626 282 650 morte
297 621 451 661 quaeritur.

225 663 311 701 Quid
326 670 370 701 tu,
388 665 433 694 vir
447 665 584 705 optime?
609 664 716 705 ecquid
737 665 840 700 habes7
860 663 942 704 quod
963 663 1043 693 dicas
1055 663 1069 692 Ρ

182 706 259 736 mihi
275 708 430 737 ausculta:
457 708 535 744 vide,
552 718 589 738 ne
606 708 659 737 tibi
676 708 761 737 desis.
798 708 869 737 Tua
889 716 1011 747 quoque
1026 716 1072 735 res

182 760 348 791 permagna
364 751 471 790 agitur.
505 751 610 780 Multa
626 751 775 786 scelerate,
793 750 891 780 multa
906 749 1070 785 audaciter,

181 793 280 822 multa
302 793 449 834 improbe,
472 794 585 824 fecisti:
612 804 709 824 unum
730 793 916 829 stultissime⁷
938 792 1071 832 profecto

179 836 234 865 tua
250 842 365 876 sponte,
382 846 442 867 non
459 837 496 866 de
512 837 615 867 Erucii
631 837 797 866 sententia:
815 836 892 865 nihil
907 845 983 875 opus
998 834 1068 871 fuit,

179 884 210 908 te
225 878 290 908 istic
306 879 414 909 sedere.
448 880 558 920 Neque
576 879 657 909 enim
673 885 842 909 accusatore
856 884 954 913 muto,
972 888 1070 918 neque

179 926 253 951 teste
269 922 431 963 quisquam
447 923 543 952 utitur
555 933 599 959 θο,
614 923 667 963 qui
682 922 719 953 de
734 922 911 952 accusatoris
927 921 1069 951 subsellio

179 965 285 1004 surgit.
310 965 383 995 Huc
398 965 521 1000 accedit„
539 965 621 1006 quod
636 966 727 1005 paulo
742 965 885 995 occultior
900 970 991 1004 atque
1007 969 1068 993 tec-

178 1007 237 1037 tior
253 1014 350 1038 vestra
365 1008 421 1038 ista
436 1008 584 1048 cupiditas
600 1014 683 1039 esset.
717 1008 748 1038 N
751 1018 809 1038 unc
825 1008 899 1048 quid
915 1013 969 1044 est,
986 1006 1069 1047 quod

178 1050 342 1091 quisquam
364 1062 401 1081 ex
417 1052 501 1081 vobis
521 1052 625 1082 audire
640 1051 796 1089 desideret,
813 1061 894 1088 cum,
911 1061 980 1091 quae
995 1049 1069 1080 faci-

178 1094 228 1130 tis,
246 1094 393 1133 ejusmodi
409 1094 479 1131 sint,
498 1100 530 1124 ut
551 1105 586 1125 ea
606 1094 707 1124 dedita
722 1094 813 1134 opera
828 1104 846 1123 a
862 1094 948 1123 nobis
965 1098 1067 1123 contra

178 1143 295 1167 vosmet
307 1137 386 1177 ipsos
398 1137 494 1168 facere
506 1138 691 1168 videamini?
714 1139 785 1177 Age
797 1146 888 1175 nunc‚
901 1137 955 1166 illa
964 1136 1066 1166 videa-

176 1188 258 1217 mus,
272 1181 399 1218 judices,
416 1191 486 1221 quae
501 1181 602 1211 statim
618 1187 776 1211 consecuta
791 1186 871 1210 sunt.

224 1223 406 1253 XXXVII.
429 1224 483 1254 Ad
496 1224 668 1254 Volaterras
677 1224 708 1253 in
722 1229 817 1253 castra
833 1223 869 1252 L.
882 1222 976 1252 Sullae
987 1232 1068 1252 mors

178 1265 249 1296 Sex.
264 1266 378 1304 Roscii,
396 1266 569 1307 quatriduo,
583 1277 643 1308 quo
655 1267 680 1296 is
695 1266 807 1296 occisus
823 1271 876 1301 est,
895 1265 1068 1305 Chrysogo-

178 1318 219 1338 no
235 1309 400 1339 nuntiatur.
431 1310 587 1346 Quaeritur
603 1310 693 1339 etiam
709 1319 801 1345 nunc,
818 1309 885 1349 quis
901 1318 971 1338 eum
988 1317 1068 1337 nun-

178 1351 257 1381 tium
273 1352 387 1381 miserit
401 1354 414 1382 Ρ
438 1353 551 1382 Nonne
565 1352 757 1393 perspicuum
773 1358 827 1389 est,
844 1351 996 1387 eumdem„
1015 1350 1068 1392 qui

177 1394 338 1424 Ameriam
351 1396 365 1425 Ρ
390 1394 485 1424 Curat
495 1395 720 1435 Chrysogonus,
732 1401 766 1424 ut
776 1396 840 1433 ejus
850 1395 929 1424 bona
939 1399 1067 1424 veneant

177 1437 300 1472 statimg
326 1437 378 1478 qui
395 1447 453 1467 non
470 1439 557 1467 norat
572 1438 726 1467 hominem
743 1444 795 1467 aut
811 1448 883 1467 rem.
908 1437 953 1467 At
969 1438 1023 1477 qui
1040 1437 1067 1466 ei

174 1480 255 1509 venit
270 1480 301 1509 in
313 1488 458 1517 mentem,
470 1480 583 1521 praedia
594 1481 800 1520 concupiscere
811 1480 941 1510 hominis
954 1480 1061 1519 ignoti,

177 1533 269 1563 quem
280 1523 403 1553 omnino
414 1534 572 1564 nunquam
582 1523 718 1553 viderat?
736 1523 854 1558 Soletis,
867 1533 936 1553 cum
947 1522 1063 1563 aliquid

175 1565 384 1604 hujuscemodi
395 1567 515 1602 auditis,
524 1566 652 1606 judices,
664 1566 805 1596 continuo
818 1566 925 1601 dicere,
936 1566 1066 1595 Necesse

176 1615 231 1645 est,
248 1609 380 1650 aliquem
397 1610 507 1640 dixisse
523 1610 707 1649 municipem
720 1615 773 1639 aut
789 1609 920 1639 vicinum
934 1620 940 1638 :
966 1608 986 1637 ii
1002 1608 1061 1648 ple-

175 1662 306 1692 rumque
322 1652 474 1682 indicant:
499 1663 552 1692 per
567 1663 615 1682 eos
636 1653 772 1693 plerique
788 1652 966 1692 produntur.
1000 1651 1064 1681 Hic

173 1695 249 1724 nihil
265 1702 319 1731 est,
337 1696 417 1736 quod
435 1696 632 1735 suspicionem
650 1695 727 1724 hanc
743 1695 862 1735 putetis.
892 1695 963 1724 Non
981 1694 1061 1723 enim

173 1748 229 1777 ego
245 1738 286 1767 ita
295 1738 474 1779 disputabo:
502 1738 673 1769 Verisimile
688 1744 742 1775 est,
759 1738 881 1767 Roscios
897 1737 984 1766 istam
996 1747 1059 1766 rem

171 1781 210 1811 ad
227 1781 459 1822 Chrysogonum
475 1781 636 1817 detulisse;
661 1781 813 1811 eratenim
827 1780 867 1810 eis
877 1791 947 1809 cum
959 1780 1059 1819 Chry-

170 1833 282 1864 sogono
295 1825 359 1863 jam
376 1831 463 1855 antea
473 1825 605 1855 amicitia
619 1836 626 1854 z
644 1834 727 1861 nam,
741 1834 811 1854 cum
823 1824 936 1853 multos
948 1828 1060 1853 veteres

170 1878 188 1898 a
210 1867 375 1902 majoribus
398 1868 499 1899 Roscii
523 1874 664 1902 patronos
684 1867 875 1902 hospitesque
900 1866 1058 1902 haberent³
