1181 1902
165 90 226 119 232
338 90 387 120 IN
412 89 606 121 VERREM
634 89 697 138 11¹1.
723 89 804 120 CAP.
823 91 873 120 20.

163 175 338 216 perticndis,
354 176 519 207 reddebant
534 185 638 206 eorum
654 176 844 216 negotiorum
858 174 1006 205 rationem
1020 175 1052 206 in

163 225 289 248 senatu:
314 219 464 257 dicebant,
489 219 671 260 scyphorum
694 219 778 259 paria
801 219 968 259 complura,
995 219 1053 259 hy-

164 261 243 291 drias
264 268 430 302 argenteas,
452 263 612 303 pretiosam
634 268 746 292 vestem
761 262 938 301 stragulam,
954 262 1053 291 multa

164 305 316 345 mancipia
331 306 470 346 pretiosa,
488 305 576 336 Verri
594 305 664 335 data
685 315 764 335 esse:
789 305 939 341 dicebant,
956 314 1053 344 quan-

166 353 233 377 tum
257 348 377 388 cuique,
404 350 468 387 ejus
489 349 588 387 jussu,
613 357 811 378 nummorum
836 353 911 377 esset
934 347 1051 376 datum.

166 391 337 421 &emebant
353 392 552 432 Syracusani:
578 391 629 421 sed
645 398 747 421 tamen
764 390 964 431 patiebantur.
989 390 1052 420 Re-

164 440 253 473 pente
275 434 426 472 recitatur,
448 445 510 465 uno
525 434 647 464 nomine
664 434 720 464 Hs
737 433 821 464 CCL
836 433 944 470 millia,
965 433 1053 471 jussu

163 477 310 517 praetoris,
335 477 415 507 data.
448 478 498 508 Fit
518 477 672 507 maximus
688 477 800 507 clamor
815 476 965 513 omnium,
990 485 1052 505 non

164 520 255 550 modo
275 520 382 560 optimi
403 522 561 561 cujusque,
583 530 682 561 neque
702 530 806 551 eorum
827 519 938 560 quibus
952 518 1053 558 indig-

163 572 239 592 num
265 574 382 604 semper
406 564 505 594 visum
530 570 603 600 erat,
629 565 709 593 bona
731 562 851 604 privati,
873 561 979 602 populi
999 571 1053 591 no-

164 606 257 643 mine,
284 618 337 647 per
352 617 505 637 summam
525 606 670 646 injuriam
691 613 810 647 erepta:
836 615 941 635 verum
963 604 1054 634 etiam

163 649 220 689 ipsi
236 649 281 679 illi
295 655 429 679 auctores
449 650 580 689 injuriae,
603 655 633 679 et
647 660 684 679 ex
700 649 803 690 aliqua
818 647 966 688 particula
982 647 1053 677 socii

164 693 274 732 praedae
288 703 323 723 ac
338 693 524 733 rapinarum,
542 693 671 722 clamare
686 698 850 733 coeperuut,
873 690 929 720 sibi
949 696 984 720 ut
998 690 1053 719 ha-

164 736 247 765 beret
271 735 487 766 haereditatem.
520 736 640 765 Tantus
664 735 696 764 in
720 735 802 765 curiit
823 734 936 764 clamor
955 733 1052 763 factus

160 784 215 815 est,
232 784 267 808 ut
281 779 412 819 populus
428 784 624 809 concurreret.

205 822 280 851 XX.
299 823 371 857 Res,
388 823 426 852 ab
442 822 525 852 omni
540 827 689 852 conventu
705 821 834 861 cognita,
851 820 983 850 celeriter
998 818 1051 849 do-

161 874 180 893 1
175 875 249 893 ium
265 865 430 894 nuntiatur.
456 865 572 902 Homo,
585 864 725 894 inimicus
740 864 787 894 his
802 863 862 911 qui.
868 863 1050 899 recitassent,

161 907 255 937 hostis
279 908 420 937 omnibus
445 908 498 948 qui
522 906 746 944 acclamassent,
768 906 878 937 exarsit
897 905 1052 936 iracundia

162 960 196 980 ac
213 950 375 980 stomacho.
408 951 630 981 Verumtamen
652 951 709 980 fuit
731 957 797 980 tum
819 950 865 980 sui
887 949 1049 979 dissimilis.

162 993 268 1023 Nostis
284 1004 316 1023 os
330 994 473 1031 hominis,
490 995 583 1024 nostis
598 993 774 1023 audaciam:
800 998 900 1022 tamen
918 998 984 1022 tum
1000 1002 1052 1021 ru-

161 1046 244 1066 more
264 1037 381 1077 populi,
404 1043 433 1066 et
453 1038 594 1074 claruere,
614 1043 643 1066 et
658 1037 739 1066 furto
754 1036 913 1066 manifesto
928 1035 1050 1075 grandis

160 1080 307 1119 pecuniae,
329 1081 521 1120 perturbatus
542 1086 594 1110 est.
628 1080 691 1110 Ubi
707 1090 737 1110 se
752 1079 883 1119 collegit,
905 1084 990 1108 vocat
1011 1078 1049 1107 ad

161 1132 192 1152 se
214 1123 435 1162 Syracusanos:
461 1123 533 1164 quia
548 1133 608 1153 non
627 1129 725 1163 posset
746 1133 855 1162 negare
870 1123 907 1151 ab
923 1121 982 1151 illis
997 1131 1050 1161 pe-

161 1165 283 1195 cuniam
298 1165 400 1195 datam
415 1177 424 1202 ;
442 1176 502 1196 non
518 1166 656 1207 quaesivit
667 1166 772 1206 procul
784 1164 922 1195 alicunde
938 1167 1050 1204 (neque

160 1208 241 1238 enim
257 1210 421 1249 probaret),
435 1209 486 1240 sed
498 1210 685 1250 proximum,
698 1219 784 1249 paene
795 1208 923 1238 alterum
937 1207 1047 1245 filium,

158 1262 251 1292 quem
267 1252 352 1282 illam
368 1253 529 1292 pecuniam
546 1252 655 1282 diceret
670 1252 845 1281 abstulisse:
871 1250 1001 1281 ostendit
1019 1261 1050 1280 se

157 1295 280 1324 reddere
295 1301 478 1325 coacturum.
503 1295 579 1332 Qui,
596 1301 792 1335 posteaquam
807 1294 839 1324 id
850 1293 977 1330 audivit,
993 1293 1048 1323 ha-

156 1338 224 1367 buit
245 1338 399 1378 dignitatis
420 1345 449 1368 et
469 1339 564 1368 aetatis
580 1344 608 1368 et
624 1337 787 1367 nobilitatis
803 1348 864 1366 suae
880 1336 1026 1366 rationem
1039 1348 1046 1366 :

158 1382 249 1411 verba
264 1381 346 1421 apud
362 1388 500 1411 senatum
519 1381 607 1411 fecit:
632 1381 744 1417 docuit,
766 1380 804 1410 ad
819 1391 849 1410 se
865 1380 942 1409 nihil
956 1379 1048 1420 perti-

150 1433 237 1453 tnere.
281 1424 328 1453 De
345 1424 412 1461 isto,
434 1425 477 1462 id,
499 1424 580 1465 quod
595 1434 700 1453 omnes
716 1424 868 1461 videbant,
885 1433 982 1463 neque
997 1422 1049 1452 ille

158 1466 283 1507 quidem
305 1468 440 1505 obscure,
457 1468 575 1497 locutus
591 1473 642 1497 est.
678 1467 788 1507 Itaque
802 1466 847 1496 illi
868 1465 1048 1506 Syracusani

159 1515 292 1539 statuam
312 1516 415 1550 postea
439 1516 627 1541 statuerunt:
653 1515 682 1539 et
705 1509 740 1547 is,
766 1509 819 1539 ubi
839 1509 973 1549 primum
994 1518 1048 1549 po-

160 1553 230 1589 tuit,
247 1552 340 1582 istum
356 1554 488 1594 reliquit,
505 1553 542 1583 de
557 1552 697 1593 provinci
693 1553 771 1593 [ique
785 1552 919 1582 decessit.

201 1595 244 1625 Et
258 1601 359 1626 tamen
376 1597 462 1627 aiunt
477 1607 548 1627 eum
560 1596 645 1637 queri
657 1596 750 1625 solere
762 1605 997 1635 nonnunquam,
1016 1605 1046 1624 se

157 1638 314 1675 miserum,
332 1640 414 1679 quod
429 1649 489 1669 non
505 1639 577 1676 suis,
594 1639 645 1669 sed
660 1649 795 1676 suorum,
812 1637 939 1678 peccatis
951 1643 980 1667 et
992 1638 1043 1668 cri-

156 1681 291 1711 minibus
321 1689 484 1721 prematur.
539 1681 723 1712 Triennium
755 1681 941 1722 provinciam
970 1680 1048 1711 obti-

146 1724 267 1754 nuisti:
285 1734 376 1764 gener
391 1726 501 1756 electus
516 1725 686 1755 adolescens
702 1734 800 1754 unum
815 1734 931 1754 annum
947 1729 1047 1755 tecum

153 1766 231 1797 fuit:
256 1767 381 1807 sodales,
404 1769 458 1800 viri
477 1769 579 1807 fortes,
604 1767 695 1808 legati
720 1767 776 1806 tui,
798 1767 897 1808 primo
917 1777 996 1799 anno
1019 1774 1048 1799 te
