1181 1902
313 68 363 99 IN
387 67 581 99 VERREM
606 67 647 98 V.
676 66 826 97 Cimo-5.
952 64 1014 94 449

152 166 239 205 (cum
253 170 393 204 surgeret
405 175 506 200 neme,
523 174 622 204 neque
637 163 820 194 senteutiam
835 163 975 199 diceret,)

122 240 208 278 Quid
224 240 281 271 hoc
296 247 341 271 est
352 243 366 271 ?

446 295 526 336 (sors
540 290 697 333 ducitur.)

159 369 370 407 Quamobrem
381 371 395 400 ἶ)
431 369 533 400 Nemo
563 375 627 399 erat
650 367 840 399 voluntarius
869 365 1012 397 laudator

117 418 260 453 praeturae
276 419 348 448 tue,
365 412 503 443 defensor
519 412 723 452 periculorum
740 418 874 446 tuorum,
887 420 1015 450 pracser-

119 455 175 485 tim
201 465 271 485 cum
296 455 372 486 inire
396 466 414 485 a
439 461 568 496 praetore
588 454 719 494 gratiam
742 455 867 494 posset?
902 453 1014 483 Nemo.

119 498 184 538 lpsi
209 498 255 527 illi
279 499 324 528 tui
346 498 492 535 convivae,
515 497 688 532 consili-itii,
705 496 827 533 conscii,
844 495 926 531 socii,
951 505 1016 525 ver-

119 541 194 570 bum
215 541 236 570 f
236 551 311 571 icere
332 551 393 571 non
416 541 577 571 audebant.
608 539 644 569 ln
665 550 726 580 qna
748 538 829 569 curia
846 544 945 568 statua
962 544 1016 568 tua

120 584 229 621 stabat,
247 590 276 614 et
291 584 374 614 nuda
389 584 481 622 filii‚·
473 594 503 613 111
526 594 561 613 ea
584 593 674 613 nemo
695 582 765 618 fuit,
782 592 874 622 quem
898 591 936 611 nc
958 591 1017 611 nu-

119 626 177 656 dus
192 626 317 667 quidem
333 626 414 657 filius
428 626 460 656 in
475 626 560 656 nuda
574 626 730 667 provincia
745 626 971 655 commoveret?

162 669 270 709 Atque
293 669 385 700 etiam
408 669 465 700 hoc
490 680 540 699 me
564 669 683 707 docent,
705 667 855 708 ejusmodi
878 669 1016 697 senatfas-

120 712 257 742 consulto
278 723 341 743 sese
363 712 468 743 fecisse
485 711 703 749 laudationem,
727 717 762 741 ut
777 720 882 741 omnes
904 710 1017 740 intelli—

120 765 190 795 gere
204 762 338 795 possent,
355 765 415 785 non
431 755 649 792 laudationem,
666 754 717 785 sed
732 754 833 795 potius
847 753 1015 783 irrisionem

119 807 182 827 esse
197 798 294 837 illam,
311 809 382 840 quae
397 798 668 829 commonefaceret
688 797 775 828 istius
795 803 917 837 turpem
933 796 988 826 calz
989 807 1013 826 1-

119 841 323 881 mitosamque
347 847 526 882 praeturam.
555 841 681 871 Etenim
706 840 853 881 scriptum
878 849 941 869 esse
961 839 1015 875 ita,

121 883 203 924 quod
227 883 283 914 iste
304 886 327 902 ‘⁶
344 885 437 925 virgis
458 884 613 914 neminem
634 883 832 918 cecidisset;'’
856 893 874 912 a
889 893 950 930 quo
966 893 1015 912 co-

120 927 269 966 gnoscetis
284 927 487 958 nobilissimos
497 927 636 957 homines
651 933 743 967 atque
755 925 1016 956 innocentissimos

120 969 217 999 securi
237 980 299 1000 esse
314 981 490 1011 percussos:
517 973 540 988 “
557 969 640 1011 quod
655 969 814 1010 vigilanter
828 968 1015 1010 provinciam

121 1012 359 1043 administrasset
372 1014 405 1050 ;”
443 1014 530 1053 cujus
560 1023 665 1043 omnes
694 1012 813 1053 vigilias
843 1012 875 1041 in
904 1011 1015 1052 stupris

120 1061 236 1085 constat
262 1056 478 1097 adulteriisque
505 1066 568 1087 esse
597 1062 780 1086 consumtas.
820 1055 891 1085 Hoc
912 1060 1015 1084 autem

120 1098 267 1138 scriptum
284 1100 387 1137 etiam,
404 1099 486 1141 quod
506 1099 638 1140 proferre
653 1108 714 1129 non
730 1098 854 1128 auderet
869 1107 949 1134 reus,
967 1108 1016 1127 ac-

120 1148 239 1171 cusator
255 1142 377 1173 recitare
392 1152 453 1172 non
469 1142 627 1180 desineret,
645 1144 667 1160 “
680 1141 763 1182 quod
774 1141 930 1182 praedones
947 1151 1017 1180 pro-

122 1184 172 1213 cul
187 1185 225 1214 ab
238 1185 338 1215 insula
348 1184 449 1216 Sicilia
460 1185 662 1226 prohibuisset
672 1185 822 1221 Verres;”
836 1194 912 1224 quos
924 1184 1016 1213 etiam

123 1226 203 1256 intra
218 1228 441 1268 Syracusanam
453 1228 592 1258 Insulam
607 1228 773 1268 recepisset.
799 1227 881 1264 Quae
896 1232 1015 1267 postea-

122 1280 217 1309 quam
239 1281 276 1300 ex
298 1271 358 1301 illis
381 1271 518 1311 cognovi,
535 1270 655 1301 discessi
680 1280 750 1300 cum
772 1270 864 1300 fratre
885 1280 901 1299 e
921 1269 1015 1309 curia,

125 1318 170 1349 ut,
187 1313 273 1343 nobis
286 1314 472 1351 absentibus,
488 1313 514 1344 si
530 1313 604 1362 quid
620 1314 741 1351 vellent,
757 1313 959 1343 decernerent.

167 1356 273 1386 LXV.
297 1356 474 1387 Decernunt
495 1356 616 1386 statim:
646 1356 794 1397 primum,
822 1361 856 1385 ut
882 1365 952 1385 cum
975 1356 1013 1386 L.

124 1398 215 1429 fratre
231 1399 397 1440 hospitium
417 1400 538 1440 publice
554 1399 649 1436 fieret,
671 1399 776 1439 quod'
768 1409 794 1429 is
809 1398 947 1429 eamdem
963 1409 998 1429 vu
1002 1418 1016 1423 -

123 1441 272 1472 luntatem
300 1453 370 1483 erga
394 1445 599 1483 Syracusanos
623 1442 809 1483 suscepisset,
834 1451 928 1482 quam
958 1452 1014 1482 ego

122 1494 240 1525 semper
265 1486 449 1516 habuissem.
482 1485 519 1515 ld
540 1495 601 1515 non
623 1485 714 1515 modo
738 1492 803 1515 tum
819 1483 1013 1524 scripserunt,

123 1537 229 1558 verum
244 1528 334 1558 etiam
351 1528 383 1558 in
395 1539 452 1559 aere
467 1528 594 1558 incisum
606 1528 692 1558 nobis
701 1527 898 1558 tradiderunt.
915 1527 1016 1558 Valde

123 1569 251 1610 (hercle)
263 1576 292 1601 te
308 1571 487 1612 Syracusani
503 1570 559 1609 tui,
570 1581 646 1611 quos
661 1572 763 1601 crebro
778 1580 1014 1601 commemorare

123 1613 211 1649 soles,
227 1614 379 1654 dili‹runt;
404 1615 457 1655 qui
473 1624 543 1644 cum
559 1619 728 1644 accusatore
743 1620 796 1644 tuo
811 1613 883 1644 satis
895 1614 1010 1653 justam

122 1665 245 1686 causam
260 1658 394 1705 conjung
382 1657 463 1687 rzend
465 1668 481 1687 c
501 1656 725 1687 necessitudinis
745 1662 866 1704 putant,
886 1656 967 1697 quod
983 1662 1013 1686 te

121 1706 314 1730 accusaturus
330 1700 378 1737 sit,
396 1706 426 1730 et
443 1699 525 1741 quod
544 1700 584 1730 ad
598 1699 839 1740 inquirendum
831 1709 863 1729 in
879 1705 908 1729 te
924 1709 1012 1729 vene-

120 1741 168 1771 rit.
193 1742 302 1773 Postea
316 1723 499 1781 decernitur,
521 1753 555 1774 ac
576 1752 637 1773 non
653 1743 744 1783 varie,
761 1742 814 1774 sed
833 1752 927 1784 prope
941 1751 1012 1773 con-
