<?xml version="1.0" encoding="UTF-8"?>
<!DOCTYPE html PUBLIC "-//W3C//DTD XHTML 1.0 Transitional//EN"
    "http://www.w3.org/TR/xhtml1/DTD/xhtml1-transitional.dtd">
<html xmlns="http://www.w3.org/1999/xhtml" xml:lang="en" lang="en">
 <head>
  <title>
</title>
<meta http-equiv="Content-Type" content="text/html;charset=utf-8" />
  <meta name='ocr-system' content='tesseract 3.04.00' />
  <meta name='ocr-capabilities' content='ocr_page ocr_carea ocr_par ocr_line ocrx_word'/>
</head>
<body>
  <div class='ocr_page' id='page_1' title='image "./operaern05ciceuoft_0027.png"; bbox 0 0 1216 1907; ppageno 0'>
   <div class='ocr_carea' id='block_1_1' title="bbox 259 83 977 130">
    <p class='ocr_par' dir='ltr' id='par_1_1' title="bbox 259 83 977 130">
     <span class='ocr_line' id='line_1_1' title="bbox 259 83 977 130; baseline -0.008 -7"><span class='ocrx_word' id='word_1_1' title='bbox 259 90 350 123; x_wconf 87' lang='lat' dir='ltr'>PRO</span> <span class='ocrx_word' id='word_1_2' title='bbox 374 90 410 122; x_wconf 88' lang='lat' dir='ltr'>P.</span> <span class='ocrx_word' id='word_1_3' title='bbox 427 89 639 130; x_wconf 92' lang='lat' dir='ltr'><strong>QUINTIO.</strong></span> <span class='ocrx_word' id='word_1_4' title='bbox 656 87 742 120; x_wconf 74' lang='lat' dir='ltr'><strong>CAP.</strong></span> <span class='ocrx_word' id='word_1_5' title='bbox 761 88 811 119; x_wconf 82' lang='lat'>13.</span> <span class='ocrx_word' id='word_1_6' title='bbox 936 83 977 118; x_wconf 76' lang='lat'>15</span> 
     </span>
    </p>
   </div>
   <div class='ocr_carea' id='block_1_2' title="bbox 84 173 985 1812">
    <p class='ocr_par' dir='ltr' id='par_1_2' title="bbox 86 173 976 432">
     <span class='ocr_line' id='line_1_2' title="bbox 87 173 976 219; baseline -0.004 -11"><span class='ocrx_word' id='word_1_7' title='bbox 87 176 230 215; x_wconf 74' lang='lat' dir='ltr'>audebas,</span> <span class='ocrx_word' id='word_1_8' title='bbox 249 177 411 219; x_wconf 82' lang='lat' dir='ltr'>appellare.</span> <span class='ocrx_word' id='word_1_9' title='bbox 433 177 531 218; x_wconf 84' lang='lat' dir='ltr'>Saepe,</span> <span class='ocrx_word' id='word_1_10' title='bbox 548 181 583 206; x_wconf 86' lang='lat' dir='ltr'>ut</span> <span class='ocrx_word' id='word_1_11' title='bbox 597 176 642 213; x_wconf 80' lang='lat' dir='ltr'>fit,</span> <span class='ocrx_word' id='word_1_12' title='bbox 659 185 728 206; x_wconf 85' lang='lat' dir='ltr'>cum</span> <span class='ocrx_word' id='word_1_13' title='bbox 744 174 808 216; x_wconf 90' lang='lat' dir='ltr'>ipse</span> <span class='ocrx_word' id='word_1_14' title='bbox 822 180 852 205; x_wconf 87' lang='lat' dir='ltr'>te</span> <span class='ocrx_word' id='word_1_15' title='bbox 866 173 976 204; x_wconf 87' lang='lat' dir='ltr'>confir-</span> 
     </span>
     <span class='ocr_line' id='line_1_3' title="bbox 86 217 974 260; baseline -0.006 -9"><span class='ocrx_word' id='word_1_16' title='bbox 86 221 210 257; x_wconf 72' lang='lat' dir='ltr'>masses,</span> <span class='ocrx_word' id='word_1_17' title='bbox 223 231 292 251; x_wconf 84' lang='lat' dir='ltr'>cum</span> <span class='ocrx_word' id='word_1_18' title='bbox 307 220 459 251; x_wconf 82' lang='lat' dir='ltr'>statuisses</span> <span class='ocrx_word' id='word_1_19' title='bbox 473 220 510 250; x_wconf 90' lang='lat' dir='ltr'>de</span> <span class='ocrx_word' id='word_1_20' title='bbox 522 219 650 260; x_wconf 78' lang='lat' dir='ltr'>pecunia</span> <span class='ocrx_word' id='word_1_21' title='bbox 664 218 850 249; x_wconf 80' lang='lat' dir='ltr'>mentionem</span> <span class='ocrx_word' id='word_1_22' title='bbox 866 217 974 254; x_wconf 69' lang='lat' dir='ltr'>facere,</span> 
     </span>
     <span class='ocr_line' id='line_1_4' title="bbox 87 260 974 304; baseline -0.005 -10"><span class='ocrx_word' id='word_1_23' title='bbox 87 273 157 294; x_wconf 88' lang='lat' dir='ltr'>cum</span> <span class='ocrx_word' id='word_1_24' title='bbox 172 270 293 304; x_wconf 83' lang='lat' dir='ltr'>paratus</span> <span class='ocrx_word' id='word_1_25' title='bbox 307 263 531 304; x_wconf 82' lang='lat' dir='ltr'><strong>meditatusque</strong></span> <span class='ocrx_word' id='word_1_26' title='bbox 550 262 699 298; x_wconf 85' lang='lat' dir='ltr'>venisses;</span> <span class='ocrx_word' id='word_1_27' title='bbox 723 262 816 291; x_wconf 91' lang='lat' dir='ltr'>homo</span> <span class='ocrx_word' id='word_1_28' title='bbox 836 260 974 298; x_wconf 88' lang='lat' dir='ltr'>timidus,</span> 
     </span>
     <span class='ocr_line' id='line_1_5' title="bbox 86 303 976 347; baseline -0.005 -10"><span class='ocrx_word' id='word_1_29' title='bbox 86 306 226 347; x_wconf 85' lang='lat' dir='ltr'>virginali</span> <span class='ocrx_word' id='word_1_30' title='bbox 241 306 430 343; x_wconf 84' lang='lat' dir='ltr'>verecundia,</span> <span class='ocrx_word' id='word_1_31' title='bbox 448 306 548 336; x_wconf 90' lang='lat' dir='ltr'>subito</span> <span class='ocrx_word' id='word_1_32' title='bbox 566 305 631 346; x_wconf 89' lang='lat' dir='ltr'>ipse</span> <span class='ocrx_word' id='word_1_33' title='bbox 650 311 681 335; x_wconf 84' lang='lat' dir='ltr'>te</span> <span class='ocrx_word' id='word_1_34' title='bbox 703 304 870 334; x_wconf 89' lang='lat' dir='ltr'>retinebas·</span> <span class='ocrx_word' id='word_1_35' title='bbox 895 303 976 334; x_wconf 84' lang='lat' dir='ltr'>exci-</span> 
     </span>
     <span class='ocr_line' id='line_1_6' title="bbox 86 347 973 391; baseline -0.006 -11"><span class='ocrx_word' id='word_1_36' title='bbox 86 348 177 380; x_wconf 77' lang='lat' dir='ltr'>debat</span> <span class='ocrx_word' id='word_1_37' title='bbox 201 355 321 391; x_wconf 88' lang='lat' dir='ltr'>repente</span> <span class='ocrx_word' id='word_1_38' title='bbox 346 350 459 379; x_wconf 86' lang='lat' dir='ltr'>oratio.</span> <span class='ocrx_word' id='word_1_39' title='bbox 483 359 555 379; x_wconf 89' lang='lat' dir='ltr'>cum</span> <span class='ocrx_word' id='word_1_40' title='bbox 577 358 700 389; x_wconf 84' lang='lat' dir='ltr'>cuperes</span> <span class='ocrx_word' id='word_1_41' title='bbox 722 347 885 388; x_wconf 83' lang='lat' dir='ltr'>appellare,</span> <span class='ocrx_word' id='word_1_42' title='bbox 909 356 973 376; x_wconf 88' lang='lat' dir='ltr'>non</span> 
     </span>
     <span class='ocr_line' id='line_1_7' title="bbox 86 390 845 432; baseline -0.005 -9"><span class='ocrx_word' id='word_1_43' title='bbox 86 392 265 431; x_wconf 71' lang='lat' dir='ltr'>audebas‚n</span> <span class='ocrx_word' id='word_1_44' title='bbox 245 403 283 423; x_wconf 92' lang='lat' dir='ltr'>ne</span> <span class='ocrx_word' id='word_1_45' title='bbox 297 392 409 423; x_wconf 89' lang='lat' dir='ltr'>invitus</span> <span class='ocrx_word' id='word_1_46' title='bbox 420 392 547 423; x_wconf 87' lang='lat' dir='ltr'>audiret.</span> <span class='ocrx_word' id='word_1_47' title='bbox 572 391 610 422; x_wconf 90' lang='lat' dir='ltr'>Id</span> <span class='ocrx_word' id='word_1_48' title='bbox 625 397 688 421; x_wconf 87' lang='lat' dir='ltr'>erat</span> <span class='ocrx_word' id='word_1_49' title='bbox 702 390 845 432; x_wconf 88' lang='lat' dir='ltr'>profecto.</span> 
     </span>
    </p>

    <p class='ocr_par' dir='ltr' id='par_1_3' title="bbox 84 433 979 940">
     <span class='ocr_line' id='line_1_8' title="bbox 129 433 977 474; baseline -0.005 -8"><span class='ocrx_word' id='word_1_50' title='bbox 129 435 210 466; x_wconf 86' lang='lat' dir='ltr'>XII.</span> <span class='ocrx_word' id='word_1_51' title='bbox 243 436 410 467; x_wconf 85' lang='lat' dir='ltr'>Credamus</span> <span class='ocrx_word' id='word_1_52' title='bbox 424 435 492 474; x_wconf 88' lang='lat' dir='ltr'>hoc,</span> <span class='ocrx_word' id='word_1_53' title='bbox 508 436 579 466; x_wconf 78' lang='lat' dir='ltr'>Sex.</span> <span class='ocrx_word' id='word_1_54' title='bbox 596 433 754 471; x_wconf 84' lang='lat' dir='ltr'>Naevium,</span> <span class='ocrx_word' id='word_1_55' title='bbox 777 433 864 472; x_wconf 85' lang='lat' dir='ltr'>cujus</span> <span class='ocrx_word' id='word_1_56' title='bbox 884 438 977 473; x_wconf 84' lang='lat' dir='ltr'>caput</span> 
     </span>
     <span class='ocr_line' id='line_1_9' title="bbox 85 475 975 519; baseline -0.004 -10"><span class='ocrx_word' id='word_1_57' title='bbox 85 485 251 519; x_wconf 81' lang='lat' dir='ltr'><strong>oppugnet,</strong></span> <span class='ocrx_word' id='word_1_58' title='bbox 282 479 346 518; x_wconf 92' lang='lat' dir='ltr'>ejus</span> <span class='ocrx_word' id='word_1_59' title='bbox 375 479 500 509; x_wconf 82' lang='lat' dir='ltr'>auribus</span> <span class='ocrx_word' id='word_1_60' title='bbox 522 477 698 519; x_wconf 83' lang='lat' dir='ltr'>pepercisse.</span> <span class='ocrx_word' id='word_1_61' title='bbox 747 476 780 506; x_wconf 69' lang='lat' dir='ltr'>Si</span> <span class='ocrx_word' id='word_1_62' title='bbox 810 475 975 514; x_wconf 83' lang='lat' dir='ltr'>debuisset,</span> 
     </span>
     <span class='ocr_line' id='line_1_10' title="bbox 88 518 976 570; baseline -0.005 -18"><span class='ocrx_word' id='word_1_63' title='bbox 88 522 189 561; x_wconf 75' lang='lat' dir='ltr'>Sexte,</span> <span class='ocrx_word' id='word_1_64' title='bbox 205 522 329 570; x_wconf 76' lang='lat' dir='ltr'>petisses</span> <span class='ocrx_word' id='word_1_65' title='bbox 350 521 473 552; x_wconf 84' lang='lat' dir='ltr'>statim:</span> <span class='ocrx_word' id='word_1_66' title='bbox 498 521 523 551; x_wconf 88' lang='lat' dir='ltr'>si</span> <span class='ocrx_word' id='word_1_67' title='bbox 538 531 599 551; x_wconf 89' lang='lat' dir='ltr'>non</span> <span class='ocrx_word' id='word_1_68' title='bbox 615 520 729 556; x_wconf 84' lang='lat' dir='ltr'>statim,</span> <span class='ocrx_word' id='word_1_69' title='bbox 741 519 834 560; x_wconf 79' lang='lat' dir='ltr'>paulo</span> <span class='ocrx_word' id='word_1_70' title='bbox 850 518 976 559; x_wconf 90' lang='lat' dir='ltr'>quidem</span> 
     </span>
     <span class='ocr_line' id='line_1_11' title="bbox 86 561 977 606; baseline -0.004 -11"><span class='ocrx_word' id='word_1_71' title='bbox 86 569 173 606; x_wconf 79' lang='lat' dir='ltr'>post3</span> <span class='ocrx_word' id='word_1_72' title='bbox 197 565 222 595; x_wconf 92' lang='lat' dir='ltr'>si</span> <span class='ocrx_word' id='word_1_73' title='bbox 239 574 298 595; x_wconf 91' lang='lat' dir='ltr'>non</span> <span class='ocrx_word' id='word_1_74' title='bbox 314 565 418 605; x_wconf 88' lang='lat' dir='ltr'>paulo,</span> <span class='ocrx_word' id='word_1_75' title='bbox 441 570 473 594; x_wconf 87' lang='lat' dir='ltr'>at</span> <span class='ocrx_word' id='word_1_76' title='bbox 491 564 670 605; x_wconf 79' lang='lat' dir='ltr'>aliquant03</span> <span class='ocrx_word' id='word_1_77' title='bbox 703 572 756 593; x_wconf 83' lang='lat' dir='ltr'>sex</span> <span class='ocrx_word' id='word_1_78' title='bbox 772 561 897 603; x_wconf 88' lang='lat' dir='ltr'>quidem</span> <span class='ocrx_word' id='word_1_79' title='bbox 915 562 977 592; x_wconf 88' lang='lat' dir='ltr'>illis</span> 
     </span>
     <span class='ocr_line' id='line_1_12' title="bbox 84 605 976 648; baseline -0.004 -10"><span class='ocrx_word' id='word_1_80' title='bbox 84 607 240 638; x_wconf 87' lang='lat' dir='ltr'>mensibus</span> <span class='ocrx_word' id='word_1_81' title='bbox 254 608 408 648; x_wconf 82' lang='lat' dir='ltr'>profecto3</span> <span class='ocrx_word' id='word_1_82' title='bbox 433 617 513 637; x_wconf 87' lang='lat' dir='ltr'>anno</span> <span class='ocrx_word' id='word_1_83' title='bbox 527 612 672 644; x_wconf 83' lang='lat' dir='ltr'>vertente,</span> <span class='ocrx_word' id='word_1_84' title='bbox 685 605 749 636; x_wconf 91' lang='lat' dir='ltr'>sine</span> <span class='ocrx_word' id='word_1_85' title='bbox 764 605 976 636; x_wconf 84' lang='lat' dir='ltr'>controversia.</span> 
     </span>
     <span class='ocr_line' id='line_1_13' title="bbox 87 648 977 690; baseline -0.003 -9"><span class='ocrx_word' id='word_1_86' title='bbox 87 649 182 681; x_wconf 88' lang='lat' dir='ltr'>Anno</span> <span class='ocrx_word' id='word_1_87' title='bbox 197 656 226 681; x_wconf 88' lang='lat' dir='ltr'>et</span> <span class='ocrx_word' id='word_1_88' title='bbox 240 661 292 681; x_wconf 86' lang='lat' dir='ltr'>sex</span> <span class='ocrx_word' id='word_1_89' title='bbox 310 651 464 681; x_wconf 84' lang='lat' dir='ltr'>mensibus</span> <span class='ocrx_word' id='word_1_90' title='bbox 480 661 562 687; x_wconf 83' lang='lat' dir='ltr'>vero,</span> <span class='ocrx_word' id='word_1_91' title='bbox 573 660 644 680; x_wconf 89' lang='lat' dir='ltr'>cum</span> <span class='ocrx_word' id='word_1_92' title='bbox 660 648 716 679; x_wconf 85' lang='lat' dir='ltr'>tibi</span> <span class='ocrx_word' id='word_1_93' title='bbox 731 648 867 690; x_wconf 81' lang='lat' dir='ltr'>quotidie</span> <span class='ocrx_word' id='word_1_94' title='bbox 876 654 977 689; x_wconf 88' lang='lat' dir='ltr'>potes-</span> 
     </span>
     <span class='ocr_line' id='line_1_14' title="bbox 85 691 978 730; baseline -0.003 -6"><span class='ocrx_word' id='word_1_95' title='bbox 85 698 134 724; x_wconf 78' lang='lat' dir='ltr'>tas</span> <span class='ocrx_word' id='word_1_96' title='bbox 147 693 278 724; x_wconf 87' lang='lat' dir='ltr'>hominis</span> <span class='ocrx_word' id='word_1_97' title='bbox 299 693 405 724; x_wconf 87' lang='lat' dir='ltr'>fuisset</span> <span class='ocrx_word' id='word_1_98' title='bbox 425 692 620 730; x_wconf 84' lang='lat' dir='ltr'>admonendi,</span> <span class='ocrx_word' id='word_1_99' title='bbox 637 693 764 723; x_wconf 89' lang='lat' dir='ltr'>verbum</span> <span class='ocrx_word' id='word_1_100' title='bbox 787 691 909 721; x_wconf 81' lang='lat' dir='ltr'>nullum</span> <span class='ocrx_word' id='word_1_101' title='bbox 931 691 978 722; x_wconf 87' lang='lat' dir='ltr'>fa-</span> 
     </span>
     <span class='ocr_line' id='line_1_15' title="bbox 88 734 977 784; baseline -0.003 -17"><span class='ocrx_word' id='word_1_102' title='bbox 88 735 151 767; x_wconf 88' lang='lat' dir='ltr'>cis:</span> <span class='ocrx_word' id='word_1_103' title='bbox 175 737 297 767; x_wconf 85' lang='lat' dir='ltr'>biennio</span> <span class='ocrx_word' id='word_1_104' title='bbox 315 737 382 776; x_wconf 88' lang='lat' dir='ltr'>jam</span> <span class='ocrx_word' id='word_1_105' title='bbox 401 736 536 767; x_wconf 74' lang='lat' dir='ltr'>confecto</span> <span class='ocrx_word' id='word_1_106' title='bbox 550 736 624 773; x_wconf 89' lang='lat' dir='ltr'>fere,</span> <span class='ocrx_word' id='word_1_107' title='bbox 643 735 787 784; x_wconf 78' lang='lat' dir='ltr'>appellas.</span> <span class='ocrx_word' id='word_1_108' title='bbox 812 734 892 772; x_wconf 88' lang='lat' dir='ltr'>Quis</span> <span class='ocrx_word' id='word_1_109' title='bbox 912 740 977 765; x_wconf 85' lang='lat' dir='ltr'>tam</span> 
     </span>
     <span class='ocr_line' id='line_1_16' title="bbox 86 777 979 821; baseline -0.003 -11"><span class='ocrx_word' id='word_1_110' title='bbox 86 779 221 820; x_wconf 82' lang='lat' dir='ltr'>perditus</span> <span class='ocrx_word' id='word_1_111' title='bbox 235 790 269 810; x_wconf 87' lang='lat' dir='ltr'>ac</span> <span class='ocrx_word' id='word_1_112' title='bbox 280 780 422 821; x_wconf 87' lang='lat' dir='ltr'>profusus</span> <span class='ocrx_word' id='word_1_113' title='bbox 436 790 540 821; x_wconf 83' lang='lat' dir='ltr'>nepos,</span> <span class='ocrx_word' id='word_1_114' title='bbox 553 789 614 809; x_wconf 91' lang='lat' dir='ltr'>non</span> <span class='ocrx_word' id='word_1_115' title='bbox 625 778 738 809; x_wconf 85' lang='lat' dir='ltr'>adesa&#39;</span> <span class='ocrx_word' id='word_1_116' title='bbox 727 788 831 817; x_wconf 83' lang='lat' dir='ltr'>Jam,s</span> <span class='ocrx_word' id='word_1_117' title='bbox 817 777 869 808; x_wconf 87' lang='lat' dir='ltr'>sed</span> <span class='ocrx_word' id='word_1_118' title='bbox 880 778 979 808; x_wconf 87' lang='lat' dir='ltr'>abun-</span> 
     </span>
     <span class='ocr_line' id='line_1_17' title="bbox 87 820 979 864; baseline -0.002 -12"><span class='ocrx_word' id='word_1_119' title='bbox 87 821 173 853; x_wconf 85' lang='lat' dir='ltr'>danti</span> <span class='ocrx_word' id='word_1_120' title='bbox 202 823 293 853; x_wconf 89' lang='lat' dir='ltr'>etiam</span> <span class='ocrx_word' id='word_1_121' title='bbox 315 823 455 864; x_wconf 80' lang='lat' dir='ltr'>pecunia,</span> <span class='ocrx_word' id='word_1_122' title='bbox 477 823 518 853; x_wconf 88' lang='lat' dir='ltr'>sic</span> <span class='ocrx_word' id='word_1_123' title='bbox 540 822 705 852; x_wconf 87' lang='lat' dir='ltr'>dissolutus</span> <span class='ocrx_word' id='word_1_124' title='bbox 726 820 844 859; x_wconf 83' lang='lat' dir='ltr'>fuisset,</span> <span class='ocrx_word' id='word_1_125' title='bbox 861 826 897 851; x_wconf 84' lang='lat' dir='ltr'>ut</span> <span class='ocrx_word' id='word_1_126' title='bbox 918 820 979 851; x_wconf 85' lang='lat' dir='ltr'>fuit</span> 
     </span>
     <span class='ocr_line' id='line_1_18' title="bbox 87 863 979 903; baseline -0.002 -7"><span class='ocrx_word' id='word_1_127' title='bbox 87 866 159 896; x_wconf 85' lang='lat' dir='ltr'>Sex.</span> <span class='ocrx_word' id='word_1_128' title='bbox 180 865 328 897; x_wconf 87' lang='lat' dir='ltr'>Naevius.</span> <span class='ocrx_word' id='word_1_129' title='bbox 320 868 335 889; x_wconf 57' lang='grc' dir='ltr'>’θ</span> <span class='ocrx_word' id='word_1_130' title='bbox 369 865 451 897; x_wconf 87' lang='lat' dir='ltr'>Cum</span> <span class='ocrx_word' id='word_1_131' title='bbox 469 865 628 896; x_wconf 87' lang='lat' dir='ltr'>hominem</span> <span class='ocrx_word' id='word_1_132' title='bbox 648 864 786 903; x_wconf 81' lang='lat' dir='ltr'>nomino,</span> <span class='ocrx_word' id='word_1_133' title='bbox 808 863 881 895; x_wconf 81' lang='lat' dir='ltr'>satis</span> <span class='ocrx_word' id='word_1_134' title='bbox 900 864 979 895; x_wconf 87' lang='lat' dir='ltr'>mihi</span> 
     </span>
     <span class='ocr_line' id='line_1_19' title="bbox 87 908 312 940; baseline 0 -1"><span class='ocrx_word' id='word_1_135' title='bbox 87 908 190 939; x_wconf 86' lang='lat' dir='ltr'>videor</span> <span class='ocrx_word' id='word_1_136' title='bbox 204 908 312 940; x_wconf 81' lang='lat' dir='ltr'>dicere.</span> 
     </span>
    </p>

    <p class='ocr_par' dir='ltr' id='par_1_4' title="bbox 86 949 984 1543">
     <span class='ocr_line' id='line_1_20' title="bbox 129 949 981 992; baseline -0.002 -10"><span class='ocrx_word' id='word_1_137' title='bbox 129 951 247 983; x_wconf 88' lang='lat' dir='ltr'>Debuit</span> <span class='ocrx_word' id='word_1_138' title='bbox 258 952 314 983; x_wconf 91' lang='lat' dir='ltr'>tibi</span> <span class='ocrx_word' id='word_1_139' title='bbox 325 951 361 983; x_wconf 88' lang='lat' dir='ltr'>C.</span> <span class='ocrx_word' id='word_1_140' title='bbox 378 951 547 990; x_wconf 84' lang='lat' dir='ltr'>Quintius:</span> <span class='ocrx_word' id='word_1_141' title='bbox 571 961 732 992; x_wconf 89' lang='lat' dir='ltr'>nunquam</span> <span class='ocrx_word' id='word_1_142' title='bbox 741 949 866 991; x_wconf 76' lang='lat' dir='ltr'>petisti!</span> <span class='ocrx_word' id='word_1_143' title='bbox 890 949 981 981; x_wconf 86' lang='lat' dir='ltr'>Mor-</span> 
     </span>
     <span class='ocr_line' id='line_1_21' title="bbox 86 994 980 1034; baseline -0.002 -9"><span class='ocrx_word' id='word_1_144' title='bbox 86 999 159 1026; x_wconf 80' lang='lat' dir='ltr'>tuus</span> <span class='ocrx_word' id='word_1_145' title='bbox 174 1000 218 1026; x_wconf 86' lang='lat' dir='ltr'>est</span> <span class='ocrx_word' id='word_1_146' title='bbox 231 995 283 1025; x_wconf 86' lang='lat' dir='ltr'>ille</span> <span class='ocrx_word' id='word_1_147' title='bbox 295 1007 304 1025; x_wconf 73' lang='lat' dir='ltr'><em>z</em></span> <span class='ocrx_word' id='word_1_148' title='bbox 328 1006 374 1026; x_wconf 90' lang='lat' dir='ltr'>res</span> <span class='ocrx_word' id='word_1_149' title='bbox 389 995 428 1025; x_wconf 85' lang='lat' dir='ltr'>ad</span> <span class='ocrx_word' id='word_1_150' title='bbox 441 994 593 1025; x_wconf 83' lang='lat' dir='ltr'>haeredem</span> <span class='ocrx_word' id='word_1_151' title='bbox 609 994 701 1024; x_wconf 90' lang='lat' dir='ltr'>venit.</span> <span class='ocrx_word' id='word_1_152' title='bbox 725 994 807 1024; x_wconf 90' lang='lat' dir='ltr'>Cum</span> <span class='ocrx_word' id='word_1_153' title='bbox 822 1003 891 1024; x_wconf 89' lang='lat' dir='ltr'>eum</span> <span class='ocrx_word' id='word_1_154' title='bbox 904 1004 980 1034; x_wconf 91' lang='lat' dir='ltr'>quo-</span> 
     </span>
     <span class='ocr_line' id='line_1_22' title="bbox 86 1036 980 1079; baseline -0.002 -11"><span class='ocrx_word' id='word_1_155' title='bbox 86 1037 160 1069; x_wconf 82' lang='lat' dir='ltr'>tidie</span> <span class='ocrx_word' id='word_1_156' title='bbox 170 1038 295 1076; x_wconf 85' lang='lat' dir='ltr'>videres,</span> <span class='ocrx_word' id='word_1_157' title='bbox 311 1044 380 1079; x_wconf 89' lang='lat' dir='ltr'>post</span> <span class='ocrx_word' id='word_1_158' title='bbox 390 1038 548 1069; x_wconf 83' lang='lat' dir='ltr'>biennium</span> <span class='ocrx_word' id='word_1_159' title='bbox 563 1037 695 1078; x_wconf 88' lang='lat' dir='ltr'>denique</span> <span class='ocrx_word' id='word_1_160' title='bbox 709 1037 852 1078; x_wconf 85' lang='lat' dir='ltr'>appellas.</span> <span class='ocrx_word' id='word_1_161' title='bbox 877 1036 980 1067; x_wconf 94' lang='lat' dir='ltr'>Dubi-</span> 
     </span>
     <span class='ocr_line' id='line_1_23' title="bbox 87 1080 979 1123; baseline -0.001 -12"><span class='ocrx_word' id='word_1_162' title='bbox 87 1081 211 1120; x_wconf 78' lang='lat' dir='ltr'>tabitur,</span> <span class='ocrx_word' id='word_1_163' title='bbox 224 1087 328 1112; x_wconf 85' lang='lat' dir='ltr'>utrum</span> <span class='ocrx_word' id='word_1_164' title='bbox 343 1081 382 1112; x_wconf 89' lang='lat' dir='ltr'>sit</span> <span class='ocrx_word' id='word_1_165' title='bbox 395 1081 593 1123; x_wconf 83' lang='lat' dir='ltr'>probabilius,</span> <span class='ocrx_word' id='word_1_166' title='bbox 607 1081 677 1111; x_wconf 86' lang='lat' dir='ltr'>Sex.</span> <span class='ocrx_word' id='word_1_167' title='bbox 695 1081 726 1110; x_wconf 92' lang='lat' dir='ltr'>N</span> <span class='ocrx_word' id='word_1_168' title='bbox 730 1080 841 1110; x_wconf 85' lang='lat' dir='ltr'>aevium</span> <span class='ocrx_word' id='word_1_169' title='bbox 863 1080 979 1118; x_wconf 82' lang='lat' dir='ltr'>statim,</span> 
     </span>
     <span class='ocr_line' id='line_1_24' title="bbox 87 1123 979 1166; baseline -0.001 -12"><span class='ocrx_word' id='word_1_170' title='bbox 87 1123 112 1154; x_wconf 85' lang='lat' dir='ltr'>si</span> <span class='ocrx_word' id='word_1_171' title='bbox 127 1124 202 1166; x_wconf 90' lang='lat' dir='ltr'>quid</span> <span class='ocrx_word' id='word_1_172' title='bbox 221 1124 391 1162; x_wconf 75' lang='lat' dir='ltr'>deberetur,</span> <span class='ocrx_word' id='word_1_173' title='bbox 407 1124 575 1165; x_wconf 88' lang='lat' dir='ltr'>petiturum</span> <span class='ocrx_word' id='word_1_174' title='bbox 590 1123 695 1161; x_wconf 89' lang='lat' dir='ltr'>fuisse,</span> <span class='ocrx_word' id='word_1_175' title='bbox 716 1133 767 1161; x_wconf 87' lang='lat' dir='ltr'>an,</span> <span class='ocrx_word' id='word_1_176' title='bbox 783 1133 823 1153; x_wconf 89' lang='lat' dir='ltr'>ne</span> <span class='ocrx_word' id='word_1_177' title='bbox 843 1123 979 1164; x_wconf 86' lang='lat' dir='ltr'>appella·-</span> 
     </span>
     <span class='ocr_line' id='line_1_25' title="bbox 87 1166 978 1208; baseline -0.001 -11"><span class='ocrx_word' id='word_1_178' title='bbox 87 1172 193 1197; x_wconf 89' lang='lat' dir='ltr'>turum</span> <span class='ocrx_word' id='word_1_179' title='bbox 222 1167 347 1208; x_wconf 90' lang='lat' dir='ltr'>quidem</span> <span class='ocrx_word' id='word_1_180' title='bbox 376 1167 498 1198; x_wconf 89' lang='lat' dir='ltr'>biennio</span> <span class='ocrx_word' id='word_1_181' title='bbox 510 1169 524 1198; x_wconf 74' lang='grc' dir='ltr'><strong><em>Ρ</em></strong></span> <span class='ocrx_word' id='word_1_182' title='bbox 556 1166 746 1207; x_wconf 88' lang='lat' dir='ltr'>Appellandi</span> <span class='ocrx_word' id='word_1_183' title='bbox 772 1172 893 1207; x_wconf 86' lang='lat' dir='ltr'>tempus</span> <span class='ocrx_word' id='word_1_184' title='bbox 917 1175 978 1196; x_wconf 90' lang='lat' dir='ltr'>non</span> 
     </span>
     <span class='ocr_line' id='line_1_26' title="bbox 89 1209 982 1252; baseline -0.002 -11"><span class='ocrx_word' id='word_1_185' title='bbox 89 1212 177 1241; x_wconf 79' lang='lat' dir='ltr'>erat?</span> <span class='ocrx_word' id='word_1_186' title='bbox 199 1211 246 1241; x_wconf 86' lang='lat' dir='ltr'>At</span> <span class='ocrx_word' id='word_1_187' title='bbox 267 1217 369 1241; x_wconf 88' lang='lat' dir='ltr'>tecum</span> <span class='ocrx_word' id='word_1_188' title='bbox 390 1211 460 1252; x_wconf 89' lang='lat' dir='ltr'>plus</span> <span class='ocrx_word' id='word_1_189' title='bbox 481 1220 598 1241; x_wconf 83' lang='lat' dir='ltr'>annum</span> <span class='ocrx_word' id='word_1_190' title='bbox 621 1209 707 1240; x_wconf 81' lang='lat' dir='ltr'>vixit.</span> <span class='ocrx_word' id='word_1_191' title='bbox 743 1209 781 1240; x_wconf 92' lang='lat' dir='ltr'>In</span> <span class='ocrx_word' id='word_1_192' title='bbox 807 1209 910 1239; x_wconf 56' lang='lat' dir='ltr'>Gallia</span> <span class='ocrx_word' id='word_1_193' title='bbox 930 1210 982 1250; x_wconf 82' lang='lat' dir='ltr'>agi</span> 
     </span>
     <span class='ocr_line' id='line_1_27' title="bbox 89 1252 982 1295; baseline -0.002 -11"><span class='ocrx_word' id='word_1_194' title='bbox 89 1263 151 1284; x_wconf 90' lang='lat' dir='ltr'>non</span> <span class='ocrx_word' id='word_1_195' title='bbox 165 1253 290 1295; x_wconf 80' lang='lat' dir='ltr'>potuit?</span> <span class='ocrx_word' id='word_1_196' title='bbox 322 1254 370 1284; x_wconf 87' lang='lat' dir='ltr'>At</span> <span class='ocrx_word' id='word_1_197' title='bbox 395 1259 424 1284; x_wconf 87' lang='lat' dir='ltr'>et</span> <span class='ocrx_word' id='word_1_198' title='bbox 444 1254 476 1284; x_wconf 90' lang='lat' dir='ltr'>in</span> <span class='ocrx_word' id='word_1_199' title='bbox 498 1253 654 1294; x_wconf 54' lang='lat' dir='ltr'>provincia</span> <span class='ocrx_word' id='word_1_200' title='bbox 674 1253 726 1292; x_wconf 83' lang='lat' dir='ltr'>jus</span> <span class='ocrx_word' id='word_1_201' title='bbox 751 1252 927 1289; x_wconf 83' lang='lat' dir='ltr'>dicebatur;</span> <span class='ocrx_word' id='word_1_202' title='bbox 951 1258 982 1283; x_wconf 87' lang='lat' dir='ltr'>et</span> 
     </span>
     <span class='ocr_line' id='line_1_28' title="bbox 90 1295 980 1336; baseline -0.002 -9"><span class='ocrx_word' id='word_1_203' title='bbox 90 1295 198 1327; x_wconf 85' lang='lat' dir='ltr'>Romae</span> <span class='ocrx_word' id='word_1_204' title='bbox 205 1296 320 1336; x_wconf 84' lang='lat' dir='ltr'>judicia</span> <span class='ocrx_word' id='word_1_205' title='bbox 328 1296 450 1327; x_wconf 84' lang='lat' dir='ltr'>fiebant.</span> <span class='ocrx_word' id='word_1_206' title='bbox 461 1297 580 1332; x_wconf 78' lang='lat' dir='ltr'>Restat,</span> <span class='ocrx_word' id='word_1_207' title='bbox 588 1302 624 1326; x_wconf 90' lang='lat' dir='ltr'>ut</span> <span class='ocrx_word' id='word_1_208' title='bbox 633 1303 686 1326; x_wconf 90' lang='lat' dir='ltr'>aut</span> <span class='ocrx_word' id='word_1_209' title='bbox 693 1306 815 1326; x_wconf 81' lang='lat' dir='ltr'>summa</span> <span class='ocrx_word' id='word_1_210' title='bbox 823 1296 980 1336; x_wconf 87' lang='lat' dir='ltr'>negligen-</span> 
     </span>
     <span class='ocr_line' id='line_1_29' title="bbox 89 1339 981 1379; baseline -0.002 -9"><span class='ocrx_word' id='word_1_211' title='bbox 89 1339 133 1370; x_wconf 87' lang='lat' dir='ltr'>tia</span> <span class='ocrx_word' id='word_1_212' title='bbox 149 1339 205 1370; x_wconf 87' lang='lat' dir='ltr'>tibi</span> <span class='ocrx_word' id='word_1_213' title='bbox 219 1340 378 1378; x_wconf 85' lang='lat' dir='ltr'>obstiterit,</span> <span class='ocrx_word' id='word_1_214' title='bbox 395 1346 448 1370; x_wconf 83' lang='lat' dir='ltr'>aut</span> <span class='ocrx_word' id='word_1_215' title='bbox 463 1340 553 1370; x_wconf 82' lang='lat' dir='ltr'>unica</span> <span class='ocrx_word' id='word_1_216' title='bbox 566 1339 740 1369; x_wconf 82' lang='lat' dir='ltr'>liberalitas.</span> <span class='ocrx_word' id='word_1_217' title='bbox 775 1339 809 1370; x_wconf 86' lang='lat' dir='ltr'>Si</span> <span class='ocrx_word' id='word_1_218' title='bbox 824 1339 981 1379; x_wconf 86' lang='lat' dir='ltr'>negligen-</span> 
     </span>
     <span class='ocr_line' id='line_1_30' title="bbox 90 1382 979 1421; baseline -0.001 -8"><span class='ocrx_word' id='word_1_219' title='bbox 90 1383 165 1413; x_wconf 88' lang='lat' dir='ltr'>tiam</span> <span class='ocrx_word' id='word_1_220' title='bbox 187 1383 278 1421; x_wconf 90' lang='lat' dir='ltr'>dices,</span> <span class='ocrx_word' id='word_1_221' title='bbox 304 1383 504 1413; x_wconf 86' lang='lat' dir='ltr'>mirabimur.</span> <span class='ocrx_word' id='word_1_222' title='bbox 538 1383 563 1413; x_wconf 85' lang='lat' dir='ltr'>si</span> <span class='ocrx_word' id='word_1_223' title='bbox 587 1382 767 1420; x_wconf 77' lang='lat' dir='ltr'>bonitatem,</span> <span class='ocrx_word' id='word_1_224' title='bbox 791 1382 979 1412; x_wconf 83' lang='lat' dir='ltr'>ridebimus.</span> 
     </span>
     <span class='ocr_line' id='line_1_31' title="bbox 90 1424 984 1468; baseline -0.001 -12"><span class='ocrx_word' id='word_1_225' title='bbox 90 1435 189 1467; x_wconf 88' lang='lat' dir='ltr'>neque</span> <span class='ocrx_word' id='word_1_226' title='bbox 202 1431 355 1467; x_wconf 81' lang='lat' dir='ltr'>praeterea,</span> <span class='ocrx_word' id='word_1_227' title='bbox 368 1426 443 1468; x_wconf 89' lang='lat' dir='ltr'>quid</span> <span class='ocrx_word' id='word_1_228' title='bbox 458 1425 552 1467; x_wconf 88' lang='lat' dir='ltr'>possis</span> <span class='ocrx_word' id='word_1_229' title='bbox 564 1425 698 1464; x_wconf 87' lang='lat' dir='ltr'>dicere,</span> <span class='ocrx_word' id='word_1_230' title='bbox 689 1424 820 1457; x_wconf 87' lang='lat' dir='ltr'>mvenio.</span> <span class='ocrx_word' id='word_1_231' title='bbox 844 1425 924 1456; x_wconf 82' lang='lat' dir='ltr'>Satis</span> <span class='ocrx_word' id='word_1_232' title='bbox 938 1431 984 1455; x_wconf 85' lang='lat' dir='ltr'>est</span> 
     </span>
     <span class='ocr_line' id='line_1_32' title="bbox 89 1468 983 1510; baseline -0.001 -11"><span class='ocrx_word' id='word_1_233' title='bbox 89 1469 273 1510; x_wconf 76' lang='lat' dir='ltr'>argumenti,</span> <span class='ocrx_word' id='word_1_234' title='bbox 287 1469 365 1499; x_wconf 90' lang='lat' dir='ltr'>nihil</span> <span class='ocrx_word' id='word_1_235' title='bbox 383 1480 446 1500; x_wconf 84' lang='lat' dir='ltr'>esse</span> <span class='ocrx_word' id='word_1_236' title='bbox 467 1469 606 1500; x_wconf 90' lang='lat' dir='ltr'>debitum</span> <span class='ocrx_word' id='word_1_237' title='bbox 621 1468 744 1508; x_wconf 76' lang='lat' dir='ltr'>Naevio,</span> <span class='ocrx_word' id='word_1_238' title='bbox 762 1468 846 1510; x_wconf 90' lang='lat' dir='ltr'>quod</span> <span class='ocrx_word' id='word_1_239' title='bbox 861 1468 983 1499; x_wconf 88' lang='lat' dir='ltr'>tamdiu</span> 
     </span>
     <span class='ocr_line' id='line_1_33' title="bbox 91 1512 294 1553; baseline 0.005 -11"><span class='ocrx_word' id='word_1_240' title='bbox 91 1512 169 1543; x_wconf 82' lang='lat' dir='ltr'>nihil</span> <span class='ocrx_word' id='word_1_241' title='bbox 179 1512 294 1553; x_wconf 88' lang='lat' dir='ltr'>petivit.</span> 
     </span>
    </p>

    <p class='ocr_par' dir='ltr' id='par_1_5' title="bbox 89 1554 985 1812">
     <span class='ocr_line' id='line_1_34' title="bbox 134 1554 983 1596; baseline -0.002 -10"><span class='ocrx_word' id='word_1_242' title='bbox 134 1555 235 1586; x_wconf 91' lang='lat' dir='ltr'><strong>XIII.</strong></span> <span class='ocrx_word' id='word_1_243' title='bbox 258 1555 344 1594; x_wconf 89' lang='lat' dir='ltr'>Quid</span> <span class='ocrx_word' id='word_1_244' title='bbox 359 1555 384 1587; x_wconf 84' lang='lat' dir='ltr'>si</span> <span class='ocrx_word' id='word_1_245' title='bbox 397 1555 478 1586; x_wconf 88' lang='lat' dir='ltr'>hoc</span> <span class='ocrx_word' id='word_1_246' title='bbox 469 1565 584 1596; x_wconf 81' lang='lat' dir='ltr'>ipsum,</span> <span class='ocrx_word' id='word_1_247' title='bbox 600 1554 683 1596; x_wconf 90' lang='lat' dir='ltr'>quod</span> <span class='ocrx_word' id='word_1_248' title='bbox 695 1564 776 1585; x_wconf 88' lang='lat' dir='ltr'>nunc</span> <span class='ocrx_word' id='word_1_249' title='bbox 787 1554 871 1594; x_wconf 83' lang='lat' dir='ltr'>facit,</span> <span class='ocrx_word' id='word_1_250' title='bbox 883 1560 983 1586; x_wconf 87' lang='lat' dir='ltr'>osten-</span> 
     </span>
     <span class='ocr_line' id='line_1_35' title="bbox 89 1598 983 1637; baseline -0.002 -8"><span class='ocrx_word' id='word_1_251' title='bbox 89 1599 130 1630; x_wconf 90' lang='lat' dir='ltr'>do</span> <span class='ocrx_word' id='word_1_252' title='bbox 151 1599 321 1629; x_wconf 84' lang='lat' dir='ltr'>testimonio</span> <span class='ocrx_word' id='word_1_253' title='bbox 344 1609 417 1637; x_wconf 58' lang='grc'><strong>0550,</strong></span> <span class='ocrx_word' id='word_1_254' title='bbox 440 1599 518 1629; x_wconf 89' lang='lat' dir='ltr'>nihil</span> <span class='ocrx_word' id='word_1_255' title='bbox 532 1598 661 1629; x_wconf 83' lang='lat' dir='ltr'>deberi?</span> <span class='ocrx_word' id='word_1_256' title='bbox 686 1598 772 1636; x_wconf 84' lang='lat' dir='ltr'>Quid</span> <span class='ocrx_word' id='word_1_257' title='bbox 795 1598 877 1628; x_wconf 85' lang='grc'><strong>0111111</strong></span> <span class='ocrx_word' id='word_1_258' title='bbox 899 1607 983 1628; x_wconf 86' lang='lat' dir='ltr'>nunc</span> 
     </span>
     <span class='ocr_line' id='line_1_36' title="bbox 89 1640 978 1683; baseline -0.002 -11"><span class='ocrx_word' id='word_1_259' title='bbox 89 1642 152 1683; x_wconf 84' lang='lat' dir='ltr'>agit</span> <span class='ocrx_word' id='word_1_260' title='bbox 178 1641 247 1672; x_wconf 84' lang='lat' dir='ltr'>Sex.</span> <span class='ocrx_word' id='word_1_261' title='bbox 271 1642 424 1673; x_wconf 76' lang='lat' dir='ltr'>Naevius?</span> <span class='ocrx_word' id='word_1_262' title='bbox 461 1641 536 1679; x_wconf 78' lang='lat' dir='ltr'>Qua</span> <span class='ocrx_word' id='word_1_263' title='bbox 565 1640 604 1671; x_wconf 86' lang='lat' dir='ltr'>de</span> <span class='ocrx_word' id='word_1_264' title='bbox 629 1652 662 1672; x_wconf 91' lang='lat' dir='ltr'>re</span> <span class='ocrx_word' id='word_1_265' title='bbox 683 1641 886 1671; x_wconf 82' lang='lat' dir='ltr'>controversia</span> <span class='ocrx_word' id='word_1_266' title='bbox 908 1642 978 1672; x_wconf 85' lang='lat' dir='ltr'>est?</span> 
     </span>
     <span class='ocr_line' id='line_1_37' title="bbox 91 1684 984 1727; baseline -0.001 -12"><span class='ocrx_word' id='word_1_267' title='bbox 91 1684 173 1727; x_wconf 90' lang='lat' dir='ltr'>quod</span> <span class='ocrx_word' id='word_1_268' title='bbox 187 1691 231 1715; x_wconf 85' lang='lat' dir='ltr'>est</span> <span class='ocrx_word' id='word_1_269' title='bbox 241 1685 299 1716; x_wconf 87' lang='lat' dir='ltr'>hoc</span> <span class='ocrx_word' id='word_1_270' title='bbox 310 1685 474 1725; x_wconf 87' lang='lat' dir='ltr'>judicium,</span> <span class='ocrx_word' id='word_1_271' title='bbox 495 1684 527 1714; x_wconf 84' lang='lat' dir='ltr'>in</span> <span class='ocrx_word' id='word_1_272' title='bbox 543 1695 606 1726; x_wconf 92' lang='lat' dir='ltr'>quo</span> <span class='ocrx_word' id='word_1_273' title='bbox 618 1685 685 1724; x_wconf 85' lang='lat' dir='ltr'>jam</span> <span class='ocrx_word' id='word_1_274' title='bbox 700 1684 861 1715; x_wconf 90' lang='lat' dir='ltr'>biennium</span> <span class='ocrx_word' id='word_1_275' title='bbox 882 1694 984 1715; x_wconf 65' lang='grc'><strong>110153·-</strong></span> 
     </span>
     <span class='ocr_line' id='line_1_38' title="bbox 91 1727 985 1769; baseline -0.001 -11"><span class='ocrx_word' id='word_1_276' title='bbox 91 1738 161 1759; x_wconf 84' lang='lat' dir='ltr'>mur</span> <span class='ocrx_word' id='word_1_277' title='bbox 174 1729 188 1758; x_wconf 84' lang='lat'>?</span> <span class='ocrx_word' id='word_1_278' title='bbox 210 1728 285 1769; x_wconf 89' lang='lat' dir='ltr'>quid</span> <span class='ocrx_word' id='word_1_279' title='bbox 305 1728 419 1769; x_wconf 87' lang='lat' dir='ltr'>negotii</span> <span class='ocrx_word' id='word_1_280' title='bbox 438 1728 565 1769; x_wconf 83' lang='lat' dir='ltr'>geritur,</span> <span class='ocrx_word' id='word_1_281' title='bbox 584 1728 616 1758; x_wconf 88' lang='lat' dir='ltr'>in</span> <span class='ocrx_word' id='word_1_282' title='bbox 639 1737 702 1769; x_wconf 88' lang='lat' dir='ltr'>quo</span> <span class='ocrx_word' id='word_1_283' title='bbox 723 1727 775 1757; x_wconf 88' lang='lat' dir='ltr'>ille</span> <span class='ocrx_word' id='word_1_284' title='bbox 796 1732 842 1758; x_wconf 82' lang='lat' dir='ltr'>tot</span> <span class='ocrx_word' id='word_1_285' title='bbox 863 1732 893 1758; x_wconf 88' lang='lat' dir='ltr'>et</span> <span class='ocrx_word' id='word_1_286' title='bbox 910 1727 985 1758; x_wconf 78' lang='lat' dir='ltr'>tales</span> 
     </span>
     <span class='ocr_line' id='line_1_39' title="bbox 92 1770 984 1812; baseline -0.002 -9"><span class='ocrx_word' id='word_1_287' title='bbox 92 1771 170 1803; x_wconf 84' lang='lat' dir='ltr'>viros</span> <span class='ocrx_word' id='word_1_288' title='bbox 190 1770 336 1812; x_wconf 79' lang='lat' dir='ltr'>defatigat</span> <span class='ocrx_word' id='word_1_289' title='bbox 352 1773 367 1803; x_wconf 66' lang='grc' dir='ltr'><em>ἒ</em></span> <span class='ocrx_word' id='word_1_290' title='bbox 391 1771 559 1803; x_wconf 82' lang='lat' dir='ltr'>Pecuniam</span> <span class='ocrx_word' id='word_1_291' title='bbox 584 1770 671 1812; x_wconf 80' lang='lat' dir='ltr'>petit.</span> <span class='ocrx_word' id='word_1_292' title='bbox 707 1770 801 1802; x_wconf 91' lang='lat' dir='ltr'>Nunc</span> <span class='ocrx_word' id='word_1_293' title='bbox 823 1770 956 1812; x_wconf 85' lang='lat' dir='ltr'>denique</span> <span class='ocrx_word' id='word_1_294' title='bbox 969 1771 984 1801; x_wconf 66' lang='grc' dir='ltr'><em>ἲ</em></span> 
     </span>
    </p>
   </div>
  </div>
 </body>
</html>
