1181 1902
156 179 248 212 PRO
272 180 437 212 ROSCIO
460 180 694 212 AMERINO.
718 180 802 212 CAP.
819 180 870 211 30.
917 180 959 210 63

71 265 181 297 Roscio
207 268 350 308 temporis
379 267 461 297 illius
490 267 683 298 acerbitatem
706 267 960 309 iniquitatemque

69 309 233 349 objicient?
256 317 285 340 et
300 311 385 341 illam
404 310 578 341 sicariorum
593 310 834 347 multitudinem,
850 310 881 339 in
898 309 961 350 qui)¹

68 352 125 392 ipsi
140 352 231 384 duces
251 364 285 384 ac
299 354 448 394 principes
464 359 558 392 erant,
575 353 647 384 huic
667 353 785 383 crimini
807 354 960 394 putabunt

68 395 142 431 fore,
165 396 219 436 qui
239 407 300 427 non
324 397 414 426 modo
438 397 547 426 Romae
570 406 631 426 non
655 396 725 433 fuit,
748 396 799 426 sed
820 396 958 432 omnino,

69 438 143 479 quid
160 439 268 470 Romae
286 445 434 480 ageretur,
456 439 593 476 nesciret,
614 446 772 481 propterea
792 439 875 480 quod
896 438 959 470 ruri

68 481 206 512 assiduus
222 483 497 524 (quemadmodum
512 488 576 512 tute
592 482 753 518 confiteris)
770 482 837 512 fuit.

113 524 237 562 Vereor,
254 536 292 555 ne
307 533 360 555 aut
375 526 520 556 molestus
532 526 590 556 sim
602 526 696 563 vobis,
711 525 838 563 judices,
852 530 905 555 aut
920 535 958 555 ne

68 567 196 608 ingeniis
212 569 315 599 vestris
331 569 431 598 videar
447 569 592 606 diffidere,
610 569 633 598 si
654 569 691 598 de
712 574 774 597 tam
793 568 958 609 perspicuis

67 612 157 641 rebus
180 611 294 642 diutius
319 611 472 642 disseram.
504 612 610 642 Erucii
634 611 803 643 criminatio
827 617 900 648 tota,
923 616 958 640 ut

67 654 205 692 arbitror,
222 654 367 685 dissoluta
381 660 445 691 est;
469 655 527 685 nisi
550 655 625 685 forte
646 654 835 695 exspectatis,
856 660 890 684 ut
905 654 958 684 illa

67 696 194 734 diluam,
211 708 280 738 quae
295 698 334 728 de
344 699 498 739 peculatu,
515 708 549 728 ac
564 698 601 728 (le
613 697 763 737 ejusmodi
775 698 863 728 rebus
875 707 957 727 com-

66 740 226 779 menticiis,
242 741 379 771 inaudita
396 742 483 772 nobis
504 747 573 772 ante
593 741 650 771 hoc
671 746 792 780 tempus
812 750 847 770 ac
866 750 955 778 nova,

65 783 194 823 objecit:
219 795 288 826 quae
303 784 380 814 mihi
394 784 450 815 iste
470 784 551 815 visus
570 789 613 814 est
629 794 666 814 ex
682 783 741 814 alia
756 783 890 813 oratione
906 783 958 813 de-

65 826 206 864 clamare,
223 838 318 868 quam
338 827 370 857 in
391 828 486 857 alium
507 837 594 858 reum
615 832 890 857 commentaremr:
915 826 958 856 ita

66 878 164 910 neque
185 870 224 901 ad
239 871 352 901 crimen
367 871 530 911 parricidii,
546 880 646 911 neque
661 870 700 900 ad
721 880 791 899 eum
812 869 866 910 qui
887 879 958 899 cau-

65 923 130 943 sam
153 913 236 952 dicit,
258 914 458 955 pertinebant.
494 914 543 944 De
567 914 679 955 quibus
699 913 845 953 quoniam
866 914 958 943 verbo

64 956 175 996 arguit,
193 958 283 987 verbo
299 957 369 988 satis
385 964 429 988 est
443 968 561 998 negare.
594 957 627 987 Si
648 956 722 997 quid
741 962 795 994 est,
816 955 898 996 quod
919 955 958 986 ad

64 1004 152 1030 testes
167 1007 305 1038 reservet,
322 1001 365 1030 ibi
380 1011 433 1031 nos
449 1011 581 1042 quoque,
603 1005 639 1030 ut
658 1000 690 1029 in
704 999 771 1040 ipsa
785 999 886 1038 causa,
903 1009 958 1040 pa-

63 1042 185 1073 ratiores
200 1044 338 1084 reperiet,
355 1054 448 1084 quam
463 1045 601 1085 putabat.

107 1085 218 1117 XXX.
243 1087 342 1117 Venio
358 1097 439 1118 nunc
454 1096 500 1124 eo,
517 1097 578 1127 quo
593 1096 643 1116 me
658 1095 719 1116 non
735 1085 884 1127 cupiditas
899 1085 958 1115 du-

64 1127 115 1167 cit,
132 1129 183 1159 sed
199 1129 281 1160 fides.
306 1130 403 1168 Nam,
421 1130 444 1160 si
459 1130 536 1160 mihi
549 1130 654 1160 liberet
670 1139 818 1166 accusare,
836 1138 956 1158 accusa-

63 1181 128 1202 rem
147 1172 221 1203 alios
241 1173 352 1214 potius,
376 1184 413 1203 ex
435 1173 546 1214 quibus
566 1182 685 1214 possem
700 1182 847 1202 crescere:
873 1171 956 1212 quod

63 1220 180 1245 certum
192 1221 236 1246 est
248 1226 309 1246 non
321 1216 428 1254 facere,
441 1216 517 1246 dum
529 1215 680 1246 utrumvis
693 1215 804 1245 licebit.
829 1214 860 1244 Is
873 1214 956 1245 enim

62 1257 140 1288 mihi
155 1258 274 1289 videtur
289 1259 506 1300 amplissimus,
517 1259 571 1300 qui
583 1259 638 1288 sua
650 1258 760 1288 virtute
772 1258 803 1287 in
816 1257 956 1287 altiorem

63 1300 164 1331 locum
180 1303 328 1343 pervenit,
350 1312 422 1340 non,
445 1302 499 1343 qui
519 1301 673 1332 adscendit
693 1311 746 1342 per
767 1300 889 1331 alterius
909 1300 956 1329 in-

63 1345 259 1375 commodum
283 1352 312 1377 et
334 1345 548 1376 calamitatem.
583 1344 769 1375 Desinamus
791 1342 956 1383 aliquando

63 1397 98 1417 ea
113 1389 249 1426 scrutari,
266 1399 335 1430 quae
353 1395 424 1419 sunt
444 1388 564 1419 inania:
590 1397 774 1428 quaeramus,
792 1386 845 1416 ubi
861 1386 957 1416 male-

63 1429 167 1461 ficium
193 1437 222 1462 et
249 1438 304 1469 est,
332 1437 361 1462 et
387 1431 517 1463 inveniri
543 1436 649 1472 potest.
690 1430 766 1460 Jam
792 1429 954 1469 intelliges,

63 1472 168 1511 Eruci,
182 1481 298 1505 certum
314 1475 427 1505 crimen
443 1485 536 1516 quam
550 1473 656 1503 multis
671 1472 891 1513 suspicionibus
907 1482 957 1502 co-

63 1523 229 1556 arguatur:
261 1517 382 1548 tametsi
407 1527 506 1558 neque
532 1517 634 1547 omnia
660 1515 770 1553 dicam,
796 1521 825 1547 et
851 1515 956 1545 leviter

62 1560 304 1602 unumquodque
330 1566 454 1600 tangam
468 1572 476 1590 :
511 1570 610 1601 neque
640 1559 722 1589 enim
750 1558 783 1589 id
812 1558 954 1596 facerem,

63 1602 121 1632 nisi
135 1613 253 1634 necesse
268 1609 358 1634 esset:
380 1609 409 1633 et
420 1603 452 1633 id
464 1603 520 1633 erit
535 1602 624 1643 signi,
640 1612 690 1632 me
702 1601 833 1631 invitum
845 1601 954 1638 facere,

63 1645 144 1685 quod
169 1656 229 1676 non
253 1657 418 1688 prosequar
441 1646 573 1687 longius,
598 1655 691 1686 quam
712 1645 793 1675 salus
813 1644 906 1683 hujus
927 1649 956 1674 et

63 1697 131 1718 mea
145 1688 219 1719 fides
234 1690 409 1730 postulabit.
443 1689 575 1720 Causam
597 1695 629 1718 tu
651 1688 769 1718 nullam
788 1687 956 1728 reperiebas

62 1729 93 1761 in
110 1732 179 1762 Sex.
197 1733 323 1763 Roscio:
346 1738 377 1762 at
393 1742 448 1773 ego
463 1733 495 1762 in
511 1732 550 1762 Τ.
563 1732 674 1762 Roscio
686 1731 810 1772 reperio.
834 1730 954 1760 Tecum

63 1774 144 1804 enim
159 1775 236 1805 mihi
251 1786 296 1806 res
312 1781 366 1813 est,
383 1775 423 1805 Τ.
438 1775 541 1813 Rosci,
558 1774 704 1816 quoniam
724 1774 790 1805 istic
808 1773 902 1810 sedes,
919 1783 954 1804 ac

63 1821 92 1846 te
111 1817 213 1857 palam
234 1818 439 1850 adversarium
462 1829 524 1849 esse
543 1818 701 1859 profiteris.
735 1817 785 1847 De
803 1816 953 1857 Capitone

63 1867 130 1899 post
144 1860 319 1902 viderimus,
336 1862 372 1901 si,
391 1861 653 1902 quemadmodum
667 1865 809 1902 paratum
821 1870 882 1891 esse
897 1869 953 1889 au-
