1181 1902
214 121 307 154 PRO
329 121 496 155 ROSCIO
518 122 753 156 AMERINO.
770 123 853 156 CAP.
870 123 922 155 46.
967 125 1009 162 79

120 213 219 250 perat,
232 207 351 249 legibus
365 209 568 247 confirmaret,
582 210 686 251 aliqua
700 210 937 242 animadvertere
951 220 1013 242 non

121 251 254 292 potuisse
268 253 282 282 ἓ
305 251 363 282 nisi
376 252 433 282 hoc
444 253 559 282 mirum
579 260 634 291 est,
650 254 733 294 quod
748 254 792 284 vis
812 254 915 284 divina
935 264 1014 285 asse-

123 293 178 335 qui
193 303 254 324 non
269 295 374 335 possit,
391 295 415 325 si
429 296 461 325 id
473 306 559 326 mens
574 295 710 326 humana
725 296 834 337 adepta
845 307 906 327 non
922 297 969 327 sit.

167 336 297 375 Verum,
310 344 345 368 ut
359 338 424 369 haec
434 339 526 369 missa
536 338 657 377 faciam,
668 350 737 380 quae
749 340 813 378 jam
826 339 905 369 facta
920 346 1012 376 sunt;

123 389 161 409 ex
179 379 227 416 iis,
247 391 316 421 quae
338 390 419 411 nunc
435 382 569 412 maxime
584 382 673 419 flunt,
690 392 791 412 nonne
803 382 901 423 quivis
916 389 1015 423 potest

122 422 300 463 intelligere,
328 424 467 454 omnium
497 425 693 455 architectum
721 431 750 455 et
774 425 1013 456 machinatorem

123 475 222 495 unum
249 476 311 496 esse
337 466 583 507 Chrysogonum,
601 468 654 508 qui
679 470 749 499 Sex.
775 468 879 498 Roscii
901 478 1012 499 nomen

122 508 319 539 deferendum
345 510 486 540 curavit?
520 510 589 540 Hoc
607 511 770 550 judicium,
790 512 876 551 cujus
891 511 1014 542 honoris

123 551 213 582 causa
227 561 365 583 accusare
380 563 411 583 se
425 553 504 583 dixit
518 554 650 584 Erucius
674 553 691 570 *
717 554 734 570 ³¹*
760 553 777 570 ‘⁵

414 614 538 643 Desunt
554 614 710 643 nonnulla.

165 681 290 713 XLVI.
316 682 333 700 '¹
359 682 376 700 '⁸'
401 682 419 700 ‘⁵
442 689 558 725 aptam,
584 689 614 714 et
635 684 752 714 ratione
776 684 955 725 dispositam
982 695 1014 716 se

123 724 234 756 habere
251 726 437 764 existimant,
460 727 514 767 qui
535 727 567 756 in
587 727 750 757 Salentinis
772 734 825 757 aut
844 727 875 757 in
898 728 1015 758 Brutiis

122 767 247 807 habent,
270 769 352 799 unde
372 769 425 800 vix
445 775 489 800 ter
507 770 539 800 in
560 780 640 801 anno
662 770 767 800 audire
787 771 930 801 nuntium
946 782 1016 812 pos-

122 817 204 841 sunt.

166 855 256 885 Alter
271 854 327 885 tibi
342 855 494 887 descendit
508 855 545 886 de
558 855 676 886 Palatio
689 862 718 886 et
729 856 844 887 aedibus
854 857 915 887 suis
929 868 936 887 ι
961 856 1018 887 ha-

122 897 185 935 bet,
196 897 292 928 animi
307 899 463 929 relaxandi
478 900 579 937 causa,
596 910 647 930 rus
662 910 817 930 amoenum
827 906 856 930 et
868 901 1017 931 suburba-

122 949 212 979 num,
238 941 327 981 plura
344 948 489 982 praeterea
510 943 634 983 praedia,
660 952 759 983 neque
779 948 880 972 tamen
901 943 1014 981 ullum,

124 983 183 1014 nisi
203 985 382 1024 praeclarum
407 992 435 1015 et
458 985 676 1026 propinquum.
702 986 719 1002 *
744 986 761 1002 *
786 985 803 1002 *
828 986 950 1016 Domus
969 997 1017 1016 re-

124 1025 201 1057 ferta
217 1026 294 1057 vasis
309 1027 474 1058 Corinthiis
495 1034 524 1058 et
539 1028 683 1066 Deliacis,
706 1028 738 1058 in
762 1029 873 1070 quibus
896 1035 939 1059 est
961 1040 1017 1061 au-

124 1068 232 1110 thepsa
240 1070 304 1107 ina,
317 1081 411 1111 quam
427 1077 511 1101 tanto
523 1072 620 1112 pretio
635 1081 732 1111 nuper
741 1079 891 1102 mercatus
901 1078 955 1110 est,
969 1078 1015 1109 ut,

124 1113 179 1152 qui
194 1119 407 1154 praetereuntes
421 1114 553 1154 pretium
569 1114 739 1145 enumerari
754 1115 928 1152 audiebant,
945 1115 1017 1145 fun-

125 1155 200 1185 dum
217 1156 318 1186 venire
334 1157 560 1187 arbitrarentur.
599 1157 685 1195 Quid
700 1164 844 1198 praeterea
858 1158 954 1188 caelati
969 1169 1017 1188 ar-

124 1199 234 1238 genti?
257 1199 332 1240 quid
347 1200 490 1240 stragulae
505 1200 594 1230 vestis
608 1202 622 1230 Ρ
645 1200 720 1241 quid
731 1201 879 1241 pictarum
897 1202 1017 1231 tabula-

124 1251 195 1271 rum
209 1243 223 1272 ?
255 1242 329 1283 quid
345 1243 501 1283 signorum
513 1244 527 1273 Ρ
561 1243 635 1284 quid
650 1243 809 1274 marmoris
824 1244 906 1285 apud
926 1244 1016 1274 illum

125 1285 239 1325 putatis
271 1295 333 1316 esse
347 1287 361 1316 ἓ
395 1292 516 1316 tantum
541 1286 663 1324 scilicet,
691 1292 843 1327 quantum
869 1297 885 1317 e
911 1287 1017 1317 multis

127 1327 354 1369 splendidisque
374 1328 498 1360 familiis
517 1329 549 1359 in
567 1330 658 1360 turba
673 1336 703 1360 et
718 1329 830 1371 rapinis
853 1330 1020 1361 coacervari

125 1371 189 1401 una
200 1371 232 1401 in
247 1371 338 1402 domo
347 1372 455 1412 potuit.

170 1414 335 1444 Familiam
357 1425 427 1445 vero
440 1420 602 1456 quantam,
619 1421 648 1447 et
668 1426 763 1457 quam
778 1415 868 1446 variis
883 1426 954 1447 cum
970 1427 1018 1447 ar-

126 1457 227 1488 tificiis
242 1458 363 1497 habeat,
380 1458 454 1499 quid
475 1469 531 1499 ego
549 1459 674 1490 dicam?
712 1459 808 1490 Mitto
829 1459 918 1490 hasce
940 1466 1019 1490 artes

125 1501 276 1541 vulgares,
293 1511 416 1542 coquos,
429 1502 565 1542 pistores,
581 1502 754 1533 lecticarios.
792 1503 904 1532 Animi
919 1508 948 1533 et
963 1513 1018 1532 au-

125 1543 208 1574 rium
223 1543 324 1581 causa,
341 1550 386 1575 tot
407 1544 546 1575 homines
567 1545 671 1583 habet,
686 1551 721 1575 ut
733 1545 910 1586 quotidiano
926 1552 1017 1576 cantu

127 1597 237 1617 vocum
253 1594 282 1617 et
297 1596 458 1617 nervorum
474 1594 504 1618 et
526 1588 682 1625 tibiarum,
710 1589 925 1629 nocturnisque
947 1599 1019 1618 con-

126 1630 225 1667 viviis,
241 1635 305 1660 tota
319 1630 455 1661 vicinitas
474 1637 621 1671 personet.
655 1632 694 1661 In
717 1631 773 1661 hac
793 1631 866 1669 w'ta,
888 1631 1016 1671 judices,

127 1683 204 1714 quos
218 1680 337 1704 sumtus
353 1673 555 1714 quotidianos,
572 1685 647 1715 quas
662 1674 833 1711 effusiones,
850 1675 914 1704 fieri
929 1680 1019 1715 puta-

126 1716 190 1746 tis?
214 1716 294 1754 Quae
309 1726 378 1747 vero
389 1717 547 1747 convivia?
570 1717 706 1755 honesta,
723 1718 821 1755 credo,
837 1717 868 1751 in
886 1718 1018 1757 ejusmo-

88 1772 92 1777 ·
125 1759 160 1791 di
177 1759 289 1799 domo;
312 1760 338 1791 si
355 1759 466 1792 domus
489 1760 553 1792 haec
572 1760 714 1793 habenda
733 1766 777 1792 est
794 1761 906 1804 potiuS‚
923 1771 1018 1803 quam
