1181 1902
265 98 316 128 IN
340 97 535 128 VERREM
561 97 627 128 111.
652 96 734 128 CM».
756 97 804 129 19,
914 95 976 127 231

92 183 174 214 rietis
196 183 372 214 haereditate
394 183 437 214 ita
459 184 552 214 istum
573 183 755 224 praedatum,
780 188 815 213 ut
834 192 987 224 perpauca

90 225 207 258 occulte
233 227 354 258 fecerit:
378 227 529 268 populum
550 227 674 268 quidem
700 228 925 267 Syracusanum
951 225 984 255 in

90 270 260 301 maximam
275 270 422 301 invidiam
434 271 489 300 sua
500 270 639 307 infamia,
656 270 753 300 alieno
765 269 902 311 praemio,
918 279 988 309 per-

90 313 225 344 venissez
250 324 361 354 paucos
377 315 591 354 Syracusanos,
609 323 668 351 eos,
691 313 745 354 qui
770 323 800 343 se
824 322 906 342 nunc
926 322 986 352 pu-

88 356 167 387 blice
178 356 359 387 laudationis
374 357 464 386 causa
479 357 593 387 venisse
613 357 730 393 dicunt,
755 362 783 386 et
799 362 871 385 tunc
892 355 987 396 parti-

89 399 170 440 cipes
185 400 296 440 praedae
315 399 418 438 fuisse,
435 406 465 430 et
484 409 567 429 nunc
586 409 648 429 non
672 399 710 429 ad
731 399 816 429 istius
836 398 988 428 laudatio-

91 452 174 480 nem,
197 443 248 473 sed
269 443 307 473 ad
328 453 524 473 communem
544 443 645 473 litium
669 441 913 479 aestimationem,
934 451 986 470 ve-

92 486 180 516 nisse.
206 486 409 527 Posteaquam
430 486 593 516 damnatus
614 492 658 516 est
673 486 790 522 absens,
808 494 868 514 non
885 484 985 514 solum

91 528 175 559 illius
190 528 383 566 haereditatis,
400 529 438 559 de
452 530 515 570 qua
530 529 752 570 ambigebatur,
769 538 838 569 quae
849 533 912 557 erat
928 527 986 557 HS

91 572 201 609 tricies,
219 572 270 602 sed
282 572 421 603 oninium
436 574 586 603 bonorum
601 578 797 613 paternorum
813 570 907 611 ipsius
920 570 987 600 He-

92 615 187 653 raclii,
204 626 274 656 quae
288 625 349 645 non
364 616 465 646 minor
480 621 543 646 erat
562 615 702 656 pecunia,
727 614 875 655 palaestrae
896 613 988 654 Syra-

90 668 285 697 cusanorum,
302 658 359 689 hoc
374 665 428 697 est,
445 659 653 700 Syracusanis,
669 658 814 698 possessio
830 656 969 687 traditur.

135 701 216 739 Quae
237 707 281 732 est
300 701 358 732 ista
377 704 535 743 praetura?
558 702 662 742 Eripis
676 700 894 736 haereditatem,
916 709 988 739 quae

91 750 214 775 venerat
229 755 247 774 a
261 745 445 786 propinquo,
461 751 583 775 venerat
597 750 788 781 testamento,
806 748 927 773 venerat
941 742 986 772 Ie-

90 787 202 828 gibus;
227 798 296 828 quae
322 789 402 818 bona
426 789 463 826 is,
491 788 545 829 qui
568 794 785 819 testamentum
809 786 890 823 feeit,
915 785 988 815 huic

92 830 249 869 Heraclio,
272 837 342 861 ante
357 832 513 872 aliquanto
531 841 626 873 quam
647 838 691 862 est
710 835 862 866 mortuus,
884 828 989 858 omnia

93 874 208 904 utenda
222 884 256 904 ac
270 875 450 915 possidenda
471 875 654 905 tradiderat:
679 874 766 913 cujus
789 871 986 910 haereditatis,

93 927 165 948 cum
180 917 232 947 ifle
252 918 408 958 aliquanto
426 923 497 948 ante
517 924 546 948 te
565 923 725 958 praetorem
745 921 820 947 esset
834 920 986 953 mortuus,

92 961 293 991 controversia
308 961 407 991 fuerat
421 961 519 998 nulla,
534 961 722 991 mentionem
737 959 848 990 fecerat
863 967 963 988 nemo.

138 1004 234 1034 XIX.
251 1004 370 1035 Verum
383 1010 461 1034 esto:
476 1005 556 1045 eripe
568 1003 775 1034 haereditatem
785 1001 964 1043 propinquis
975 1011 986 1036 ς

93 1046 134 1077 da
154 1047 343 1087 palaestritis:
368 1047 503 1088 praedare
517 1048 550 1077 in
564 1047 652 1077 bonis
672 1046 789 1083 alienis,
806 1045 929 1075 nomine
945 1043 987 1074 ci-

95 1090 195 1120 vitatis
208 1101 216 1120 :
242 1096 340 1120 everte
354 1091 446 1131 legeS,
463 1096 654 1127 testamenta,
667 1090 837 1120 voluntates
853 1093 989 1117 mortuo-

93 1143 175 1171 rum,
198 1133 269 1172 jura
288 1133 447 1164 vivorum:
471 1143 548 1163 num
569 1134 661 1163 etiam
681 1132 785 1173 patriis
807 1130 988 1161 Heraclium

94 1176 182 1206 bonis
206 1177 366 1207 exturbare
390 1177 548 1217 oportuit?
575 1176 642 1214 Qui
665 1175 756 1206 simu]
780 1184 815 1204 ac
838 1173 987 1215 profugit,

92 1229 188 1260 quam
203 1219 407 1260 impudenter,
423 1231 518 1261 quam
538 1221 653 1261 palam,
675 1228 769 1260 quam
784 1218 901 1254 acerbe,
919 1216 989 1251 (Dii

93 1262 281 1293 immortales
295 1263 318 1301 Ζ)
339 1263 393 1293 ma
412 1264 492 1293 bona
507 1263 624 1304 direpta
639 1262 730 1293 sunt!
755 1271 849 1302 quam
868 1260 923 1290 illa
942 1269 990 1289 res

94 1306 270 1336 calamitosa
291 1306 445 1344 Heraclio,
467 1313 639 1347 quaestuosa
658 1305 759 1342 Verri,
780 1303 877 1344 turpis
897 1304 990 1343 Syra-

94 1349 225 1387 cusanis,
247 1349 420 1379 miseranda
434 1350 577 1380 omnibus
592 1349 750 1379 videbatur
763 1348 771 1378 !
810 1347 895 1377 Nam
911 1345 990 1375 illud

95 1392 222 1433 quidem
243 1392 345 1422 statim
366 1399 499 1431 curatur,
521 1399 567 1431 ut,
589 1391 739 1433 quidquid
759 1389 857 1421 caelati
871 1389 989 1429 argenti

96 1435 156 1465 fuit
167 1435 199 1465 in
214 1436 274 1466 iuis
290 1436 387 1474 bonis,
404 1436 443 1466 ad
457 1436 550 1466 istum
567 1436 737 1466 deferatur:
762 1432 913 1474 quidquid
929 1432 991 1463 Co-

96 1478 280 1509 rinthiorum
296 1489 449 1517 vasorum,
466 1479 608 1520 stragulae
622 1479 723 1516 vestis,
739 1478 804 1508 haec
821 1485 912 1506 nemo
933 1475 991 1505 du-

96 1522 224 1560 bitabat,
246 1522 322 1563 quin
342 1532 404 1552 non
424 1523 516 1553 modo
536 1533 574 1552 ex
594 1522 649 1552 {1132
668 1522 759 1552 domo
780 1518 867 1560 capta
887 1524 916 1549 et
936 1528 992 1559 op-

96 1563 208 1605 pressa,
225 1575 332 1596 verum
347 1576 384 1595 ex
397 1566 460 1596 tota
470 1565 637 1606 provincia,
654 1565 692 1595 ad
703 1565 796 1595 istum
809 1561 991 1602 comportari

98 1617 218 1638 necesse
233 1614 317 1638 esset.
351 1608 521 1650 Mancipia,
543 1619 612 1650 quae
626 1608 734 1643 voluit,
759 1605 908 1641 abduxit;
932 1605 994 1634 alia

98 1650 219 1681 divisit:
243 1652 343 1682 auctio
357 1652 436 1682 facta
447 1658 511 1689 est;
535 1652 567 1682 in
583 1652 645 1694 qua
660 1651 765 1682 cohors
780 1649 866 1680 istius
881 1648 994 1679 invicta

98 1693 254 1725 dominata
269 1701 321 1726 est.

143 1737 261 1768 Verum
275 1737 353 1768 illud
368 1744 412 1769 est
423 1738 602 1779 praeclamm
614 1749 622 1768 z
640 1735 833 1780 Syracusani,
850 1734 904 1776 qui
915 1744 994 1775 prae-

99 1779 219 1812 fuerant
233 1780 281 1812 his
293 1781 429 1813 Heraclii
440 1782 538 1820 bonis,
554 1783 658 1820 verbo,
674 1779 856 1821 redigendis,
871 1788 915 1816 re,
932 1777 993 1807 dis-
