1181 1902
139 27 199 58 166
319 27 372 59 IN
395 27 593 60 VERREM
615 27 662 60 ΙΙ.
685 27 769 59 ΟΑΡ.
788 26 838 58 14.
1117 0 1145 69 li

134 113 228 144 sumti
241 113 274 144 in
289 114 454 155 quaestura,
478 121 507 145 et
521 114 670 156 legatione
684 113 833 152 Asiatica,
849 118 878 144 et
892 111 1025 153 111-8811113,
1118 107 1122 167 Ι

135 156 264 195 urbana,
282 163 311 187 et
326 158 458 198 praetura
473 158 630 189 Siciliensi.
653 158 758 195 Quare
772 157 836 187 haec
850 156 955 188 eadem
970 155 1027 187 erit

136 199 354 240 quadripertita
369 201 540 232 distributio
555 201 646 232 totius
661 200 856 231 accusationis
869 209 956 229 meae.

179 242 280 272 XIII.
313 243 455 281 Quaestor
480 255 518 275 ex
543 243 814 274 senatus-consulto
839 241 1026 283 provinciam

137 285 259 315 sortitus
275 296 314 316 es.
347 286 469 327 Obtigit
488 287 543 317 tibi
562 287 737 324 consularis,
759 291 794 316 ut
813 296 884 316 cum
904 284 1027 315 consule

137 328 195 358 Cn.
224 329 364 360 Carbone
389 340 476 367 esses,
503 340 632 371 eamque
655 329 842 370 provinciam
867 328 1026 359 obtineres.

137 371 214 401 Erat
229 377 295 401 tum
311 372 454 403 dissensio
469 373 664 410 81ν111111;(18
678 383 751 413 qua,
762 372 839 402 nihil
850 381 919 402 sum
928 371 1027 401 dictu-

137 424 200 451 rus,
224 414 298 455 quid
314 415 422 446 sentire
437 416 594 446 debueris:
618 425 717 446 unum
732 415 789 446 hoc
804 415 881 452 (1100,
900 414 932 444 111
947 414 1027 453 ejus-

137 457 221 487 modi
245 463 379 507 tempore
403 469 437 489 ac
461 465 538 489 sorte
559 465 688 489 statuere
708 464 738 489 te
757 457 905 495 debuisse,
921 462 1028 486 utrum

138 500 245 530 malles
260 501 368 532 sentire
384 507 475 543 atque
490 502 658 533 defendere.
692 501 792 532 Carbo
807 500 936 541 graviter
950 499 1028 529 fere·
1124 521 1127 540 ι

137 544 200 581 bat,
233 544 290 574 51111
320 551 499 585 quaestorem
528 545 669 585 obtigisse
696 544 853 575 hominem
882 542 1029 582 singulari
1125 542 1127 548 ’

138 586 262 617 luxuria
277 593 368 628 atque
383 588 510 618 inertia:
527 595 737 618 verumtamen
752 588 878 617 ornabat
892 595 963 615 eum
974 586 1028 615 be-

139 629 252 659 neficiis
267 631 503 661 ο11111111115.Ν8
518 631 631 661 diutius
646 640 776 667 teneam,
801 628 930 670 pecunia
943 627 1028 658 attri-

138 673 223 708 buta,
247 680 406 704 numerata
429 680 481 704 851.
512 674 668 704 Profectus
691 679 735 703 est
758 678 889 713 quaestor
907 671 938 700 in
959 681 1030 711 pro-

139 715 280 745 vinciam.
304 716 421 747 Venit'
413 727 446 746 in
461 717 595 746 Galliam
607 722 794 757 exspectatus
809 714 848 745 ad
862 714 1028 744 exercitum

138 759 327 789 consularem
349 762 421 790 cuin
441 760 578 800 pecunia.
603 759 702 789 Simul
719 769 754 789 ac
768 758 904 807 primum
930 756 957 787 ei
979 766 1029 786 oc-

138 801 217 831 casio
241 801 303 832 visa
323 808 378 839 est,
403 802 584 843 (cognoscite
607 801 738 832 hominis
757 800 941 842 principium
962 809 1030 829 ma-

138 844 321 884 gistratuum
334 845 535 885 gerendorum
547 851 575 875 et
587 845 758 885 reipublicae
770 842 1029 880 administrandae)

139 897 243 917 aversa
265 888 395 928 pecunia
416 888 550 929 publica,
574 894 704 928 quaestor
725 887 892 924 consulem,
918 884 1032 916 exerci-

139 935 218 967 tum,
236 937 357 968 sortem,
373 931 631 980 provinciamque,
647 930 786 961 deseruit.

184 973 282 1004 Video
298 974 373 1014 quid
388 974 520 1014 egerim.
546 974 633 1014 erigit
647 984 698 1004 se:
723 978 833 1014 sperat,
850 971 907 1002 sibi
921 980 1029 1002 auram

139 1026 225 1057 posse
239 1017 375 1065 aliquam
396 1017 527 1055 afflari,'
519 1027 551 1047 in
566 1016 622 1047 hoc
642 1016 778 1054 crimine,
799 1014 963 1046 voluntatis
982 1024 1030 1044 as-

139 1059 343 1100 sensionisque
356 1070 471 1099 eorum,
488 1060 600 1101 quibus
615 1059 672 1090 Cn
687 1058 833 1090 Carbonis
848 1057 960 1088 mortui
974 1066 1030 1087 no-

138 1112 210 1132 men
226 1102 294 1133 odio
310 1103 366 1133 sit·
391 1103 502 1144 quibus
516 1103 602 1133 illam
616 1102 800 1133 relictionem
814 1100 1030 1142 proditionem-

140 1156 200 1185 que
220 1146 350 1176 consulis
371 1146 417 1176 sui
437 1152 554 1186 gratam
575 1152 673 1186 sperat
691 1145 763 1175 fore.
801 1144 899 1182 Quasi
914 1153 982 1173 vero
998 1142 1030 1172 id

139 1188 303 1228 cupiditate
318 1189 513 1219 defendendae
527 1188 701 1225 nobilitatis,
718 1194 771 1218 aut
786 1187 885 1217 studio
896 1185 1031 1227 partium

140 1231 253 1279 fecerit,
271 1242 305 1262 ac
320 1242 381 1262 non
396 1232 583 1272 apertissime
594 1232 760 1268 consulem,
773 1230 949 1266 exercitum,
962 1239 1032 1269 pro-

140 1273 342 1315 vmciamque,
359 1275 540 1316 compilarit,
557 1281 585 1305 et
599 1280 720 1323 propter
731 1272 1031 1314 impudentissimum

140 1316 259 1347 furtum
287 1318 449 1358 aufugerit.
482 1318 540 1349 Est
560 1318 641 1348 enim
657 1318 818 1347 obscurum
837 1322 867 1346 et
882 1314 1031 1354 ejusmodi

140 1359 256 1390 factum
272 1361 348 1399 ejus,
371 1367 404 1391 ut
423 1361 516 1401 possit
535 1360 645 1401 aliquis
663 1359 818 1400 suspicari,
840 1359 876 1390 C.
890 1358 1030 1395 Verrem,

141 1403 224 1443 quod
238 1403 314 1433 ferre
330 1413 421 1433 novos
436 1404 573 1434 homines
593 1413 654 1433 non
669 1402 810 1444 potuerit,
832 1400 871 1432 ad
891 1401 1033 1431 nobilita-

141 1452 214 1483 tem,
228 1446 284 1476 hoc
299 1452 353 1483 est,
370 1446 408 1476 ad
424 1457 503 1485 suos,
519 1448 679 1482 transisse3
703 1445 780 1475 nihil
795 1445 897 1475 fecisse
911 1450 1033 1485 propter
1136 1452 1139 1485 ᾖ

141 1489 312 1528 pecuniam.
336 1489 516 1527 Videamus,
533 1489 660 1519 rationes
676 1488 935 1529 quemadmodum
951 1493 1033 1516 retu-
1137 1491 1139 1497 ¹

141 1531 218 1562 lerit.
244 1532 267 1561 J
270 1543 319 1562 am
331 1532 394 1572 ipse
409 1533 555 1570 ostendet,
572 1534 771 1573 quamobrem
786 1531 844 1562 Cn.
860 1530 1031 1561 Carbonem

142 1574 317 1615 reliquerit:
338 1576 404 1614 jam
419 1586 450 1605 se
464 1575 528 1616 ipse
542 1575 696 1605 indicabit.
1138 1593 1139 1611 J

185 1617 279 1648 XIV.
297 1618 438 1648 Primum
450 1618 627 1649 brevitatem
643 1616 821 1666 cognoscite.
845 1617 867 1634 “
880 1615 1031 1656 Accepi,'’
1047 1628 1049 1630 ·
1138 1617 1145 1657 ξ’

142 1660 254 1701 inquit,
287 1662 310 1679 ‘⁶
329 1661 417 1692 vicies
446 1661 576 1692 ducenta
604 1661 729 1701 triginta
758 1660 894 1700 quinque
922 1658 1032 1696 11111113,
1139 1665 1147 1694 ⁵3

141 1703 377 1745 quadringentos
392 1704 495 1736 XVII
510 1714 663 1735 nummos».
697 1702 779 1735 Dedi
794 1701 954 1744 stipendio,
969 1701 1034 1732 fru-
1139 1704 1148 1745 ‘¹1'

1012 1817 1181 1902 -1,
