1181 1902
304 82 354 112 IN
379 82 575 113 VERREM
601 81 661 113 lV.
685 81 770 113 Can».
789 83 842 117 70.
941 81 1004 116 357

113 176 276 197 numerum
299 178 353 208 per
373 168 539 199 triennium
557 178 696 199 aversum
716 179 734 199 a
756 167 913 209 republica
931 177 1007 206 esse,

114 216 314 251 ereptumque
329 212 506 242 aratoribus.

158 252 263 284 LXX.
287 254 442 295 Sequitur,
464 261 500 284 ut
520 254 559 285 de
573 255 727 285 frumento
743 260 824 285 emto
845 264 909 290 vos,
923 252 1003 292 judi-

114 305 173 333 ces,
194 296 330 333 doceam,
351 297 487 327 maximo
510 304 602 339 atque
620 297 884 338 impudentissimo
903 296 1005 326 furto:

113 337 151 368 de
166 349 227 379 quo
243 339 317 369 dum
334 346 414 370 certa
429 347 458 370 et
473 351 570 381 pauca
579 347 608 370 et
623 350 736 380 magna
747 340 846 371 dicam
862 339 1004 376 breviter,

113 382 268 412 attendite.
294 383 496 413 Frumentum
518 394 616 413 emere
631 384 662 412 in
682 383 786 414 Sicilia
801 383 907 413 debuit
928 382 1007 412 Ver-

114 434 159 454 res
180 435 217 455 ex
244 426 527 462 senatus-consulto,
538 432 567 456 et
579 437 616 456 ex
628 426 637 456 l
642 436 694 466 ege
706 426 851 456 'Ferentini
863 432 892 456 et
904 425 1009 456 Cassia

114 467 323 499 frumentaria.
347 469 482 499 Emendi
510 469 572 499 duo
601 479 711 509 genera
740 469 884 503 fuerunt;
909 479 1008 499 unum

114 510 277 541 alterarum
298 511 517 548 decumarum;
542 512 683 549 alterum,
700 511 783 552 quod
807 518 951 552 praeterea
967 511 1008 541 ci-

114 553 258 584 vitatibus
274 554 429 595 aequaliter
444 561 520 586 esset
536 554 750 594 [distributum
761 556 788 596 ς]
810 554 892 584 illius
917 555 1009 584 decu-

114 597 198 626 mani
212 603 345 635 tantum,
362 604 514 638 quantum
534 609 572 628 ex
595 598 701 639 primis
720 597 856 628 decumis
877 597 1005 627 fuisset:

114 639 207 678 hujus
227 640 367 681 imperati
391 641 481 671 tritici
503 641 641 671 modifim
665 640 780 672 DCCC
796 640 915 670 millia:
941 651 1009 681 pre-

113 682 191 712 tium
208 690 311 713 autem
327 684 526 714 constitutum
537 684 707 715 decumano
723 684 754 713 in
771 684 889 714 modios
904 683 1010 723 singu-

114 725 158 755 los
177 726 231 756 Hs
245 726 342 762 terni;
366 727 514 768 imperato
526 727 582 758 HS
598 727 657 757 IV.
697 728 756 762 Ita,
772 727 804 757 in
817 727 1009 756 frumentum

113 768 310 809 imperatum,
337 770 393 801 HS
419 770 464 800 bis
489 776 517 801 et
544 770 654 807 tricies,
679 770 711 800 in
739 780 835 800 annos
862 769 1008 810 singulos,

115 811 146 842 V
148 812 205 841 erri
233 812 459 851 decernebatur,
491 813 573 854 quod
603 813 772 844 aratoribus
802 813 929 843 solveret
944 823 953 847 ς
977 813 1010 843 in

115 855 223 885 alteras
237 855 391 891 decumas,
408 856 503 886 ferme
523 856 562 886 ad
584 857 737 897 nonagies.
763 855 823 893 Sic,
845 866 899 896 per
917 856 1009 885 trien-

115 897 214 934 nium,
231 898 270 928 ad
285 899 363 929 hanc
378 899 525 929 frumenti
541 899 704 930 emtionem
721 899 920 936 Siciliensem,
936 909 1006 939 pro-

116 951 154 981 pe
169 941 278 971 centies
293 948 322 972 et
338 942 434 972 tricies
451 949 608 983 erogatum
625 948 678 972 est.

161 984 251 1014 Hanc
266 985 427 1025 pecuniam
450 992 579 1023 tantam,
596 985 699 1015 datam
718 985 775 1015 tibi
790 995 827 1015 ex
844 984 948 1015 aerario
963 984 1012 1014 in-

116 1027 167 1067 opi
182 1034 273 1068 atque
292 1027 459 1064 exhausto;
484 1028 587 1058 datam
603 1028 642 1058 ad
662 1028 866 1064 frumentum,
883 1027 941 1058 hoc
957 1034 1012 1065 est,

116 1070 155 1100 ad
180 1071 383 1101 necessitatem
408 1071 513 1102 salutis
532 1077 561 1102 et
587 1071 678 1107 vitae;
703 1071 818 1108 datam,
843 1077 878 1101 ut
903 1071 1013 1101 Siculis

116 1113 296 1151 aratoribus,
314 1115 425 1155 quibus
440 1121 524 1145 tanta
536 1125 627 1145 onera
641 1115 812 1156 respublica
827 1114 1011 1155 imponeret,

117 1157 301 1193 solveretur;
326 1159 380 1188 abs
396 1164 425 1188 te
439 1158 480 1188 sic
495 1158 658 1188 laceratam
675 1168 738 1189 esse
753 1157 832 1193 dico,
849 1164 884 1187 ut
899 1157 1013 1198 possim

117 1199 194 1229 illud
219 1201 357 1240 probare,
378 1201 402 1230 si
422 1201 527 1237 velim,
549 1211 673 1231 omnem
695 1208 724 1231 te
748 1201 826 1230 hanc
850 1201 1013 1241 pecuniam

117 1242 246 1272 domum
271 1249 356 1273 tuam
371 1244 524 1274 avertisse.
548 1243 674 1274 Etenim
691 1244 732 1274 sic
743 1243 822 1273 hanc
838 1254 902 1273 rem
918 1250 1014 1274 totam

118 1285 346 1325 administrasti,
368 1293 402 1316 ut
418 1287 486 1325 hoc,
506 1287 589 1327 quod
605 1287 685 1324 dico,
705 1286 827 1328 probari
843 1287 1016 1327 aequissimo

115 1328 211 1368 judici
236 1330 338 1370 possit.
363 1329 423 1360 Sed
446 1340 502 1370 ego
520 1330 639 1361 habebo
660 1331 808 1360 rationem
830 1329 1016 1360 auctoritatis

118 1381 214 1401 meae:
239 1372 418 1410 meminero,
436 1383 497 1413 quo
520 1373 634 1410 animo,
651 1384 713 1414 quo
733 1373 867 1409 consilio,
890 1372 929 1402 ad
944 1383 1015 1402 cau-

119 1425 183 1444 sam
200 1416 355 1456 publicam
371 1416 553 1446 accesserim.
580 1417 653 1447 Non
669 1427 759 1456 agam
775 1422 875 1446 tecum
893 1426 1015 1446 accusa-

119 1457 215 1488 toriez
240 1459 317 1489 nihil
333 1459 470 1499 fingam:
496 1459 573 1489 nihil
596 1459 740 1500 cuiquam
763 1458 885 1500 probari
908 1459 1013 1496 velim,

119 1511 168 1531 me
178 1501 306 1539 dicente,
323 1502 405 1542 quod
418 1512 478 1533 non
490 1508 560 1533 ante
569 1502 710 1532 mihimet
721 1502 780 1544 ipsi
791 1503 955 1542 probatum
968 1502 1016 1532 sit.

163 1544 201 1574 In
226 1544 283 1575 hac
301 1545 430 1585 pecunia
449 1546 585 1586 publica,
604 1546 733 1585 judices,
753 1545 818 1575 haec
839 1545 944 1575 insunt
959 1545 1018 1575 tria

119 1597 231 1627 genera
243 1587 395 1618 furtorum
408 1600 416 1618 ε
441 1589 590 1629 primum,
603 1599 673 1619 cum
685 1589 784 1630 posita
800 1594 875 1618 esset
889 1588 1019 1628 pecunia

121 1630 203 1670 apud
219 1641 267 1661 eas
283 1631 448 1669 societates,
466 1632 548 1662 unde
563 1638 626 1662 erat
643 1632 800 1667 attributa,
816 1631 896 1661 binis
916 1638 1018 1661 cente-

122 1673 206 1703 simis
224 1674 385 1705 foeneratus
408 1681 471 1705 est:
504 1675 624 1711 deinde,
652 1674 813 1716 permultis
844 1674 1018 1705 civitatibus

122 1725 177 1756 pro
198 1716 352 1749 frumento
367 1717 445 1749 nihil
462 1718 552 1749 solvit
570 1718 719 1749 omnino:
743 1724 908 1759 postremo,
925 1717 950 1747 si
970 1717 1020 1748 cui
