1181 1902
269 66 322 99 IN
342 65 539 99 VERREM
564 65 623 98 1v.
647 65 730 97 cm».
754 65 808 102 97.
915 66 979 97 383

100 154 256 188 defendere
271 154 278 184 !
304 153 426 184 Minore
440 153 573 194 periculo
591 158 699 190 vestro,
716 152 832 183 minore
846 151 981 193 periculo

101 198 322 241 provinciarum
348 197 498 233 omnium,
535 196 716 235 judicaretis.
769 195 902 235 Negaret
930 195 981 226 hic

100 240 295 273 aestimatione
309 250 340 269 se
355 250 444 269 usum
458 239 465 268 !
491 250 542 269 vos
557 239 587 268 id
603 238 759 269 credidisse
770 238 898 276 homini,
917 248 979 268 non

97 286 211 316 factum
226 282 445 324 comprobasse,
457 281 641 312 videremini.
666 282 764 311 Nullo
772 281 863 311 modo
873 291 983 318 negare

97 333 213 370 potest:
237 332 361 366 urgetur
384 336 402 355 a
424 325 487 355 tot&
509 324 626 354 Sicilia:
656 334 746 354 nemo
769 330 813 354 est
836 335 873 354 ex
898 330 983 355 tanto

97 379 223 402 numero
238 375 400 406 aratorum,
413 379 431 398 a
442 377 503 408 quo
517 367 655 407 pecunia,
671 367 754 397 cellae
769 367 903 405 nomine,
919 377 980 398 non

97 414 135 445 sit
149 418 262 443 exacta.

141 455 261 486 Vellem
276 454 366 484 etiam
382 453 439 483 hoc
457 458 556 494 posset
575 452 682 488 dicere,
700 452 777 482 nihil
792 453 829 483 ad
845 464 875 483 se
890 453 978 484 istam

97 499 244 531 rationem
266 497 432 538 pertinere:
464 506 518 536 per
542 501 704 536 quaestores
724 505 787 525 rem
812 496 981 526 frumenta-

99 543 176 573 riam
191 551 253 571 esse
268 539 517 569 administratam.
552 539 601 568 Ne
618 538 649 567 id
669 538 792 579 quidem
808 539 835 568 ei
849 539 918 569 licet
933 539 980 568 di-

96 595 172 621 cere,
188 589 343 624 propterea
357 582 439 622 quod
453 582 547 622 ipsius
560 581 654 611 literae
669 581 842 619 recitantur,
859 581 897 611 ad
909 582 982 612 civi-

96 634 172 658 tates
182 626 219 656 de
233 626 324 655 ternis
338 625 466 655 denariis
481 624 588 654 missae.
621 624 700 662 Quae
712 630 755 654 est
770 624 862 664 igitur
877 624 981 655 defen-

97 671 166 701 sio?
190 668 272 706 Feci,
297 668 379 709 quod
403 668 523 707 arguis:
557 667 640 707 coegi
664 667 805 707 pecunias
829 667 980 698 maximas

96 713 179 743 cellae
202 711 344 742 nomine:
369 711 420 741 sed
444 710 500 740 hoc
523 710 600 739 mihi
620 710 724 740 licuit:
757 710 852 747 vobis,
869 710 893 739 si
908 721 979 751 pro-

95 755 218 797 spicitis,
233 754 344 784 licebit.
377 753 585 784 Periculosum
600 752 772 793 provinciis,
788 763 883 793 genus
898 754 980 793 inju-

94 799 147 829 riae
162 797 333 828 confirmari
353 796 484 836 judicio:
518 796 718 836 perniciosum
744 802 845 826 nostro
869 796 979 834 ordini,

94 841 243 882 populum
259 840 435 870 Romanum
451 839 632 876 existimare,
645 848 706 869 non
721 849 806 879 posse
818 849 866 869 eos
880 839 982 869 homi-

94 895 158 921 nes,
176 883 229 924 qui
243 883 300 923 ipsi
322 882 440 922 legibus
464 888 633 919 teneantur,
657 882 738 922 leges
762 881 793 911 in
815 881 982 921 judicando

94 927 230 967 religiose
244 925 410 955 defendere.

136 970 253 1010 Atque,
270 968 326 998 isto
341 974 476 1009 praetore,
495 968 622 1007 judices,
638 978 699 998 non
715 968 814 998 solum
829 968 982 998 aestiman-

93 1013 126 1043 di
144 1011 290 1042 frumenti
311 1011 419 1042 modus
440 1021 502 1041 non
516 1011 586 1048 fuit,
607 1011 658 1041 sed
672 1021 710 1041 ne
724 1011 893 1052 imperandi
914 1012 984 1052 qui-

95 1056 184 1086 dem:
209 1064 307 1095 neque
322 1054 402 1084 enim
418 1054 460 1091 id,
477 1054 559 1095 quod
573 1054 749 1092 debebatur,
766 1054 817 1084 sed
829 1060 981 1094 quantum

95 1097 290 1129 commodum
305 1097 375 1134 fuit,
388 1097 555 1137 imperavit.
580 1099 741 1127 Summam
762 1097 870 1127 faciam
884 1098 979 1135 vobis,

96 1152 134 1172 ex
149 1140 277 1182 publicis
291 1140 385 1170 literis
400 1146 430 1170 et
449 1140 626 1170 testimoniis
647 1140 815 1176 civitatum,
834 1140 982 1171 frumenti

95 1184 127 1214 in
143 1184 250 1214 cellam
264 1183 412 1224 imperati.
446 1183 612 1224 Reperietis
633 1183 793 1224 quinquies
813 1189 908 1218 tanto,
931 1184 982 1222 ju-

96 1227 186 1265 dices,
203 1226 334 1267 amplius
353 1226 457 1263 istum,
482 1236 573 1267 quam
599 1233 749 1267 quantum
774 1226 801 1256 ei
820 1226 851 1256 in
874 1226 982 1256 cellam

97 1280 214 1300 sumere
237 1269 354 1299 licitum
376 1270 424 1308 sit,
448 1269 618 1299 civitatibus
632 1269 803 1310 impetiisse.
834 1269 919 1306 Quid
943 1268 982 1299 ad

98 1313 177 1343 hanc
191 1312 413 1353 impudentiam
429 1312 498 1342 addi
513 1318 621 1352 potest,
639 1312 663 1342 si
679 1319 707 1343 et
723 1312 881 1342 aestimavit
894 1312 982 1350 tanti,

96 1362 132 1386 ut
153 1356 290 1385 homines
312 1355 388 1385 ferre
411 1365 471 1385 non
492 1361 622 1395 possent,
648 1362 677 1385 et
691 1361 775 1385 tanto
789 1355 869 1395 plus,
887 1365 982 1396 quam

98 1405 160 1429 erat
175 1398 202 1428 ei
217 1408 389 1428 concessum
404 1399 532 1438 legibus,
549 1398 731 1438 imperavit?

140 1441 344 1482 Quapropter,
360 1442 480 1481 cognita
500 1441 563 1471 tota
577 1452 608 1471 re
626 1440 834 1478 frumentari-52,
853 1441 981 1480 judices,

96 1485 160 1523 jam
172 1484 314 1514 facillime
324 1485 490 1524 perspicere
503 1484 636 1524 potestis,
653 1485 794 1514 amissam
809 1494 870 1514 esse
884 1494 983 1524 popu-

99 1527 129 1557 lo
146 1527 285 1557 Romano
309 1527 454 1564 Siciliam,
470 1527 738 1557 fructuosissimam
760 1532 851 1567 atque
872 1537 982 1567 oppor-

101 1569 290 1600 tunissimam
314 1570 511 1610 provinciam,
528 1570 585 1600 nisi
606 1580 673 1600 eam
689 1580 741 1600 vos
755 1569 840 1600 istius
855 1569 983 1600 damna-

100 1612 181 1643 tione
207 1613 395 1653 recuperatis.
419 1612 504 1650 Quid
525 1619 569 1643 est
589 1612 669 1643 enim
693 1612 805 1649 Sicilia,
827 1613 852 1642 si
875 1613 902 1642 ei
917 1613 983 1652 agri

98 1655 260 1685 cultionem
275 1655 440 1692 sustuleris,
457 1662 485 1686 et
501 1656 525 1686 si
536 1662 689 1686 aratorum
703 1666 863 1687 numerum
880 1666 914 1685 ac
929 1665 986 1685 no-

98 1707 169 1728 men
192 1699 392 1730 exstinxeris?
424 1698 510 1737 Quid
530 1699 611 1731 enim
626 1704 723 1741 potest
737 1709 799 1730 esse
813 1698 844 1729 in
861 1697 986 1729 calami-
