1181 1902
260 63 311 94 IN
336 62 532 95 VERREM
557 63 597 94 V.
621 62 706 93 CAP.
729 63 780 93 41.
905 63 969 93 425

83 154 130 179 rat
152 149 319 187 lictoribus,
335 155 370 179 ut
391 150 553 190 Sopatrum
573 149 611 179 de
626 149 755 190 porticu,
776 149 808 178 in
824 148 888 190 qua
909 148 975 189 ipse

83 191 216 230 sedebat,
234 192 421 233 praecipitem
443 192 476 222 in
496 192 598 223 forum
622 191 777 232 dejiciant,
793 191 976 232 nudumque

84 234 278 265 constituant.
302 235 366 265 Vix
391 240 454 265 erat
477 235 535 265 hoc
556 235 647 276 plane
667 235 759 265 etiam
776 235 975 275 imperatum,

85 287 157 307 cum
173 277 262 307 illum
274 277 449 318 spoliatum⁷
460 278 669 319 stipatumque
677 277 980 315 lictoribusfldderes.

86 319 205 350 Omnes
221 320 289 350 ideo
311 322 473 361 putabant,
490 327 525 350 ut
544 321 635 351 miser
650 327 742 362 atque
760 321 903 351 innocens
919 320 981 350 vir—

84 363 131 403 gis
146 363 318 393 caederetur.
343 363 464 393 Fefellit
486 363 551 393 haec
572 364 709 394 homines
733 363 844 404 opinio.
870 362 975 403 Virgis

83 406 139 436 iste
155 406 280 437 caederet
296 406 360 436 sine
375 407 465 436 causa
481 406 596 436 socium
611 407 718 447 populi
734 406 869 436 Romani
884 412 977 446 atque

83 448 218 480 amicum
229 451 243 480 ?
267 450 340 480 Non
356 459 453 490 usque
468 459 503 480 eo
514 449 691 490 improbus:
717 459 778 479 non
793 448 897 479 onmia
906 454 979 478 sunt

84 491 117 521 in
141 502 176 522 eo
201 502 264 523 uno
289 492 383 522 vitia:
412 502 573 533 nunquam
600 492 660 522 fuit
683 491 822 522 crudelis.
852 491 979 522 Leniter

85 534 243 565 hominem
259 535 483 576 clementerque
498 535 622 576 accepit.
646 535 813 576 Equestres
828 540 900 564 sunt
916 544 982 564 me-

84 577 136 608 dio
158 578 190 608 in
214 578 279 608 foro
301 578 521 609 Marcellorum
544 584 663 617 statuae‚
680 577 769 608 sicuti
783 577 846 607 fere
866 577 980 607 caeteris

83 620 118 650 in
141 621 261 662 oppidis
281 621 414 652 Siciliaez
438 631 476 651 ex
491 621 603 662 quibus
624 621 680 652 iste
702 621 738 651 C.
755 620 899 651 Marcelli
919 626 980 650 sta-

86 669 172 694 tuam
188 664 320 705 delegit3
344 665 431 704 cujus
440 664 538 695 officia
552 664 585 694 in
599 664 687 694 illam
701 663 854 695 civitatem
866 668 979 693 totam—

86 717 147 747 que
170 707 356 747 provinciam
380 707 585 738 recentissima
607 713 692 738 erant
714 712 744 737 et
768 706 916 736 maxima.
940 707 980 736 In

86 748 122 780 ea
147 750 324 791 Sopatrum,
351 750 509 781 hominem
535 756 603 780 tum
629 750 713 780 domi
737 749 885 786 nobilem,
912 755 980 779 tum

87 803 209 824 summo
233 793 413 834 magistratu
428 792 604 835 praeditum,
626 793 785 824 divaricari
799 803 834 823 ac
853 791 980 833 deligari

83 837 181 875 jubet.

130 878 203 916 Quo
225 879 359 909 cruciatu
381 879 419 909 sit
439 879 574 917 affectus,
597 878 698 909 venire
718 878 751 908 in
775 883 911 908 mentem
926 887 979 908 ne-

88 932 167 953 cesse
191 928 234 952 est
249 923 403 960 omnibus,
428 932 498 953 cum
514 929 590 952 esset
609 922 728 952 vinctus
742 921 845 952 nudus
858 922 891 951 in
910 931 980 959 aere,

87 965 120 995 in
136 965 238 1002 imbri,
255 965 286 995 in
301 965 421 1005 frigore.
446 966 558 1006 Neque
572 971 675 995 tamen
691 965 760 995 finis
774 964 846 995 huic
860 964 982 1003 injuriae

87 1008 318 1049 crudelitatique
341 1009 443 1045 fiebat,
460 1008 555 1038 donec
574 1008 717 1049 populus,
734 1014 827 1048 atque
840 1007 982 1037 universa

88 1051 266 1089 multitudo,
290 1051 443 1081 atrocitate
464 1051 508 1081 rei
527 1050 790 1092 misericordiaque
815 1056 978 1087 commota,

88 1100 228 1124 senatum
254 1094 384 1124 clamore
409 1094 518 1135 coegit,
548 1099 584 1124 ut
617 1094 644 1124 ei
673 1094 872 1124 simulacrum
901 1092 980 1123 illud

88 1137 238 1167 Mercurii
251 1137 451 1178 polliceretur.
476 1137 660 1168 Clamabant
675 1137 750 1175 fore,
774 1142 810 1167 ut
834 1136 892 1177 ipsi
918 1146 982 1166 sese

89 1179 145 1209 Dii
174 1180 362 1210 immortales
394 1180 631 1211 ulciscerentur:
669 1180 827 1210 hominem
866 1179 982 1209 interea

87 1222 184 1263 perire
195 1223 387 1253 innocentem
397 1233 458 1253 non
470 1229 616 1264 oportere.
640 1223 727 1253 Tum
742 1223 884 1263 frequens
893 1232 982 1252 sena-

87 1272 138 1296 tus
152 1266 191 1296 ad
205 1266 299 1296 istum
316 1266 416 1296 venit:
441 1266 600 1307 pollicetur
621 1266 753 1307 signum.
778 1267 829 1296 Ita
852 1265 981 1305 Sopater

88 1309 126 1339 de
144 1310 245 1340 statua
269 1309 305 1340 C.
328 1309 480 1348 Marcelli,
502 1319 574 1340 cum
596 1310 663 1349 jam
683 1319 770 1350 paene
789 1308 982 1349 obriguisset,

89 1352 141 1382 vix
157 1352 244 1382 vivus
259 1352 404 1382 aufertur.

131 1395 224 1426 XLI.
248 1395 323 1426 Non
345 1405 470 1436 possum
496 1395 639 1436 disposite
663 1395 758 1426 istum
781 1403 932 1431 accusare,
957 1392 984 1423 si

90 1438 212 1479 cupiam
224 1449 234 1469 ε
258 1448 335 1479 opus
350 1444 405 1475 est,
422 1448 483 1468 non
499 1439 598 1468 solum
616 1438 751 1479 ingenio,
767 1447 874 1469 verum
889 1438 982 1467 etiam

91 1481 218 1512 artificio
233 1481 368 1523 quodam
387 1481 543 1522 singulari.
566 1482 675 1512 Unum
690 1481 748 1511 hoc
770 1481 885 1511 crimen
899 1479 984 1510 vide-

90 1531 141 1555 tur
155 1535 229 1563 esse,
242 1530 272 1555 et
286 1535 304 1555 a
318 1535 368 1556 me
382 1534 437 1565 pro
448 1534 510 1555 uno
525 1525 660 1566 ponitur,
670 1524 709 1555 de
723 1523 879 1554 Mercurio
893 1522 983 1563 Tyn-

90 1568 248 1599 daritano:
271 1568 361 1609 plura
375 1573 447 1598 sunt
457 1580 467 1598 :
490 1568 554 1606 sed,
570 1578 605 1598 ea
619 1578 680 1609 quo
694 1573 782 1609 pacto
798 1566 983 1606 distinguere

91 1621 127 1641 ac
151 1621 288 1653 separare
310 1611 435 1653 possim,
451 1611 559 1642 nescio.
582 1611 641 1642 Est
658 1610 857 1660 pecuniarum
880 1614 984 1650 capta-

92 1664 172 1693 rum,
189 1654 272 1696 quod
286 1655 409 1695 signum
425 1664 444 1684 a
462 1654 548 1685 sociis
562 1664 699 1695 pecumae
713 1663 835 1694 magnae
849 1651 982 1683 sustulit.

93 1697 150 1727 Est
166 1698 332 1738 peculatfiS‚
355 1697 437 1739 quod
458 1697 618 1739 publicum
639 1697 746 1739 populi
764 1695 899 1728 Romani
922 1695 982 1735 sig-

92 1750 180 1780 num,
205 1740 244 1773 de
264 1740 367 1783 praeda
387 1741 523 1773 hostium
547 1746 682 1783 captum,
699 1741 833 1781 positum
853 1739 984 1780 impera-

672 1786 691 1814 2
709 1792 729 1815 0
747 1785 766 1815 3

1172 1762 1181 1902 m,-
1174 1653 1181 1743 ——‚
1177 1569 1181 1631 ..4⁴
