1181 1902
249 64 300 95 IN
324 63 519 96 VERREM
547 65 587 96 V.
612 63 696 96 CAP.
719 65 772 96 36.
893 65 953 95 421

64 148 362 190 Carthaginiensium
383 151 520 187 victoria,
536 151 602 181 loco
623 156 754 188 mutato,
779 150 956 191 religionem

63 197 166 222 tamen
189 203 250 223 non
273 194 397 230 amisit;
424 195 459 224 P.
480 194 621 224 Africani
644 194 754 224 virtute
778 194 956 234 religionem

65 234 158 265 simul
184 246 254 265 cum
280 237 346 266 loco
375 237 570 277 recuperavit.
596 238 668 275 Quo
694 237 818 278 quidem
849 237 959 267 scelere

65 284 213 318 suscepto,
231 289 301 308 cum
317 279 414 309 inanis
427 288 502 309 esset
511 280 603 317 basis,
621 286 650 310 et
665 280 695 309 in
713 281 747 310 ea
764 280 799 310 P.
816 280 958 310 Africani

65 329 178 350 nomen
194 321 344 358 incisum,
362 333 407 352 res
422 322 550 362 indigna
565 329 657 363 atque
672 322 860 353 intoleranda
875 322 959 353 vide-

64 364 154 393 batur
178 364 330 401 omnibus,
353 374 413 394 non
430 365 529 395 solum
552 364 710 405 religiones
731 376 793 395 esse
819 366 956 403 violatas,

65 416 170 436 verum
187 407 277 436 etiam
299 407 335 437 P.
352 408 503 444 Africani,
520 408 576 437 viri
591 408 756 445 fortissimi,
772 418 873 438 rerum
889 419 956 448 ges-

64 454 165 479 tarum
180 450 321 489 gloriam,
337 451 517 481 memoriam
535 450 665 487 virtutis,
682 452 872 481 monimenta
896 451 956 481 vic-

65 492 158 528 toriae,
183 494 218 522 C.
236 493 363 523 Verrem
380 493 543 523 sustulisse.
567 493 661 531 Quod
682 504 752 524 cum
773 494 823 523 isti
845 504 958 524 renun-

64 534 187 565 tiaretur
202 535 240 565 de
255 536 319 566 basi
334 546 368 566 ac
382 536 487 573 literis,
505 536 689 567 existimavit
703 536 841 567 homines
856 537 888 566 in
904 538 958 567 ob-

62 577 206 608 livionem
222 578 314 608 totius
325 579 437 619 negotii
450 590 512 609 esse
527 586 679 616 venturos,
696 579 721 609 si
736 580 827 609 etiam
843 580 955 617 basim,

65 625 224 661 tamquam
250 621 381 651 indicem
406 622 453 652 sui
479 622 606 659 sceleris,
634 623 811 653 sustulisset.
847 623 958 663 Itaque

64 663 230 693 tollendam
253 664 339 694 istius
355 664 483 705 imperio
503 665 697 695 locaverunt:
723 676 792 706 quae
808 666 892 695 vobis
912 666 958 695 lo-

63 706 152 743 catio,
166 717 203 736 ex
214 707 344 747 publicis
357 710 593 748 Segestanorum
608 708 713 746 literis,
726 709 825 749 priore
840 709 958 739 actione

63 749 186 779 recitata
201 756 253 780 est.

106 791 269 823 XXXVI.
292 793 340 823 Te
355 803 448 832 nunc,
466 794 502 824 P.
516 794 627 835 Scipio,
641 800 681 833 te,
698 794 837 835 inquam,
854 794 955 825 lectis-

64 834 177 864 simum
193 836 480 877 ornatissimumque
495 837 727 875 adolescentem,
741 838 879 878 appello:
903 839 958 868 abs

64 882 94 907 te
110 877 243 908 officium
260 884 361 916 tuum,
378 879 515 910 debitum
531 880 634 920 generi
649 886 678 911 et
693 880 822 917 nomini,
836 881 957 921 requiro

66 925 96 949 et
119 920 232 961 flagito.
256 921 320 952 Cur
344 932 399 962 pro
426 922 494 960 isto,
517 923 570 963 qui
598 923 722 953 laudem
748 923 956 964 honoremque

64 962 190 994 familiae
216 970 321 994 vestrae
346 965 541 1005 depeculatus
563 972 617 1003 est,
639 966 783 1007 pugnas?
807 977 860 997 cur
884 977 955 997 eum

64 1005 222 1037 defensum
247 1018 309 1037 esse
335 1008 404 1038 vis?
428 1019 481 1038 cur
505 1019 561 1049 ego
582 1016 649 1039 tuas
676 1016 775 1050 partes
800 1010 951 1050 suscipio?

63 1058 116 1078 cur
138 1054 226 1079 tuum
248 1060 324 1080 onus
345 1051 499 1082 sustineo?
523 1052 572 1083 M.
598 1052 723 1082 Tullius
750 1052 786 1082 P.
813 1053 956 1083 Africani

62 1092 252 1123 monimenta
277 1094 424 1135 requirit:
451 1094 487 1124 P.
510 1095 610 1136 Scipio
631 1105 714 1133 eum,
740 1095 794 1136 qui
816 1095 869 1125 illa
889 1106 955 1126 sus-

62 1135 144 1171 tulit,
160 1135 314 1166 defendit!
341 1137 422 1167 Cum
442 1147 508 1168 mos
527 1148 545 1167 a
567 1138 733 1177 majoribus
754 1138 882 1169 traditus
902 1139 952 1177 sit,

61 1183 98 1207 ut
112 1179 302 1209 monimenta
320 1180 474 1219 majorum
495 1181 538 1211 ita
556 1191 682 1212 suorum
698 1181 827 1222 quisque
852 1182 955 1212 defen-

61 1220 125 1257 dat,
141 1226 176 1250 ut
191 1232 227 1251 ea
240 1232 279 1252 ne
293 1223 393 1252 ornari
408 1223 532 1264 quidem
548 1224 671 1254 nomine
683 1225 781 1254 alieno
797 1225 895 1261 sinat;
920 1230 954 1255 tu

61 1262 111 1293 isti
126 1263 234 1303 aderis,
257 1265 311 1305 qui
326 1275 386 1295 non
405 1265 565 1307 [obtrusit]
580 1266 683 1308 aliqud
699 1278 736 1297 ex
752 1273 837 1308 parte
852 1267 952 1298 moni-

61 1312 166 1336 menta
182 1307 217 1337 P.
235 1308 395 1348 Scipionis,
412 1309 464 1339 sed
478 1309 617 1340 funditus
633 1310 755 1340 sustulit
770 1321 804 1340 ac
819 1310 951 1341 delevit?

62 1348 216 1386 Quisnam
231 1350 325 1391 igitur
340 1354 407 1392 (per
418 1351 501 1382 Deos
516 1352 702 1383 immortales
717 1353 741 1391 ἔ)
764 1353 898 1383 tuebitur
914 1353 952 1383 P.

62 1392 210 1433 Scipionis
234 1395 414 1424 memoriam
440 1396 578 1426 mortui?
603 1396 671 1436 quis
694 1396 883 1426 monimenta
908 1402 954 1426 at-

62 1445 122 1475 que
144 1435 256 1466 indicia
271 1437 401 1475 virtutis,
418 1438 443 1468 si
466 1444 499 1468 tu
526 1449 560 1469 ea
580 1439 733 1479 relinques
754 1449 788 1469 ac
812 1439 950 1476 deseres;

16 1475 20 1480 ’
61 1487 160 1518 neque
182 1479 281 1510 solum
300 1481 428 1520 spoliata
447 1481 500 1511 illa
514 1482 640 1522 patiere,
665 1481 718 1512 sed
739 1482 829 1512 etiam
846 1493 949 1512 eorum

62 1521 255 1561 spoliatorem
271 1530 505 1565 vexatoremque
515 1525 657 1555 defendes
669 1526 682 1555 ?
705 1525 832 1555 Adsunt
846 1526 952 1566 Seges-

61 1564 136 1601 tani,
153 1565 275 1596 clientes
291 1566 346 1603 tui,
364 1567 435 1598 socii
455 1568 561 1608 populi
576 1568 712 1598 Romani
726 1574 817 1609 atque
838 1569 951 1599 amici:

60 1607 216 1638 certiorem
251 1614 280 1638 te
310 1609 436 1647 faciunt,
469 1610 506 1640 P.
536 1611 733 1649 Africanum,
765 1611 951 1651 Carthagine

60 1648 168 1688 deleta,
181 1651 378 1682 simulacrum
391 1653 501 1683 Dianae
512 1654 678 1693 majoribus
693 1654 754 1685 suis
766 1654 928 1684 restituisse
939 1665 951 1689 3

61 1691 155 1732 idque
178 1694 261 1734 apud
291 1696 480 1736 Segestanos,
512 1697 577 1736 ejus
603 1697 795 1738 imperatoris
815 1697 951 1735 nomine,

59 1735 195 1775 positum
215 1747 249 1768 ac
273 1737 447 1771 dedicatum
467 1739 582 1772 fuisse:
607 1740 664 1772 hoc
690 1740 820 1772 Verrem
845 1739 951 1771 demo-

102 1779 222 1817 (Orat.)
241 1789 323 1811 vor..
340 1791 361 1813 1.
676 1785 695 1813 2
714 1791 734 1813 o

1167 1591 1181 1743 *2335—1-
1175 1541 1181 1578 -r-
1172 1349 1181 1511 3-..v—.-2—
