1181 1902
203 48 266 79 408
385 49 437 80 IN
461 49 656 81 VERREM
681 51 722 82 V.
745 50 829 82 CAP.
855 50 906 82 23.

202 143 379 165 enumerare
390 145 500 172 conor3
524 145 624 178 neque
633 147 708 178 opus
720 143 774 174 est,
788 147 842 167 nec
852 137 915 167 fieri
926 136 990 166 ullo
999 136 1090 167 modo

201 183 309 217 potest.
333 178 563 209 Tantummodo
579 181 818 221 uniuscujusque
832 180 869 210 de
881 179 962 210 varia
976 180 1089 219 impro-

201 219 295 250 bitate
310 221 426 260 generis
442 222 552 252 indicia
567 223 648 272 apud
664 233 727 259 vos,
750 228 779 253 et
794 223 943 263 exempla,
961 223 1088 263 profero.

202 263 313 303 Neque
329 264 409 294 enim
426 265 468 294 ita
483 276 513 295 se
529 267 619 305 gessit
639 266 670 295 in
685 266 732 296 his
753 267 852 302 rebus,
870 272 1028 306 tamquam
1043 276 1091 295 ra-

201 305 314 335 tionem
330 307 495 347 aliquando
510 315 584 338 esset
608 308 800 338 redditurus·
791 320 800 344 ς
826 309 877 340 scd
899 318 1020 340 prorsus
1036 308 1090 345 ita,

203 349 289 388 quasi
300 356 353 379 aut
369 360 436 380 reus
449 361 533 391 nunq
537 362 608 381 uam
619 358 694 381 esset
705 352 836 387 futurus,
851 357 914 387 aut
931 361 991 391 quo
1003 351 1092 391 plura

201 392 382 429 abstulisset,
400 403 435 422 eo
450 394 566 424 minore
581 395 713 435 periculo
726 395 756 424 in
770 394 921 433 judicium
935 400 1010 423 esset
1021 403 1093 423 ven-

200 439 287 463 turus
300 446 307 464 ε
333 436 386 475 qui
402 436 477 473 haec,
491 448 560 477 quae
574 437 652 474 dico,
666 439 731 476 jam
747 447 806 467 non
820 438 946 473 occulte,
964 446 1024 466 non
1039 447 1093 476 per

201 477 313 508 amicos
324 484 415 527 atque
425 479 611 520 interpretes,
623 480 674 510 sed
690 481 792 521 palam
803 480 840 510 de
852 481 916 510 loco
929 479 1091 520 superiore,

201 527 312 559 ageret,
330 531 384 561 pro
400 522 527 562 imperio
543 529 571 553 et
583 529 738 564 potestate.

246 563 379 594 XXIII.
404 565 545 595 Catinam
556 577 623 596 cum
639 567 777 601 venisset,
791 565 937 606 oppidum
948 565 1092 605 locuples,

200 605 373 643 honestum,
396 608 562 648 copiosum,
589 609 846 650 Dionysiarchum
869 608 906 638 ad
923 619 953 638 se
968 618 1095 648 proago-

200 658 270 678 rum
287 650 356 682 (hoc
380 656 434 688 est,
460 662 616 681 summum
638 658 863 692 nmor5t1at1m)
880 651 977 681 vocari
996 652 1092 689 jubet.

200 690 241 720 Ei
256 693 381 732 palam
374 701 513 734 lmperat,
536 701 570 724 ut
592 705 682 724 omne
706 701 877 734 argentum,
904 694 985 734 quod
1009 693 1091 734 apud

201 744 355 775 quemque
371 743 446 766 esset
462 737 590 773 Catinae,
607 737 846 777 conquirendum
865 742 992 772 curaret
1009 743 1037 766 et
1053 736 1091 766 ad

204 787 235 807 se
251 778 502 809 transferendum.
539 780 737 810 Philarchum
763 779 1009 820 Centuripinum,
1031 779 1088 819 pri-

201 829 289 849 mum
300 821 455 852 hominem
466 833 584 862 genere,
593 823 713 859 virtute,
724 823 863 863 pecunia,
874 831 933 852 non
947 822 1003 851 hoc
1012 822 1091 851 idem

200 864 339 902 juratum
356 864 453 895 dicere
468 866 606 901 audistis,
624 866 680 895 sibi
696 866 788 895 istum
805 865 960 905 negotium
978 865 1094 894 dedisse

202 911 294 946 atque
310 907 513 947 imperavisse,
530 915 565 938 ut
581 909 798 948 Centuripinis,
816 908 846 937 in
868 908 986 937 civitate
1001 907 1093 937 totius

204 949 314 979 Siciliae
328 951 427 980 multo
437 951 573 981 maxima
585 958 614 981 et
625 950 870 991 locupletissima,
884 961 973 980 omne
985 960 1093 990 argen-

203 998 270 1021 tum
286 993 487 1033 conquireret,
504 1000 533 1024 et
549 994 587 1023 ad
599 1005 629 1024 se
645 994 825 1034 comportari
838 995 980 1032 juberet?
1004 994 1093 1033 Agy-

202 1034 247 1064 rio
259 1035 407 1073 similiter,
424 1036 509 1066 istius
521 1037 659 1077 imperio,
673 1047 743 1066 vasa
758 1036 915 1066 Corinthia
930 1047 982 1077 per
994 1036 1094 1076 Apol-

203 1077 355 1116 lodorum,
372 1089 464 1120 quem
480 1086 587 1110 testem
607 1080 745 1117 audistis,
763 1080 924 1120 Syracusas
939 1079 1094 1119 deportata

205 1126 284 1151 sunt.

248 1165 308 1194 Illa
317 1175 385 1195 vero
395 1165 521 1206 optima,
535 1166 628 1207 quod,
642 1176 711 1196 cum
722 1166 760 1195 ad
772 1165 957 1195 Haluntium
968 1164 1095 1195 venisset

204 1214 315 1247 praetor
330 1208 495 1239 laboriosus
511 1216 540 1239 et
555 1209 694 1249 diligens,
716 1209 779 1249 ipse
803 1209 834 1238 in
850 1208 997 1249 oppidum
1013 1218 1095 1238 acce-

203 1250 273 1280 dere
287 1251 396 1289 noluit,
413 1252 495 1292 quod
511 1258 573 1282 erat
588 1252 702 1282 difficili
717 1252 861 1282 adscensu
871 1258 962 1292 atque
977 1251 1071 1290 arduo
1086 1262 1096 1287 ;

203 1293 438 1334 Archagathum
455 1295 677 1331 Haluntinum,
689 1295 845 1325 hominem
860 1304 921 1324 non
932 1294 1029 1324 solum
1041 1293 1096 1323 do-

204 1337 248 1366 mi
271 1347 344 1373 suae,
370 1337 421 1367 sed
436 1338 499 1368 tota
515 1337 628 1375 Sicilia,
650 1338 681 1367 in
700 1337 805 1378 primis
828 1337 972 1373 nobilem,
996 1337 1095 1366 vocari

202 1379 311 1418 jussit:
346 1380 373 1410 ei
402 1381 557 1420 negotium
585 1380 677 1418 dedit,
708 1386 754 1419 ut,
783 1380 932 1421 quidquid
963 1379 1097 1409 Halunti

206 1428 281 1452 esset
296 1423 411 1463 argenti
421 1424 528 1460 caelati,
545 1430 608 1460 aut,
626 1424 649 1453 si
660 1424 734 1464 quid
747 1423 837 1454 etiam
853 1422 1092 1460 Corinthiorum,

206 1464 238 1494 id
253 1475 342 1495 omne
358 1466 460 1496 statim
471 1466 508 1496 ad
521 1477 604 1497 mare
616 1477 651 1497 ex
666 1466 776 1507 oppido
787 1466 1001 1507 deportaretur.
1025 1465 1095 1494 Ad-

206 1508 321 1538 scendit
335 1508 366 1537 in
379 1509 527 1549 oppidum
540 1509 764 1550 Archagathus.
790 1509 894 1539 Homo
906 1508 1026 1543 nobilis,
1039 1507 1093 1548 qui

206 1561 224 1580 a
239 1551 300 1581 suis
316 1557 345 1581 et
357 1552 451 1581 amari
468 1560 496 1582 et
508 1553 594 1593 diligi
606 1553 706 1590 vellet,
723 1553 837 1582 ferebat
851 1551 990 1592 graviter,
1008 1550 1094 1580 illam

206 1594 262 1623 sibi
275 1595 312 1624 ab
328 1594 384 1624 isto
396 1596 581 1635 provinciam
594 1596 697 1625 datam
710 1606 719 1631 ;
744 1605 809 1631 nec,
821 1594 895 1635 quid
907 1594 1026 1629 faceret,
1040 1593 1095 1622 ha-

206 1638 304 1666 bebat.
330 1638 522 1674 Pronuntiat‚
539 1639 613 1679 quid
629 1639 686 1668 sibi
700 1638 883 1678 imperatum
898 1643 991 1667 esset:
1007 1636 1096 1674 jubet

206 1689 311 1711 omnes
325 1680 469 1722 proferre,
486 1692 554 1723 quae
565 1681 719 1713 haberent.
744 1681 849 1712 Metus
859 1686 921 1711 erat
933 1688 1091 1710 summus:
