1181 1902
242 78 293 109 IN
317 76 516 110 VERREM
540 75 601 109 IV.
625 76 711 108 CAP.
736 78 788 109 49.
897 77 961 108 335

70 173 169 195 unum
184 163 331 195 inlocum
346 169 570 194 convenerunt:
594 163 751 194 hominem
764 173 826 194 suae
835 162 966 194 civitatis

69 206 101 237 in
117 207 223 248 primis
234 206 396 237 honestum
412 217 446 237 ac
462 206 607 244 nobilem,
624 206 805 237 Andr-onem
823 206 965 236 Centuri-

68 249 188 290 pinum,
205 250 347 290 legarunt
361 249 400 279 ad
421 249 597 289 Apronium
610 249 778 286 (eumdem,
799 259 891 290 quem
907 249 966 280 hoc

69 299 214 334 tempore,
223 293 261 322 ad
272 293 328 323 hoc
336 293 499 331 judicium,
512 293 646 332 legatum
659 299 688 322 et
704 299 809 323 testem
823 292 966 323 Centuri-

68 336 141 376 pina
157 336 261 366 civitas
277 335 384 373 misit),
398 342 432 365 ut
448 335 472 365 is
488 335 570 376 apud
583 345 653 365 eum
669 346 790 365 causam
807 342 964 365 aratorum

68 386 182 428 ageret,
207 381 244 409 ab
266 389 361 420 eoque
376 384 502 419 peteret,
527 384 562 408 ut
576 379 615 408 ab
636 378 804 408 aratoribus
820 378 966 408 Centuri-

68 422 148 462 pinis
163 432 202 452 ne
217 422 349 462 amplius
369 422 400 452 in
416 423 525 462 jugera
540 421 670 462 singula,
690 431 785 461 quam
801 428 886 451 terna
900 431 966 451 me-

69 464 175 495 dimna
189 465 331 506 exigeret-

112 508 183 538 Hoc
198 508 249 538 vix
269 510 308 538 ab
324 507 487 548 Apronio
479 517 510 537 m
526 517 648 537 summo
671 506 826 545 beneficio,
850 517 906 547 pro
928 507 967 538 iis

68 551 123 591 qui
139 551 229 581 etiam
246 557 312 581 tum
328 551 496 581 incolumes
511 557 607 587 erant,
625 550 823 590 impetratum
840 557 892 580 est.
926 550 966 580 Id

67 604 138 624 cum
150 594 381 635 impetrabatur,
394 594 452 624 hoc
461 593 599 624 mdelicet
610 593 842 633 inipetrabatur,
854 599 898 630 ut,
910 603 966 633 pro

68 637 196 677 singulis
212 637 358 673 decumis,
376 643 475 667 ternas
490 636 633 666 decumas
649 636 720 666 dare
736 636 846 666 liceret.
871 636 966 674 Quod

67 679 92 710 si
108 686 160 710 tua
180 690 226 710 res
242 690 302 710 non
318 686 467 721 ageretur,
489 691 508 710 a
529 686 557 710 te
581 680 682 720 potius
704 680 903 719 postularent,
927 689 967 709 ne

68 723 200 764 amplius
210 733 304 764 quam
317 723 464 764 singulas,
480 733 574 764 quam
585 724 623 752 ab
633 722 785 763 Apronio,
797 728 831 752 ut
843 732 881 752 ne
893 722 965 762 plus

68 776 163 806 quam
178 772 278 796 ternas
293 766 435 797 decumas
450 766 566 796 darent.
591 766 623 796 N
626 776 696 802 unc,
710 772 745 795 ut
759 765 816 795 hoc
829 771 966 806 tempore

68 819 114 846 ea,
131 820 200 850 quae
211 809 304 850 regie,
321 820 374 840 seu
386 809 487 850 potius
498 809 664 850 tyrannice,
678 808 784 838 statuit
792 808 823 838 in
834 815 965 838 aratores

66 852 237 893 Apronius,
251 853 479 893 praetermittam
490 863 499 888 .·,
523 862 622 893 neque
632 862 681 882 eos
691 851 854 892 appellem,
866 862 884 881 a
895 851 966 892 qui-

64 896 122 925 bus
138 906 228 925 omne
253 895 443 926 frumentum
466 895 588 936 eripuit,
611 901 640 925 et
661 895 772 935 quibus
790 894 880 931 nihil,
902 904 964 925 non

68 938 160 969 modo
174 938 211 969 de
223 938 336 975 fructu,
354 939 405 969 sed
420 949 458 969 ne
473 938 510 969 de
526 938 612 968 bonis
627 938 752 979 quidem
769 938 842 974 suis,
855 937 966 978 reliqui

68 981 159 1018 feeit3
184 992 221 1011 ex
233 981 280 1012 his
296 982 387 1012 ternis
402 981 565 1012 medimnis
581 981 677 1022 (quod
692 980 830 1011 beneficii
844 981 966 1020 gratiae-

68 1035 128 1065 que
144 1025 234 1055 causa
249 1025 406 1062 concessit)
421 1025 497 1066 quid
511 1024 588 1055 lucri
603 1024 667 1062 fiat,
683 1023 862 1064 cognoscite.

110 1067 238 1098 XLIX.
262 1068 413 1098 Professio
437 1074 480 1098 est
504 1068 570 1108 agri
594 1067 739 1097 Leontini
759 1066 798 1096 ad
818 1068 964 1106 jugerum

66 1109 167 1141 XXX
183 1111 289 1141 millia.
314 1111 392 1141 Haec
404 1117 476 1141 sunt
490 1111 529 1141 ad
544 1110 635 1141 tritici
646 1110 838 1140 medimnum
848 1110 921 1147 XC,
932 1109 965 1140 id

66 1160 121 1190 est,
138 1154 228 1184 tritici
240 1153 377 1184 modium
389 1154 485 1184 DXL
500 1154 607 1184 millia.
631 1153 780 1184 Deductis
792 1153 883 1183 tritici
897 1163 966 1183 mo-

66 1196 152 1227 dium
168 1197 307 1228 CCXVI
329 1198 466 1228 millibus
482 1197 602 1238 (quanti
623 1197 761 1227 decumae
779 1196 964 1234 venierunt),

66 1239 184 1281 reliqua
200 1246 271 1270 sunt
286 1240 377 1271 tritici
397 1240 600 1272 CCCXXIV
617 1240 724 1270 millia.
763 1239 856 1270 Adde
872 1239 965 1269 totius

66 1293 196 1313 summae
212 1283 309 1313 DXL
319 1284 453 1314 millium
464 1284 601 1314 modium
611 1289 670 1313 tres
682 1281 963 1323 quinquagesimas,

67 1325 98 1355 id
109 1332 163 1364 est,
172 1326 262 1357 tritici
271 1326 409 1357 modium
419 1327 558 1357 XXXII
570 1327 667 1356 millia
677 1326 787 1357 CCCC
801 1327 853 1359 (ab
864 1325 966 1355 omni-

65 1369 123 1399 bus
128 1369 210 1399 enim
216 1375 309 1400 ternae
316 1376 461 1411 praeterea
467 1369 729 1411 quinquagesimae
736 1369 963 1409 exigebantur),

66 1418 137 1442 sunt
157 1412 222 1443 haec
240 1413 306 1452 jam
329 1413 368 1443 ad
388 1413 552 1444 CCCLVI
573 1413 672 1443 millia
698 1412 807 1443 CCCC
824 1411 964 1442 modium

66 1455 166 1486 tritici.
189 1456 236 1486 At
251 1467 306 1496 ego
318 1456 427 1487 CCCC
439 1456 536 1486 millia
547 1456 624 1486 lucri
640 1456 719 1486 facta
730 1466 793 1485 esse
805 1454 943 1485 dixeram
952 1466 961 1484 ε

67 1507 127 1528 ιιοιι
140 1498 221 1529 enim
238 1499 315 1529 duco
336 1499 367 1529 in
383 1500 440 1530 hac
455 1500 570 1529 ratione
586 1510 646 1535 eos,
664 1499 776 1540 quibus
791 1497 883 1528 ternis
898 1508 964 1527 me-

66 1540 178 1572 dimnis
190 1552 250 1572 non
266 1549 310 1572 est
321 1543 441 1573 licitum
457 1542 601 1573 decidere.
627 1542 758 1579 Verum,
775 1547 810 1571 ut
824 1540 882 1571 hac
896 1540 964 1581 ipsa

65 1584 181 1615 ratione
195 1595 350 1615 summam
366 1586 427 1616 mei
442 1586 581 1627 promissi
598 1585 780 1633 compleam,
791 1583 830 1614 ad
843 1583 964 1624 singula

66 1627 233 1676 medimna,
249 1628 340 1658 multi
356 1629 413 1660 Hs
429 1629 501 1666 duo,
518 1629 611 1659 multi
627 1628 683 1659 Hs
700 1628 848 1668 quinque,
865 1637 963 1657 acces-

67 1670 158 1701 sionis
168 1672 352 1721 cogebantur
361 1672 453 1708 dare3
470 1672 524 1713 qui
535 1672 713 1709 minimum,
724 1670 859 1711 singulos
871 1679 964 1699 num-

66 1722 143 1744 mos.
172 1713 241 1745 Hoc
255 1714 421 1745 minimum
432 1721 468 1745 ut
479 1725 654 1756 sequamur,
667 1713 813 1755 quoniam
825 1712 885 1743 XC
898 1722 964 1742 me-

66 1755 208 1787 dinanum
227 1757 326 1788 millia
339 1758 497 1796 duximus,
514 1758 696 1790 accedebant
707 1767 754 1796 w,
775 1766 854 1788 novo
869 1755 962 1797 pessi-

68 1808 180 1841 moque
195 1801 347 1842 exemplo,
361 1801 417 1834 HS
433 1801 493 1833 XC
510 1801 616 1833 millia.
