1181 1902
395 349 578 381 ORATIO
600 351 680 382 VII.

494 441 581 449 ----

258 497 512 536 ACTIONIS
544 497 809 537 SECUNDAE

290 593 310 634 I
322 593 365 634 N
405 593 456 635 C.
487 594 524 634 V
536 594 572 636 E
585 594 623 635 R
634 595 673 635 R
684 594 718 635 E
730 594 781 636 M

326 684 470 714 LIBER
493 684 742 716 SECUNDUS.

289 772 339 802 De
354 772 381 802 J
383 772 584 802 urisdictione
600 772 768 802 Siciliensi.

470 880 591 908 -Φ-

252 971 595 1004 ARGUMENTUM
618 971 819 1004 ASCONII.

90 1057 179 1088 HAEC
203 1057 267 1088 sine
281 1058 375 1089 dubio
390 1059 429 1090 ad
449 1059 671 1090 accusationem
688 1058 835 1100 propositi
849 1058 983 1090 criminis

86 1107 201 1141 spectat
215 1102 319 1132 oratio.
354 1102 474 1141 Nam,
466 1113 497 1132 m
514 1103 676 1144 superiore,
690 1108 835 1133 anteactae
849 1112 895 1132 res
910 1108 982 1132 sunt

86 1144 252 1184 expositae.
277 1156 357 1186 quae,
375 1146 447 1186 quia
461 1146 559 1187 magis
576 1145 723 1185 adjuvant
745 1145 979 1183 accusationem,

85 1197 180 1228 quam
196 1187 269 1228 ipsae
284 1189 343 1218 sint
358 1189 549 1237 principales,
565 1189 597 1219 in
613 1199 711 1219 unum
733 1188 848 1219 librum
871 1194 981 1219 coactae

86 1236 158 1260 sunt
167 1231 281 1269 judicio
292 1232 455 1271 Ciceronis,
466 1232 578 1262 cursim
594 1232 809 1269 enumerantis,
823 1242 892 1272 quae
902 1231 980 1262 Ver-

87 1283 133 1303 res
149 1280 291 1314 quaestor,
304 1285 373 1316 quae
382 1286 437 1316 pro
448 1282 608 1316 quaestore,
623 1286 693 1316 quae
704 1275 834 1315 legatus,
847 1285 917 1315 quae
931 1274 983 1305 de-

88 1316 182 1357 nique
202 1323 312 1358 praetor
331 1319 477 1357 urbanus,
501 1318 665 1349 admiserit.
705 1318 768 1349 Ubi
790 1324 916 1348 ventum
937 1324 982 1348 est

88 1359 128 1389 ad
138 1370 259 1390 causam
269 1360 379 1402 ipsam,
387 1368 416 1392 et
427 1361 594 1392 Siciliensia
604 1361 742 1399 crimina,
750 1367 881 1402 quatuor
890 1361 982 1391 libros

87 1402 203 1433 edidit:
228 1413 323 1434 unam
346 1404 383 1434 de
400 1405 619 1444 jurisdictione,
636 1405 765 1435 alterum
787 1403 824 1434 de
844 1403 982 1434 frumen-

88 1451 130 1482 to,
147 1446 271 1476 tertium
286 1447 324 1477 de
339 1447 442 1488 signis,
460 1454 605 1488 quartum
617 1447 654 1478 de
669 1447 833 1488 suppliciis,
868 1447 907 1477 In
919 1447 983 1488 qui».

89 1489 312 1527 distributione,
328 1500 389 1520 non
404 1491 478 1521 ordo
493 1491 648 1532 temporis,
667 1491 719 1521 sed
741 1490 910 1520 facinorum
928 1501 981 1530 ge-

89 1541 162 1562 nera
177 1538 206 1562 et
221 1540 376 1564 momenta
391 1540 507 1564 servata
519 1540 598 1564 sunt.
623 1534 736 1574 Incipit
750 1539 853 1563 autem
863 1543 882 1563 a
892 1533 983 1564 laude

89 1575 218 1606 Siciliae:
252 1582 281 1606 et
301 1577 454 1617 egreditur
472 1577 510 1607 ad
525 1577 640 1607 crimen
656 1577 776 1612 Dionis,
802 1576 910 1606 deinde
926 1576 982 1607 So-

89 1618 180 1659 sippi,
202 1624 232 1649 et
258 1619 418 1660 Epicratis.
453 1620 524 1657 Sed,
546 1620 665 1659 dejure
680 1620 852 1650 Siculorum
869 1629 982 1657 everso,

89 1661 202 1692 frustra
216 1662 343 1711 quidam
367 1663 543 1694 Ciceronem
562 1663 798 1704 reprehendunt,
815 1662 898 1703 quod
920 1672 981 1693 non

88 1704 160 1735 inde
185 1705 329 1746 coeperit3
361 1716 433 1737 cum
448 1706 616 1755 superiora
637 1706 765 1737 crimina
790 1715 851 1736 non
875 1711 983 1745 egeant

87 1747 237 1786 ejusmodi
252 1754 391 1788 tractatu,
403 1749 457 1791 qui
468 1750 507 1780 ad
523 1749 679 1791 sequentia
689 1749 839 1790 pertinet3
864 1754 904 1787 et,
915 1758 981 1779 ora-
