<?xml version="1.0" encoding="UTF-8"?>
<!DOCTYPE html PUBLIC "-//W3C//DTD XHTML 1.0 Transitional//EN"
    "http://www.w3.org/TR/xhtml1/DTD/xhtml1-transitional.dtd">
<html xmlns="http://www.w3.org/1999/xhtml" xml:lang="en" lang="en">
 <head>
  <title>
</title>
<meta http-equiv="Content-Type" content="text/html;charset=utf-8" />
  <meta name='ocr-system' content='tesseract 3.04.00' />
  <meta name='ocr-capabilities' content='ocr_page ocr_carea ocr_par ocr_line ocrx_word'/>
</head>
<body>
  <div class='ocr_page' id='page_1' title='image "./operaern05ciceuoft_0236.png"; bbox 0 0 1181 1902; ppageno 0'>
   <div class='ocr_carea' id='block_1_1' title="bbox 178 59 881 90">
    <p class='ocr_par' dir='ltr' id='par_1_1' title="bbox 178 59 881 90">
     <span class='ocr_line' id='line_1_1' title="bbox 178 59 881 90; baseline -0.001 0"><span class='ocrx_word' id='word_1_1' title='bbox 178 61 241 90; x_wconf 77' lang='lat'>224</span> <span class='ocrx_word' id='word_1_2' title='bbox 352 59 402 89; x_wconf 89' lang='lat' dir='ltr'>IN</span> <span class='ocrx_word' id='word_1_3' title='bbox 427 59 622 90; x_wconf 82' lang='lat' dir='ltr'>VERREM</span> <span class='ocrx_word' id='word_1_4' title='bbox 648 59 713 90; x_wconf 93' lang='lat'><em>111.</em></span> <span class='ocrx_word' id='word_1_5' title='bbox 730 60 813 90; x_wconf 73' lang='lat' dir='ltr'><strong>CAP.</strong></span> <span class='ocrx_word' id='word_1_6' title='bbox 834 60 881 89; x_wconf 88' lang='lat' dir='ltr'>ll.</span> 
     </span>
    </p>
   </div>
   <div class='ocr_carea' id='block_1_2' title="bbox 163 144 1068 1776">
    <p class='ocr_par' dir='ltr' id='par_1_2' title="bbox 169 144 1062 356">
     <span class='ocr_line' id='line_1_2' title="bbox 171 144 1062 187; baseline 0.001 -12"><span class='ocrx_word' id='word_1_7' title='bbox 171 146 242 186; x_wconf 89' lang='lat' dir='ltr'>plus</span> <span class='ocrx_word' id='word_1_8' title='bbox 267 144 341 175; x_wconf 81' lang='lat' dir='ltr'>mali</span> <span class='ocrx_word' id='word_1_9' title='bbox 367 144 478 175; x_wconf 82' lang='lat' dir='ltr'>Siciliae</span> <span class='ocrx_word' id='word_1_10' title='bbox 499 145 592 183; x_wconf 88' lang='lat' dir='ltr'>dedit,</span> <span class='ocrx_word' id='word_1_11' title='bbox 615 156 708 187; x_wconf 86' lang='lat' dir='ltr'>quam</span> <span class='ocrx_word' id='word_1_12' title='bbox 733 145 757 175; x_wconf 91' lang='lat' dir='ltr'>si</span> <span class='ocrx_word' id='word_1_13' title='bbox 780 150 903 175; x_wconf 81' lang='lat' dir='ltr'>centum</span> <span class='ocrx_word' id='word_1_14' title='bbox 926 145 1062 176; x_wconf 79' lang='lat' dir='ltr'>cohortes</span> 
     </span>
     <span class='ocr_line' id='line_1_3' title="bbox 170 187 1062 228; baseline 0 -10"><span class='ocrx_word' id='word_1_15' title='bbox 170 187 371 228; x_wconf 85' lang='lat' dir='ltr'>fugitivorum</span> <span class='ocrx_word' id='word_1_16' title='bbox 396 188 535 226; x_wconf 87' lang='lat' dir='ltr'>fuissent,</span> <span class='ocrx_word' id='word_1_17' title='bbox 561 194 613 219; x_wconf 88' lang='lat' dir='ltr'>tua</span> <span class='ocrx_word' id='word_1_18' title='bbox 643 199 752 219; x_wconf 88' lang='lat' dir='ltr'>manus</span> <span class='ocrx_word' id='word_1_19' title='bbox 779 188 842 218; x_wconf 87' lang='lat' dir='ltr'>sine</span> <span class='ocrx_word' id='word_1_20' title='bbox 864 187 1062 218; x_wconf 61' lang='lat' dir='ltr'>controversia</span> 
     </span>
     <span class='ocr_line' id='line_1_4' title="bbox 172 231 1062 272; baseline 0 -12"><span class='ocrx_word' id='word_1_21' title='bbox 172 231 241 261; x_wconf 81' lang='lat' dir='ltr'>fuit.</span> <span class='ocrx_word' id='word_1_22' title='bbox 266 231 427 271; x_wconf 83' lang='lat' dir='ltr'>Quidquid</span> <span class='ocrx_word' id='word_1_23' title='bbox 448 233 485 261; x_wconf 87' lang='lat' dir='ltr'>ab</span> <span class='ocrx_word' id='word_1_24' title='bbox 511 232 621 261; x_wconf 84' lang='lat' dir='ltr'>horum</span> <span class='ocrx_word' id='word_1_25' title='bbox 645 232 789 272; x_wconf 87' lang='lat' dir='ltr'>quopiam</span> <span class='ocrx_word' id='word_1_26' title='bbox 810 237 933 271; x_wconf 82' lang='lat' dir='ltr'>captum</span> <span class='ocrx_word' id='word_1_27' title='bbox 956 236 1010 268; x_wconf 88' lang='lat' dir='ltr'>est,</span> <span class='ocrx_word' id='word_1_28' title='bbox 1030 231 1062 260; x_wconf 89' lang='lat' dir='ltr'>id</span> 
     </span>
     <span class='ocr_line' id='line_1_5' title="bbox 173 274 1059 312; baseline 0 -9"><span class='ocrx_word' id='word_1_29' title='bbox 173 283 235 304; x_wconf 91' lang='lat' dir='ltr'>non</span> <span class='ocrx_word' id='word_1_30' title='bbox 260 274 351 303; x_wconf 88' lang='lat' dir='ltr'>modo</span> <span class='ocrx_word' id='word_1_31' title='bbox 377 274 432 303; x_wconf 89' lang='lat' dir='ltr'>tibi</span> <span class='ocrx_word' id='word_1_32' title='bbox 454 274 572 312; x_wconf 83' lang='lat' dir='ltr'>datum,</span> <span class='ocrx_word' id='word_1_33' title='bbox 592 275 643 305; x_wconf 87' lang='lat' dir='ltr'>sed</span> <span class='ocrx_word' id='word_1_34' title='bbox 659 275 712 305; x_wconf 64' lang='lat' dir='ltr'>tua</span> <span class='ocrx_word' id='word_1_35' title='bbox 735 284 827 304; x_wconf 81' lang='lat' dir='ltr'>manu</span> <span class='ocrx_word' id='word_1_36' title='bbox 853 280 1059 311; x_wconf 85' lang='lat' dir='ltr'>numeratum,</span> 
     </span>
     <span class='ocr_line' id='line_1_6' title="bbox 169 316 499 356; baseline 0.003 -10"><span class='ocrx_word' id='word_1_37' title='bbox 169 316 301 356; x_wconf 87' lang='lat' dir='ltr'>judicari</span> <span class='ocrx_word' id='word_1_38' title='bbox 317 327 434 347; x_wconf 88' lang='lat' dir='ltr'>necesse</span> <span class='ocrx_word' id='word_1_39' title='bbox 447 324 499 347; x_wconf 91' lang='lat' dir='ltr'>est.</span> 
     </span>
    </p>

    <p class='ocr_par' dir='ltr' id='par_1_3' title="bbox 163 359 1064 958">
     <span class='ocr_line' id='line_1_7' title="bbox 216 359 1060 401; baseline 0 -12"><span class='ocrx_word' id='word_1_40' title='bbox 216 360 248 389; x_wconf 93' lang='lat' dir='ltr'>N</span> <span class='ocrx_word' id='word_1_41' title='bbox 251 370 312 397; x_wconf 85' lang='lat' dir='ltr'>am,</span> <span class='ocrx_word' id='word_1_42' title='bbox 333 360 357 390; x_wconf 90' lang='lat' dir='ltr'>si</span> <span class='ocrx_word' id='word_1_43' title='bbox 372 360 450 390; x_wconf 86' lang='lat' dir='ltr'>hanc</span> <span class='ocrx_word' id='word_1_44' title='bbox 464 360 666 391; x_wconf 77' lang='lat' dir='ltr'><strong>defensionem</strong></span> <span class='ocrx_word' id='word_1_45' title='bbox 682 359 859 401; x_wconf 85' lang='lat' dir='ltr'>probabitis,</span> <span class='ocrx_word' id='word_1_46' title='bbox 882 361 904 376; x_wconf 83' lang='grc'>“</span> <span class='ocrx_word' id='word_1_47' title='bbox 922 360 995 389; x_wconf 83' lang='lat' dir='ltr'>Non</span> <span class='ocrx_word' id='word_1_48' title='bbox 1011 370 1060 389; x_wconf 90' lang='lat' dir='ltr'>ac-</span> 
     </span>
     <span class='ocr_line' id='line_1_8' title="bbox 173 402 1061 444; baseline 0 -12"><span class='ocrx_word' id='word_1_49' title='bbox 173 403 252 443; x_wconf 90' lang='lat' dir='ltr'>cepit</span> <span class='ocrx_word' id='word_1_50' title='bbox 268 403 331 443; x_wconf 86' lang='lat' dir='ltr'>ipse</span> <span class='ocrx_word' id='word_1_51' title='bbox 345 403 377 438; x_wconf 83' lang='lat'>;&#39;&#39;</span> <span class='ocrx_word' id='word_1_52' title='bbox 400 403 481 441; x_wconf 85' lang='lat' dir='ltr'>licet,</span> <span class='ocrx_word' id='word_1_53' title='bbox 499 404 601 433; x_wconf 86' lang='lat' dir='ltr'>onmia</span> <span class='ocrx_word' id='word_1_54' title='bbox 616 403 652 433; x_wconf 84' lang='lat' dir='ltr'>de</span> <span class='ocrx_word' id='word_1_55' title='bbox 668 403 802 444; x_wconf 87' lang='lat' dir='ltr'>pecuniis</span> <span class='ocrx_word' id='word_1_56' title='bbox 824 402 997 443; x_wconf 84' lang='lat' dir='ltr'>repetundis</span> <span class='ocrx_word' id='word_1_57' title='bbox 1009 403 1061 441; x_wconf 90' lang='lat' dir='ltr'>ju-</span> 
     </span>
     <span class='ocr_line' id='line_1_9' title="bbox 173 445 1062 487; baseline 0.001 -13"><span class='ocrx_word' id='word_1_58' title='bbox 173 445 251 475; x_wconf 89' lang='lat' dir='ltr'>dicia</span> <span class='ocrx_word' id='word_1_59' title='bbox 266 446 386 475; x_wconf 86' lang='lat' dir='ltr'>tollatis.</span> <span class='ocrx_word' id='word_1_60' title='bbox 411 446 513 476; x_wconf 90' lang='lat' dir='ltr'>Nemo</span> <span class='ocrx_word' id='word_1_61' title='bbox 529 457 666 487; x_wconf 86' lang='lat' dir='ltr'>unquam</span> <span class='ocrx_word' id='word_1_62' title='bbox 686 454 749 476; x_wconf 88' lang='lat' dir='ltr'>tam</span> <span class='ocrx_word' id='word_1_63' title='bbox 770 456 848 481; x_wconf 87' lang='lat' dir='ltr'>reus,</span> <span class='ocrx_word' id='word_1_64' title='bbox 867 452 930 475; x_wconf 88' lang='lat' dir='ltr'>tam</span> <span class='ocrx_word' id='word_1_65' title='bbox 953 455 1062 475; x_wconf 84' lang='lat' dir='ltr'>nocens</span> 
     </span>
     <span class='ocr_line' id='line_1_10' title="bbox 171 488 1063 530; baseline -0.001 -12"><span class='ocrx_word' id='word_1_66' title='bbox 171 488 348 527; x_wconf 84' lang='lat' dir='ltr'>adducetur,</span> <span class='ocrx_word' id='word_1_67' title='bbox 359 489 412 529; x_wconf 90' lang='lat' dir='ltr'>qui</span> <span class='ocrx_word' id='word_1_68' title='bbox 421 489 479 518; x_wconf 55' lang='lat' dir='ltr'>ista</span> <span class='ocrx_word' id='word_1_69' title='bbox 490 489 661 519; x_wconf 85' lang='lat' dir='ltr'>defensione</span> <span class='ocrx_word' id='word_1_70' title='bbox 672 500 732 520; x_wconf 89' lang='lat' dir='ltr'>non</span> <span class='ocrx_word' id='word_1_71' title='bbox 744 489 837 530; x_wconf 81' lang='lat' dir='ltr'>possit</span> <span class='ocrx_word' id='word_1_72' title='bbox 848 488 902 518; x_wconf 90' lang='lat' dir='ltr'>uti.</span> <span class='ocrx_word' id='word_1_73' title='bbox 926 488 1063 525; x_wconf 88' lang='lat' dir='ltr'>Etenim,</span> 
     </span>
     <span class='ocr_line' id='line_1_11' title="bbox 171 531 1063 573; baseline 0.001 -13"><span class='ocrx_word' id='word_1_74' title='bbox 171 540 242 561; x_wconf 90' lang='lat' dir='ltr'>cum</span> <span class='ocrx_word' id='word_1_75' title='bbox 260 532 368 562; x_wconf 85' lang='lat' dir='ltr'><strong>Verres</strong></span> <span class='ocrx_word' id='word_1_76' title='bbox 391 538 504 570; x_wconf 83' lang='lat' dir='ltr'>utatur,</span> <span class='ocrx_word' id='word_1_77' title='bbox 521 532 588 573; x_wconf 87' lang='lat' dir='ltr'>quis</span> <span class='ocrx_word' id='word_1_78' title='bbox 613 533 668 562; x_wconf 88' lang='lat' dir='ltr'>erit</span> <span class='ocrx_word' id='word_1_79' title='bbox 691 542 829 573; x_wconf 81' lang='lat' dir='ltr'>unquam</span> <span class='ocrx_word' id='word_1_80' title='bbox 853 531 976 572; x_wconf 84' lang='lat' dir='ltr'>posthac</span> <span class='ocrx_word' id='word_1_81' title='bbox 996 541 1063 561; x_wconf 84' lang='lat' dir='ltr'>reus</span> 
     </span>
     <span class='ocr_line' id='line_1_12' title="bbox 170 574 1062 615; baseline 0 -12"><span class='ocrx_word' id='word_1_82' title='bbox 170 579 234 604; x_wconf 84' lang='lat' dir='ltr'>tam</span> <span class='ocrx_word' id='word_1_83' title='bbox 251 574 396 615; x_wconf 78' lang='lat' dir='ltr'>perditus,</span> <span class='ocrx_word' id='word_1_84' title='bbox 414 575 468 615; x_wconf 90' lang='lat' dir='ltr'>qui</span> <span class='ocrx_word' id='word_1_85' title='bbox 483 585 543 605; x_wconf 91' lang='lat' dir='ltr'>non</span> <span class='ocrx_word' id='word_1_86' title='bbox 556 575 594 605; x_wconf 89' lang='lat' dir='ltr'>ad</span> <span class='ocrx_word' id='word_1_87' title='bbox 616 576 656 613; x_wconf 82' lang='lat' dir='ltr'>Q.</span> <span class='ocrx_word' id='word_1_88' title='bbox 683 575 782 605; x_wconf 77' lang='lat' dir='ltr'>Mucii</span> <span class='ocrx_word' id='word_1_89' title='bbox 798 575 1001 604; x_wconf 67' lang='lat' dir='ltr'>innocentiam</span> <span class='ocrx_word' id='word_1_90' title='bbox 1016 584 1062 604; x_wconf 88' lang='lat' dir='ltr'>re-</span> 
     </span>
     <span class='ocr_line' id='line_1_13' title="bbox 171 616 1063 658; baseline 0 -12"><span class='ocrx_word' id='word_1_91' title='bbox 171 616 298 654; x_wconf 84' lang='lat' dir='ltr'>feratur,</span> <span class='ocrx_word' id='word_1_92' title='bbox 316 618 340 648; x_wconf 93' lang='lat' dir='ltr'>si</span> <span class='ocrx_word' id='word_1_93' title='bbox 361 628 430 648; x_wconf 90' lang='lat' dir='ltr'>cum</span> <span class='ocrx_word' id='word_1_94' title='bbox 456 618 512 648; x_wconf 83' lang='lat' dir='ltr'>isto</span> <span class='ocrx_word' id='word_1_95' title='bbox 535 618 730 649; x_wconf 77' lang='lat' dir='ltr'>conferatur?</span> <span class='ocrx_word' id='word_1_96' title='bbox 764 618 875 658; x_wconf 86' lang='lat' dir='ltr'>Neque</span> <span class='ocrx_word' id='word_1_97' title='bbox 897 627 979 647; x_wconf 86' lang='lat' dir='ltr'>nunc</span> <span class='ocrx_word' id='word_1_98' title='bbox 1000 622 1063 646; x_wconf 86' lang='lat' dir='ltr'>tam</span> 
     </span>
     <span class='ocr_line' id='line_1_14' title="bbox 170 660 1064 701; baseline 0 -12"><span class='ocrx_word' id='word_1_99' title='bbox 170 660 248 690; x_wconf 87' lang='lat' dir='ltr'>mihi</span> <span class='ocrx_word' id='word_1_100' title='bbox 263 660 313 690; x_wconf 86' lang='lat' dir='ltr'>isti</span> <span class='ocrx_word' id='word_1_101' title='bbox 334 661 461 691; x_wconf 83' lang='lat' dir='ltr'>Verrem</span> <span class='ocrx_word' id='word_1_102' title='bbox 477 661 635 691; x_wconf 79' lang='lat' dir='ltr'>defendere</span> <span class='ocrx_word' id='word_1_103' title='bbox 652 661 802 698; x_wconf 83' lang='lat' dir='ltr'>videntur,</span> <span class='ocrx_word' id='word_1_104' title='bbox 817 671 909 701; x_wconf 88' lang='lat' dir='ltr'>quam</span> <span class='ocrx_word' id='word_1_105' title='bbox 926 660 957 689; x_wconf 91' lang='lat' dir='ltr'>in</span> <span class='ocrx_word' id='word_1_106' title='bbox 969 660 1064 690; x_wconf 86' lang='lat' dir='ltr'>Verre</span> 
     </span>
     <span class='ocr_line' id='line_1_15' title="bbox 173 702 1064 742; baseline 0 -10"><span class='ocrx_word' id='word_1_107' title='bbox 173 702 355 733; x_wconf 83' lang='lat' dir='ltr'>defensionis</span> <span class='ocrx_word' id='word_1_108' title='bbox 382 710 496 734; x_wconf 87' lang='lat' dir='ltr'>tentare</span> <span class='ocrx_word' id='word_1_109' title='bbox 522 704 677 734; x_wconf 82' lang='lat' dir='ltr'>rationem.</span> <span class='ocrx_word' id='word_1_110' title='bbox 713 704 786 742; x_wconf 62' lang='lat' dir='ltr'>Qua</span> <span class='ocrx_word' id='word_1_111' title='bbox 810 704 846 733; x_wconf 87' lang='lat' dir='ltr'>de</span> <span class='ocrx_word' id='word_1_112' title='bbox 870 714 913 740; x_wconf 89' lang='lat' dir='ltr'>re,</span> <span class='ocrx_word' id='word_1_113' title='bbox 937 702 1064 741; x_wconf 82' lang='lat' dir='ltr'>judices,</span> 
     </span>
     <span class='ocr_line' id='line_1_16' title="bbox 163 745 1064 787; baseline -0.001 -11"><span class='ocrx_word' id='word_1_114' title='bbox 163 746 256 779; x_wconf 74' lang='lat' dir='ltr'>,vobis</span> <span class='ocrx_word' id='word_1_115' title='bbox 273 756 456 787; x_wconf 82' lang='lat' dir='ltr'>magnopere</span> <span class='ocrx_word' id='word_1_116' title='bbox 476 747 697 787; x_wconf 85' lang='lat' dir='ltr'>providendum</span> <span class='ocrx_word' id='word_1_117' title='bbox 714 754 766 777; x_wconf 91' lang='lat' dir='ltr'>est.</span> <span class='ocrx_word' id='word_1_118' title='bbox 801 746 935 776; x_wconf 85' lang='lat' dir='ltr'>Pertinet</span> <span class='ocrx_word' id='word_1_119' title='bbox 953 745 1010 775; x_wconf 90' lang='lat' dir='ltr'>hoc</span> <span class='ocrx_word' id='word_1_120' title='bbox 1026 745 1064 775; x_wconf 89' lang='lat' dir='ltr'>ad</span> 
     </span>
     <span class='ocr_line' id='line_1_17' title="bbox 172 788 1062 830; baseline 0 -12"><span class='ocrx_word' id='word_1_121' title='bbox 172 799 327 818; x_wconf 86' lang='lat' dir='ltr'>summam</span> <span class='ocrx_word' id='word_1_122' title='bbox 347 790 530 830; x_wconf 78' lang='lat' dir='ltr'>reipublicae,</span> <span class='ocrx_word' id='word_1_123' title='bbox 547 796 576 820; x_wconf 90' lang='lat' dir='ltr'>et</span> <span class='ocrx_word' id='word_1_124' title='bbox 601 790 639 819; x_wconf 88' lang='lat' dir='ltr'>ad</span> <span class='ocrx_word' id='word_1_125' title='bbox 660 789 913 820; x_wconf 84' lang='lat' dir='ltr'>existimationem</span> <span class='ocrx_word' id='word_1_126' title='bbox 938 788 1062 825; x_wconf 78' lang='lat' dir='ltr'>ordinis,</span> 
     </span>
     <span class='ocr_line' id='line_1_18' title="bbox 172 831 1064 872; baseline -0.001 -11"><span class='ocrx_word' id='word_1_127' title='bbox 172 832 363 872; x_wconf 84' lang='lat' dir='ltr'>salutemque</span> <span class='ocrx_word' id='word_1_128' title='bbox 382 832 540 862; x_wconf 90' lang='lat' dir='ltr'>sociorum.</span> <span class='ocrx_word' id='word_1_129' title='bbox 565 833 598 863; x_wconf 85' lang='lat' dir='ltr'>Si</span> <span class='ocrx_word' id='word_1_130' title='bbox 614 833 694 863; x_wconf 89' lang='lat' dir='ltr'>enim</span> <span class='ocrx_word' id='word_1_131' title='bbox 710 833 882 862; x_wconf 89' lang='lat' dir='ltr'>innocentes</span> <span class='ocrx_word' id='word_1_132' title='bbox 898 831 1064 862; x_wconf 79' lang='lat' dir='ltr'>existimari</span> 
     </span>
     <span class='ocr_line' id='line_1_19' title="bbox 171 874 1064 913; baseline 0 -9"><span class='ocrx_word' id='word_1_133' title='bbox 171 874 325 912; x_wconf 86' lang='lat' dir='ltr'>volumus,</span> <span class='ocrx_word' id='word_1_134' title='bbox 342 885 403 905; x_wconf 92' lang='lat' dir='ltr'>non</span> <span class='ocrx_word' id='word_1_135' title='bbox 419 875 519 905; x_wconf 88' lang='lat' dir='ltr'>solum</span> <span class='ocrx_word' id='word_1_136' title='bbox 540 886 594 905; x_wconf 92' lang='lat' dir='ltr'>nos</span> <span class='ocrx_word' id='word_1_137' title='bbox 609 876 802 913; x_wconf 78' lang='lat' dir='ltr'>abstinentes,</span> <span class='ocrx_word' id='word_1_138' title='bbox 820 875 872 905; x_wconf 88' lang='lat' dir='ltr'>sed</span> <span class='ocrx_word' id='word_1_139' title='bbox 888 875 979 905; x_wconf 87' lang='lat' dir='ltr'>etiam</span> <span class='ocrx_word' id='word_1_140' title='bbox 994 885 1064 904; x_wconf 89' lang='lat' dir='ltr'>nos-</span> 
     </span>
     <span class='ocr_line' id='line_1_20' title="bbox 172 918 709 958; baseline 0.002 -11"><span class='ocrx_word' id='word_1_141' title='bbox 172 921 233 947; x_wconf 89' lang='lat' dir='ltr'>tros</span> <span class='ocrx_word' id='word_1_142' title='bbox 249 918 383 955; x_wconf 85' lang='lat' dir='ltr'>comites,</span> <span class='ocrx_word' id='word_1_143' title='bbox 400 924 540 958; x_wconf 78' lang='lat' dir='ltr'>praestare</span> <span class='ocrx_word' id='word_1_144' title='bbox 556 918 709 949; x_wconf 84' lang='lat' dir='ltr'>debemus.</span> 
     </span>
    </p>

    <p class='ocr_par' dir='ltr' id='par_1_4' title="bbox 171 960 1068 1776">
     <span class='ocr_line' id='line_1_21' title="bbox 217 960 1064 1002; baseline 0 -12"><span class='ocrx_word' id='word_1_145' title='bbox 217 960 278 990; x_wconf 89' lang='lat' dir='ltr'>XI.</span> <span class='ocrx_word' id='word_1_146' title='bbox 304 961 445 991; x_wconf 88' lang='lat' dir='ltr'>Primum</span> <span class='ocrx_word' id='word_1_147' title='bbox 456 961 594 991; x_wconf 89' lang='lat' dir='ltr'>omnium</span> <span class='ocrx_word' id='word_1_148' title='bbox 607 972 697 1002; x_wconf 89' lang='lat' dir='ltr'>opera</span> <span class='ocrx_word' id='word_1_149' title='bbox 712 961 812 991; x_wconf 87' lang='lat' dir='ltr'>danda</span> <span class='ocrx_word' id='word_1_150' title='bbox 828 967 883 998; x_wconf 88' lang='lat' dir='ltr'>est,</span> <span class='ocrx_word' id='word_1_151' title='bbox 896 967 931 991; x_wconf 91' lang='lat' dir='ltr'>ut</span> <span class='ocrx_word' id='word_1_152' title='bbox 946 971 995 990; x_wconf 92' lang='lat' dir='ltr'>eos</span> <span class='ocrx_word' id='word_1_153' title='bbox 1010 970 1064 990; x_wconf 87' lang='lat' dir='ltr'>no-</span> 
     </span>
     <span class='ocr_line' id='line_1_22' title="bbox 171 1002 1063 1045; baseline 0.001 -13"><span class='ocrx_word' id='word_1_154' title='bbox 171 1002 290 1033; x_wconf 87' lang='lat' dir='ltr'>biscum</span> <span class='ocrx_word' id='word_1_155' title='bbox 306 1003 464 1041; x_wconf 85' lang='lat' dir='ltr'>ducamus,</span> <span class='ocrx_word' id='word_1_156' title='bbox 481 1004 535 1045; x_wconf 90' lang='lat' dir='ltr'>qui</span> <span class='ocrx_word' id='word_1_157' title='bbox 549 1011 657 1035; x_wconf 84' lang='lat' dir='ltr'>nostrae</span> <span class='ocrx_word' id='word_1_158' title='bbox 673 1005 762 1035; x_wconf 86' lang='lat' dir='ltr'>famae</span> <span class='ocrx_word' id='word_1_159' title='bbox 785 1004 936 1045; x_wconf 84' lang='lat' dir='ltr'>capitique</span> <span class='ocrx_word' id='word_1_160' title='bbox 956 1013 1063 1034; x_wconf 88' lang='lat' dir='ltr'>consu-</span> 
     </span>
     <span class='ocr_line' id='line_1_23' title="bbox 173 1045 1064 1088; baseline 0.001 -13"><span class='ocrx_word' id='word_1_161' title='bbox 173 1045 258 1076; x_wconf 86' lang='lat' dir='ltr'>lant:</span> <span class='ocrx_word' id='word_1_162' title='bbox 284 1046 403 1084; x_wconf 88' lang='lat' dir='ltr'>deinde,</span> <span class='ocrx_word' id='word_1_163' title='bbox 434 1047 470 1084; x_wconf 87' lang='lat' dir='ltr'>si,</span> <span class='ocrx_word' id='word_1_164' title='bbox 493 1048 524 1077; x_wconf 94' lang='lat' dir='ltr'>in</span> <span class='ocrx_word' id='word_1_165' title='bbox 545 1047 720 1078; x_wconf 86' lang='lat' dir='ltr'>hominibus</span> <span class='ocrx_word' id='word_1_166' title='bbox 741 1047 896 1088; x_wconf 84' lang='lat' dir='ltr'>eligendis,</span> <span class='ocrx_word' id='word_1_167' title='bbox 919 1056 972 1076; x_wconf 88' lang='lat' dir='ltr'>nos</span> <span class='ocrx_word' id='word_1_168' title='bbox 998 1057 1064 1086; x_wconf 87' lang='lat' dir='ltr'>spes</span> 
     </span>
     <span class='ocr_line' id='line_1_24' title="bbox 172 1089 1063 1128; baseline 0.002 -10"><span class='ocrx_word' id='word_1_169' title='bbox 172 1089 315 1119; x_wconf 88' lang='lat' dir='ltr'>amicitiae</span> <span class='ocrx_word' id='word_1_170' title='bbox 335 1089 485 1128; x_wconf 77' lang='lat' dir='ltr'>fefellerit,</span> <span class='ocrx_word' id='word_1_171' title='bbox 506 1095 541 1120; x_wconf 90' lang='lat' dir='ltr'>ut</span> <span class='ocrx_word' id='word_1_172' title='bbox 560 1090 757 1128; x_wconf 83' lang='lat' dir='ltr'>vindicemus,</span> <span class='ocrx_word' id='word_1_173' title='bbox 780 1091 885 1120; x_wconf 87' lang='lat' dir='ltr'>missos</span> <span class='ocrx_word' id='word_1_174' title='bbox 906 1089 1063 1127; x_wconf 86' lang='lat' dir='ltr'>faciamus,</span> 
     </span>
     <span class='ocr_line' id='line_1_25' title="bbox 172 1132 1066 1173; baseline 0.001 -11"><span class='ocrx_word' id='word_1_175' title='bbox 172 1142 292 1173; x_wconf 87' lang='lat' dir='ltr'>semper</span> <span class='ocrx_word' id='word_1_176' title='bbox 316 1132 358 1162; x_wconf 85' lang='lat' dir='ltr'>ita</span> <span class='ocrx_word' id='word_1_177' title='bbox 382 1133 530 1171; x_wconf 87' lang='lat' dir='ltr'>vivamus,</span> <span class='ocrx_word' id='word_1_178' title='bbox 555 1139 590 1163; x_wconf 87' lang='lat' dir='ltr'>ut</span> <span class='ocrx_word' id='word_1_179' title='bbox 609 1134 755 1164; x_wconf 87' lang='lat' dir='ltr'>rationem</span> <span class='ocrx_word' id='word_1_180' title='bbox 777 1133 960 1163; x_wconf 87' lang='lat' dir='ltr'>reddendam</span> <span class='ocrx_word' id='word_1_181' title='bbox 980 1132 1066 1163; x_wconf 88' lang='lat' dir='ltr'>nobis</span> 
     </span>
     <span class='ocr_line' id='line_1_26' title="bbox 173 1175 1065 1214; baseline -0.001 -9"><span class='ocrx_word' id='word_1_182' title='bbox 173 1175 365 1205; x_wconf 85' lang='lat' dir='ltr'>arbitremur.</span> <span class='ocrx_word' id='word_1_183' title='bbox 399 1176 541 1206; x_wconf 83' lang='lat' dir='ltr'>Africani</span> <span class='ocrx_word' id='word_1_184' title='bbox 556 1182 599 1206; x_wconf 86' lang='lat' dir='ltr'>est</span> <span class='ocrx_word' id='word_1_185' title='bbox 614 1177 681 1214; x_wconf 89' lang='lat' dir='ltr'>hoc,</span> <span class='ocrx_word' id='word_1_186' title='bbox 698 1176 829 1207; x_wconf 86' lang='lat' dir='ltr'>hominis</span> <span class='ocrx_word' id='word_1_187' title='bbox 844 1175 1065 1205; x_wconf 83' lang='lat' dir='ltr'>liberalissimi:</span> 
     </span>
     <span class='ocr_line' id='line_1_27' title="bbox 175 1218 1066 1260; baseline -0.001 -12"><span class='ocrx_word' id='word_1_188' title='bbox 175 1220 401 1258; x_wconf 88' lang='lat' dir='ltr'>(verumtamen</span> <span class='ocrx_word' id='word_1_189' title='bbox 423 1229 457 1249; x_wconf 89' lang='lat' dir='ltr'>ea</span> <span class='ocrx_word' id='word_1_190' title='bbox 477 1219 639 1250; x_wconf 84' lang='lat' dir='ltr'>liberalitas</span> <span class='ocrx_word' id='word_1_191' title='bbox 658 1226 701 1249; x_wconf 89' lang='lat' dir='ltr'>est</span> <span class='ocrx_word' id='word_1_192' title='bbox 727 1218 894 1260; x_wconf 84' lang='lat' dir='ltr'>probanda,</span> <span class='ocrx_word' id='word_1_193' title='bbox 912 1228 980 1258; x_wconf 83' lang='lat' dir='ltr'>quae</span> <span class='ocrx_word' id='word_1_194' title='bbox 1003 1218 1066 1248; x_wconf 87' lang='lat' dir='ltr'>sine</span> 
     </span>
     <span class='ocr_line' id='line_1_28' title="bbox 173 1261 1065 1301; baseline -0.001 -10"><span class='ocrx_word' id='word_1_195' title='bbox 173 1261 308 1301; x_wconf 83' lang='lat' dir='ltr'>periculo</span> <span class='ocrx_word' id='word_1_196' title='bbox 331 1262 562 1292; x_wconf 82' lang='lat' dir='ltr'>existimationis</span> <span class='ocrx_word' id='word_1_197' title='bbox 578 1268 632 1299; x_wconf 84' lang='lat' dir='ltr'>est,</span> <span class='ocrx_word' id='word_1_198' title='bbox 654 1269 688 1292; x_wconf 91' lang='lat' dir='ltr'>ut</span> <span class='ocrx_word' id='word_1_199' title='bbox 704 1263 735 1292; x_wconf 88' lang='lat' dir='ltr'>in</span> <span class='ocrx_word' id='word_1_200' title='bbox 751 1262 804 1292; x_wconf 88' lang='lat' dir='ltr'>illo</span> <span class='ocrx_word' id='word_1_201' title='bbox 819 1262 902 1297; x_wconf 60' lang='lat' dir='ltr'>fuit)</span> <span class='ocrx_word' id='word_1_202' title='bbox 927 1262 1008 1291; x_wconf 75' lang='lat' dir='ltr'>Cum</span> <span class='ocrx_word' id='word_1_203' title='bbox 1027 1262 1065 1291; x_wconf 89' lang='lat' dir='ltr'>ab</span> 
     </span>
     <span class='ocr_line' id='line_1_29' title="bbox 173 1304 1064 1344; baseline 0 -11"><span class='ocrx_word' id='word_1_204' title='bbox 173 1314 208 1334; x_wconf 93' lang='lat' dir='ltr'>eo</span> <span class='ocrx_word' id='word_1_205' title='bbox 231 1304 357 1344; x_wconf 89' lang='lat' dir='ltr'>quidam</span> <span class='ocrx_word' id='word_1_206' title='bbox 382 1311 470 1335; x_wconf 89' lang='lat' dir='ltr'>vetus</span> <span class='ocrx_word' id='word_1_207' title='bbox 486 1311 654 1343; x_wconf 79' lang='lat' dir='ltr'>assectator,</span> <span class='ocrx_word' id='word_1_208' title='bbox 672 1316 709 1335; x_wconf 83' lang='lat' dir='ltr'>ex</span> <span class='ocrx_word' id='word_1_209' title='bbox 735 1315 863 1335; x_wconf 92' lang='lat' dir='ltr'>numero</span> <span class='ocrx_word' id='word_1_210' title='bbox 885 1304 1064 1342; x_wconf 87' lang='lat' dir='ltr'>amicorum,</span> 
     </span>
     <span class='ocr_line' id='line_1_30' title="bbox 172 1347 1066 1388; baseline 0.001 -13"><span class='ocrx_word' id='word_1_211' title='bbox 172 1356 235 1376; x_wconf 89' lang='lat' dir='ltr'>non</span> <span class='ocrx_word' id='word_1_212' title='bbox 251 1347 436 1387; x_wconf 86' lang='lat' dir='ltr'>impetraret,</span> <span class='ocrx_word' id='word_1_213' title='bbox 450 1349 495 1378; x_wconf 89' lang='lat' dir='ltr'>uti</span> <span class='ocrx_word' id='word_1_214' title='bbox 507 1359 538 1378; x_wconf 90' lang='lat' dir='ltr'>se</span> <span class='ocrx_word' id='word_1_215' title='bbox 550 1348 726 1388; x_wconf 73' lang='lat' dir='ltr'>praefectum</span> <span class='ocrx_word' id='word_1_216' title='bbox 738 1349 769 1378; x_wconf 90' lang='lat' dir='ltr'>in</span> <span class='ocrx_word' id='word_1_217' title='bbox 779 1348 919 1377; x_wconf 86' lang='lat' dir='ltr'>Africam</span> <span class='ocrx_word' id='word_1_218' title='bbox 932 1347 1066 1384; x_wconf 89' lang='lat' dir='ltr'>duceret,</span> 
     </span>
     <span class='ocr_line' id='line_1_31' title="bbox 174 1389 1065 1431; baseline -0.002 -11"><span class='ocrx_word' id='word_1_219' title='bbox 174 1394 203 1420; x_wconf 90' lang='lat' dir='ltr'>et</span> <span class='ocrx_word' id='word_1_220' title='bbox 219 1389 250 1418; x_wconf 89' lang='lat' dir='ltr'>id</span> <span class='ocrx_word' id='word_1_221' title='bbox 262 1389 352 1420; x_wconf 87' lang='lat' dir='ltr'>ferret</span> <span class='ocrx_word' id='word_1_222' title='bbox 367 1391 511 1421; x_wconf 86' lang='lat' dir='ltr'>moleste:</span> <span class='ocrx_word' id='word_1_223' title='bbox 538 1393 560 1408; x_wconf 63' lang='lat'>‘⁴</span> <span class='ocrx_word' id='word_1_224' title='bbox 575 1391 605 1421; x_wconf 89' lang='lat' dir='ltr'><strong>N</strong></span> <span class='ocrx_word' id='word_1_225' title='bbox 609 1391 684 1428; x_wconf 75' lang='lat' dir='ltr'>ol;,”</span> <span class='ocrx_word' id='word_1_226' title='bbox 701 1391 812 1431; x_wconf 87' lang='lat' dir='ltr'>inquit,</span> <span class='ocrx_word' id='word_1_227' title='bbox 832 1393 853 1408; x_wconf 80' lang='grc'>“</span> <span class='ocrx_word' id='word_1_228' title='bbox 864 1390 979 1427; x_wconf 85' lang='lat' dir='ltr'>mirari,</span> <span class='ocrx_word' id='word_1_229' title='bbox 996 1389 1021 1419; x_wconf 88' lang='lat' dir='ltr'>si</span> <span class='ocrx_word' id='word_1_230' title='bbox 1032 1395 1065 1419; x_wconf 89' lang='lat' dir='ltr'>tu</span> 
     </span>
     <span class='ocr_line' id='line_1_32' title="bbox 175 1432 1068 1474; baseline 0 -12"><span class='ocrx_word' id='word_1_231' title='bbox 175 1442 193 1462; x_wconf 88' lang='lat' dir='ltr'>a</span> <span class='ocrx_word' id='word_1_232' title='bbox 208 1442 258 1462; x_wconf 91' lang='lat' dir='ltr'>me</span> <span class='ocrx_word' id='word_1_233' title='bbox 273 1432 329 1463; x_wconf 91' lang='lat' dir='ltr'>hoc</span> <span class='ocrx_word' id='word_1_234' title='bbox 345 1443 405 1463; x_wconf 86' lang='lat' dir='ltr'>non</span> <span class='ocrx_word' id='word_1_235' title='bbox 422 1434 574 1474; x_wconf 88' lang='lat' dir='ltr'>impetras.</span> <span class='ocrx_word' id='word_1_236' title='bbox 613 1434 682 1474; x_wconf 83' lang='lat' dir='ltr'>Ego</span> <span class='ocrx_word' id='word_1_237' title='bbox 695 1433 880 1474; x_wconf 84' lang='lat' dir='ltr'>jampridem</span> <span class='ocrx_word' id='word_1_238' title='bbox 903 1434 940 1462; x_wconf 89' lang='lat' dir='ltr'>ab</span> <span class='ocrx_word' id='word_1_239' title='bbox 957 1442 1002 1469; x_wconf 84' lang='lat' dir='ltr'>eo,</span> <span class='ocrx_word' id='word_1_240' title='bbox 1019 1432 1068 1462; x_wconf 89' lang='lat' dir='ltr'>cui</span> 
     </span>
     <span class='ocr_line' id='line_1_33' title="bbox 173 1476 1067 1515; baseline 0 -11"><span class='ocrx_word' id='word_1_241' title='bbox 173 1485 275 1505; x_wconf 85' lang='lat' dir='ltr'>meam</span> <span class='ocrx_word' id='word_1_242' title='bbox 297 1476 551 1507; x_wconf 81' lang='lat' dir='ltr'>existimationem</span> <span class='ocrx_word' id='word_1_243' title='bbox 575 1488 674 1507; x_wconf 84' lang='lat' dir='ltr'>caram</span> <span class='ocrx_word' id='word_1_244' title='bbox 696 1477 758 1507; x_wconf 89' lang='lat' dir='ltr'>fore</span> <span class='ocrx_word' id='word_1_245' title='bbox 779 1476 917 1511; x_wconf 80' lang='lat' dir='ltr'>arbitror,</span> <span class='ocrx_word' id='word_1_246' title='bbox 934 1481 1015 1515; x_wconf 90' lang='lat' dir='ltr'>peto,</span> <span class='ocrx_word' id='word_1_247' title='bbox 1032 1480 1067 1505; x_wconf 90' lang='lat' dir='ltr'>ut</span> 
     </span>
     <span class='ocr_line' id='line_1_34' title="bbox 175 1518 1067 1561; baseline -0.001 -13"><span class='ocrx_word' id='word_1_248' title='bbox 175 1528 297 1548; x_wconf 88' lang='lat' dir='ltr'>mecum</span> <span class='ocrx_word' id='word_1_249' title='bbox 313 1519 472 1559; x_wconf 83' lang='lat' dir='ltr'>praefectus</span> <span class='ocrx_word' id='word_1_250' title='bbox 487 1520 691 1561; x_wconf 87' lang='lat' dir='ltr'>proficiscatur</span> <span class='ocrx_word' id='word_1_251' title='bbox 705 1531 713 1556; x_wconf 76' lang='grc' dir='ltr'><strong>ς</strong></span> <span class='ocrx_word' id='word_1_252' title='bbox 739 1526 767 1550; x_wconf 92' lang='lat' dir='ltr'>et</span> <span class='ocrx_word' id='word_1_253' title='bbox 789 1520 888 1549; x_wconf 90' lang='lat' dir='ltr'>adhuc</span> <span class='ocrx_word' id='word_1_254' title='bbox 906 1518 1067 1559; x_wconf 87' lang='lat' dir='ltr'>impetrare</span> 
     </span>
     <span class='ocr_line' id='line_1_35' title="bbox 174 1561 1066 1602; baseline -0.001 -11"><span class='ocrx_word' id='word_1_255' title='bbox 174 1570 236 1591; x_wconf 91' lang='lat' dir='ltr'>non</span> <span class='ocrx_word' id='word_1_256' title='bbox 252 1563 409 1602; x_wconf 86' lang='lat' dir='ltr'>possum.&#39;&#39;</span> <span class='ocrx_word' id='word_1_257' title='bbox 444 1563 570 1593; x_wconf 88' lang='lat' dir='ltr'>Etenim</span> <span class='ocrx_word' id='word_1_258' title='bbox 586 1574 617 1593; x_wconf 89' lang='lat' dir='ltr'>re</span> <span class='ocrx_word' id='word_1_259' title='bbox 632 1563 702 1593; x_wconf 60' lang='lat' dir='ltr'>vera</span> <span class='ocrx_word' id='word_1_260' title='bbox 717 1563 815 1593; x_wconf 89' lang='lat' dir='ltr'>multo</span> <span class='ocrx_word' id='word_1_261' title='bbox 830 1561 928 1602; x_wconf 86' lang='lat' dir='ltr'>magis</span> <span class='ocrx_word' id='word_1_262' title='bbox 951 1567 995 1591; x_wconf 86' lang='lat' dir='ltr'>est</span> <span class='ocrx_word' id='word_1_263' title='bbox 1014 1571 1066 1600; x_wconf 90' lang='lat' dir='ltr'>pe-</span> 
     </span>
     <span class='ocr_line' id='line_1_36' title="bbox 176 1604 1066 1643; baseline -0.001 -9"><span class='ocrx_word' id='word_1_264' title='bbox 176 1604 303 1634; x_wconf 84' lang='lat' dir='ltr'>tendum</span> <span class='ocrx_word' id='word_1_265' title='bbox 319 1606 356 1635; x_wconf 88' lang='lat' dir='ltr'>ab</span> <span class='ocrx_word' id='word_1_266' title='bbox 373 1605 559 1643; x_wconf 84' lang='lat' dir='ltr'>hominibus,</span> <span class='ocrx_word' id='word_1_267' title='bbox 578 1607 601 1636; x_wconf 93' lang='lat' dir='ltr'>si</span> <span class='ocrx_word' id='word_1_268' title='bbox 622 1606 697 1636; x_wconf 89' lang='lat' dir='ltr'>salvi</span> <span class='ocrx_word' id='word_1_269' title='bbox 718 1612 746 1636; x_wconf 87' lang='lat' dir='ltr'>et</span> <span class='ocrx_word' id='word_1_270' title='bbox 761 1605 878 1635; x_wconf 88' lang='lat' dir='ltr'>honesti</span> <span class='ocrx_word' id='word_1_271' title='bbox 899 1614 960 1634; x_wconf 91' lang='lat' dir='ltr'>esse</span> <span class='ocrx_word' id='word_1_272' title='bbox 980 1604 1066 1634; x_wconf 87' lang='lat' dir='ltr'>volu-</span> 
     </span>
     <span class='ocr_line' id='line_1_37' title="bbox 175 1646 1066 1689; baseline -0.001 -13"><span class='ocrx_word' id='word_1_273' title='bbox 175 1656 257 1684; x_wconf 81' lang='lat' dir='ltr'>mus,</span> <span class='ocrx_word' id='word_1_274' title='bbox 270 1653 305 1677; x_wconf 88' lang='lat' dir='ltr'>ut</span> <span class='ocrx_word' id='word_1_275' title='bbox 319 1655 388 1678; x_wconf 88' lang='lat' dir='ltr'>eant</span> <span class='ocrx_word' id='word_1_276' title='bbox 398 1649 555 1679; x_wconf 86' lang='lat' dir='ltr'>nobiscum</span> <span class='ocrx_word' id='word_1_277' title='bbox 571 1649 602 1678; x_wconf 91' lang='lat' dir='ltr'>in</span> <span class='ocrx_word' id='word_1_278' title='bbox 618 1649 816 1689; x_wconf 69' lang='lat' dir='ltr'>provinciam,</span> <span class='ocrx_word' id='word_1_279' title='bbox 829 1657 922 1689; x_wconf 81' lang='lat' dir='ltr'>quam</span> <span class='ocrx_word' id='word_1_280' title='bbox 938 1647 995 1676; x_wconf 89' lang='lat' dir='ltr'>hoc</span> <span class='ocrx_word' id='word_1_281' title='bbox 1005 1646 1066 1676; x_wconf 89' lang='lat' dir='ltr'>illis</span> 
     </span>
     <span class='ocr_line' id='line_1_38' title="bbox 174 1689 1065 1728; baseline -0.001 -9"><span class='ocrx_word' id='word_1_282' title='bbox 174 1689 207 1719; x_wconf 91' lang='lat' dir='ltr'>in</span> <span class='ocrx_word' id='word_1_283' title='bbox 229 1690 367 1721; x_wconf 84' lang='lat' dir='ltr'>beneficii</span> <span class='ocrx_word' id='word_1_284' title='bbox 386 1691 451 1722; x_wconf 89' lang='lat' dir='ltr'>loco</span> <span class='ocrx_word' id='word_1_285' title='bbox 471 1692 678 1722; x_wconf 88' lang='lat' dir='ltr'>deferendum.</span> <span class='ocrx_word' id='word_1_286' title='bbox 711 1692 770 1722; x_wconf 79' lang='lat' dir='ltr'>Sed</span> <span class='ocrx_word' id='word_1_287' title='bbox 792 1697 837 1728; x_wconf 85' lang='lat' dir='ltr'>tu,</span> <span class='ocrx_word' id='word_1_288' title='bbox 862 1701 932 1720; x_wconf 89' lang='lat' dir='ltr'>cum</span> <span class='ocrx_word' id='word_1_289' title='bbox 954 1696 983 1719; x_wconf 90' lang='lat' dir='ltr'>et</span> <span class='ocrx_word' id='word_1_290' title='bbox 998 1696 1065 1719; x_wconf 89' lang='lat' dir='ltr'>tuos</span> 
     </span>
     <span class='ocr_line' id='line_1_39' title="bbox 174 1732 1063 1776; baseline -0.001 -13"><span class='ocrx_word' id='word_1_291' title='bbox 174 1732 285 1764; x_wconf 86' lang='lat' dir='ltr'>amicos</span> <span class='ocrx_word' id='word_1_292' title='bbox 303 1733 335 1764; x_wconf 91' lang='lat' dir='ltr'>in</span> <span class='ocrx_word' id='word_1_293' title='bbox 358 1735 557 1775; x_wconf 87' lang='lat' dir='ltr'>provinciam,</span> <span class='ocrx_word' id='word_1_294' title='bbox 579 1735 665 1776; x_wconf 87' lang='lat' dir='ltr'>quasi</span> <span class='ocrx_word' id='word_1_295' title='bbox 678 1734 710 1765; x_wconf 92' lang='lat' dir='ltr'>in</span> <span class='ocrx_word' id='word_1_296' title='bbox 725 1734 871 1776; x_wconf 84' lang='lat' dir='ltr'>praedam,</span> <span class='ocrx_word' id='word_1_297' title='bbox 892 1732 1063 1767; x_wconf 54' lang='lat' dir='ltr'>invitabam</span> 
     </span>
    </p>
   </div>
  </div>
 </body>
</html>
