1181 1902
195 80 258 110 432
384 80 436 111 IN
460 80 657 113 VERREM
681 81 722 113 V.
745 81 828 114 CAP.
845 83 897 119 47.

190 165 330 197 bilissimi
353 172 444 208 ¹atque
474 167 678 208 antiquissimi
703 168 786 204 fani3
819 168 856 199 de
880 167 952 209 quei,
979 167 1079 209 priore

190 210 317 245 actione,
348 215 436 240 testes
460 210 557 240 dicere
589 211 725 241 audistis.
759 211 852 242 Nunc
879 212 983 241 eadem
1009 211 1074 246 illa,

190 262 293 292 quaeso
308 252 410 283 audite
425 264 434 289 ;
457 259 486 282 et
501 253 660 293 diligenter
676 254 766 288 (sicut
781 254 880 284 adhuc
894 254 1017 291 fecistis)
1032 258 1080 283 at-

192 295 314 325 tendite.

235 338 342 368 Insula
366 343 410 368 est
434 338 555 374 Melita,
578 338 704 377 judices,
728 340 798 370 satis
823 340 885 370 lato
914 341 952 369 ab
977 336 1080 369 Sicilia

192 381 271 411 mari
285 380 512 421 periculosoque
527 382 697 420 disjuncta;
722 383 753 412 in
770 393 831 423 qua
847 388 890 412 est
906 382 1009 412 eodem
1026 391 1081 410 no-

192 423 276 454 mine
299 423 458 463 oppidum,
483 435 544 464 quo
569 425 624 454 iste
652 435 811 466 nunqnam
836 425 977 455 accessit.
999 422 1082 464 quod

193 472 295 496 tamen
316 466 365 496 isti
388 467 554 497 textrinum
576 477 628 507 per
648 468 825 503 triennium,
849 468 886 497 ad
901 468 1082 497 muliebrem

193 515 307 539 vestem
323 509 551 546 conficiendam,
568 510 635 540 fuit.
658 511 712 541 Ab
728 521 762 541 eo
778 511 888 551 oppido
904 520 963 540 non
979 510 1081 549 longe,

193 552 225 582 in
259 552 476 592 promontorio,
510 552 617 582 fanum
663 559 706 583 est
744 554 878 583 ,Iunonis
907 553 1081 593 antiquum,

193 595 275 635 quod
298 595 381 625 tant&
396 595 540 635 religione
562 606 679 636 semper
700 597 768 631 fuit,
786 603 820 626 ut
840 606 900 626 non
916 595 1007 625 modo
1023 594 1084 624 illis

194 637 319 668 Punicis
342 638 440 675 bellis,
472 649 540 678 quae
565 638 596 668 in
621 639 668 669 his
691 640 752 669 fere
776 639 848 669 locis
872 639 972 668 navali
996 637 1084 678 copie.

194 687 277 721 gesta
288 687 379 721 atque
394 689 510 711 versata
525 687 606 717 sunt,
615 682 665 711 sed
681 682 771 711 etiam
784 682 814 711 in
831 682 886 711 hac
902 680 1081 721 praedonum

190 724 398 754 multitudine.
421 734 538 763 semper
559 724 739 754 inviolatum
761 730 958 764 sanctumque
981 723 1082 753 fuerit.

193 766 373 804 Quinetiam
386 767 443 796 hoc
457 766 612 796 memoriae
627 767 781 807 proditum
798 772 852 805 est,
878 767 970 796 classe
985 775 1078 806 quon-

193 809 265 839 dam
293 809 465 839 Masinissae
486 809 563 849 regis
578 809 617 838 ad
638 820 708 839 eum
728 810 829 840 locum
851 809 990 849 appulsir,
1007 819 1084 849 prae-

193 852 308 882 fectum
334 852 452 891 regium
476 852 580 881 dentes
604 853 761 889 eburneos,
783 851 950 882 incredibili
965 852 1085 891 magni-

195 894 311 931 tudine,
330 905 345 924 e
362 895 433 924 fano
449 895 614 931 sustulisse,
632 901 660 925 et
676 905 723 925 eos
739 895 770 925 in
786 895 925 925 Africam
938 895 1083 935 portiisse,

196 937 428 978 Masinissaeque
443 937 578 968 donasse.
603 938 721 978 Regem
737 938 861 978 quidem
873 937 972 978 primo
987 937 1084 967 delec-

196 985 295 1010 tatum
320 991 381 1010 esse
396 990 543 1010 munere:
567 986 646 1029 post,
663 981 716 1011 ubi
733 981 864 1010 audisset
879 980 960 1010 unde
975 986 1083 1017 essent,

196 1024 297 1053 statim
320 1029 414 1053 certos
436 1023 574 1053 homines
596 1023 627 1053 in
648 1023 861 1064 quinqueremi
881 1023 1007 1059 misisse,
1032 1022 1086 1063 qui

196 1076 246 1095 eos
281 1066 384 1096 dentes
416 1072 609 1106 reportarent.
649 1067 758 1107 Itaque
778 1066 809 1095 in
831 1066 877 1096 his
906 1066 1084 1106 inscriptum

195 1109 289 1138 literis
315 1109 438 1139 Punicis
460 1109 538 1139 fuit:
565 1111 586 1126 “
602 1110 719 1149 Regem
747 1109 943 1138 Masinissam
967 1108 1085 1148 impru-

195 1151 318 1182 dentem
339 1152 495 1192 accepisse,
518 1163 549 1182 re
569 1152 699 1192 cognita,
716 1152 902 1192 reponendos
926 1151 1085 1182 restituen-

195 1194 309 1235 dosque
333 1195 483 1225 curasse?
507 1195 584 1225 Erat
607 1201 750 1235 praeterea
773 1205 885 1235 magna
909 1194 953 1224 vis
977 1194 1085 1232 eboris,

195 1238 295 1267 multa
314 1244 502 1273 ornamenta,
519 1238 549 1267 in
566 1238 676 1278 quibus
692 1239 832 1268 eburneae
854 1237 1008 1274 Victoriae,
1031 1247 1085 1267 an-

195 1280 280 1320 tiquo
296 1290 385 1320 opere
408 1291 442 1310 ac
461 1291 581 1311 summa
601 1287 664 1311 alte
679 1280 826 1321 perfectae.
851 1280 928 1310 Haec
943 1279 998 1309 iste
1020 1290 1086 1310 om-

194 1323 245 1353 nia
256 1326 307 1357 (ne
319 1323 424 1353 multis
439 1330 554 1360 morer)
567 1333 630 1354 uno
639 1324 766 1364 impetu,
784 1329 875 1364 atque
890 1332 952 1352 uno
966 1322 1085 1361 nuntio,

193 1376 247 1406 per
271 1376 369 1396 servos
396 1366 553 1404 Venerios,
580 1377 657 1407 quos
680 1367 746 1405 ejus
771 1366 814 1396 rei
834 1376 923 1396 causa
951 1365 1085 1404 miserat,

198 1409 332 1438 tollenda
347 1415 438 1449 atque
452 1409 634 1450 asportanda
649 1409 773 1439 curavit.

238 1451 382 1482 XLVII.
408 1452 479 1489 Pro,
497 1452 551 1481 Dii
572 1452 778 1482 immortales!
804 1462 895 1493 quem
918 1461 973 1492 ego
988 1451 1088 1481 homi-

197 1503 268 1524 nem
285 1505 390 1524 accuso
405 1497 419 1525 Ρ
443 1505 535 1535 quem
550 1495 669 1535 legibus
695 1494 744 1533 [ac
765 1495 902 1534 judiciali
915 1495 999 1535 jure]
1021 1505 1088 1534 per-

197 1547 306 1577 sequor
319 1539 332 1567 Ρ
356 1537 393 1567 de
409 1548 470 1578 quo
486 1548 536 1567 vos
551 1537 730 1567 sententiam
742 1548 796 1578 per
807 1538 948 1568 tabellam
964 1537 1088 1567 feretis?

198 1579 315 1610 Dicunt
326 1580 417 1619 legati
430 1580 605 1611 Melitenses
617 1581 748 1621 publice,
763 1581 923 1621 spoliatum
936 1580 1087 1620 templum

199 1632 262 1652 esse
294 1623 447 1652 Junonis:
481 1623 557 1653 nihil
581 1623 673 1653 istum
704 1623 735 1653 in
765 1623 986 1663 religiosissimo
1016 1622 1088 1653 fano

198 1665 373 1705 reliquisse:
399 1675 492 1706 quem
520 1666 552 1695 in
582 1667 683 1696 locum
714 1666 820 1696 classes
848 1666 982 1696 hostium
1010 1676 1088 1706 saepe

198 1708 396 1743 accesserint3
421 1709 473 1738 ubi
499 1708 603 1749 piratae
623 1709 685 1740 fere
707 1709 870 1749 quotannis
884 1709 1017 1739 hiemare
1041 1718 1088 1738 so-

197 1750 278 1781 leant
293 1762 302 1786 ς
327 1751 410 1793 quod
422 1761 519 1793 neque
532 1752 635 1793 praedo
647 1752 766 1783 violarit
777 1758 876 1790 antea,
888 1761 986 1794 neque
995 1750 1090 1782 hostis
