1181 1902
210 89 272 119 438
397 87 448 118 IN
471 87 667 119 VERREM
693 88 734 118 V.
758 87 844 120 CAP.
862 89 916 119 53.

209 174 309 210 ditasg
333 174 372 205 ab
387 172 455 213 hoc,
469 174 524 216 qui
539 174 715 205 constitutas
729 174 854 216 accepit,
867 180 980 216 captas,
996 174 1101 206 dicetis

211 217 385 258 Syracusas.

253 260 304 290 Ac
314 261 381 299 jam
396 259 450 290 illa
464 259 582 298 omitto,
598 270 668 301 quae
682 260 813 301 disperse
832 270 850 291 a
864 270 914 291 me
929 261 1035 291 multis
1055 261 1101 292 Io-

211 302 254 333 cis
274 303 412 333 dicentur
435 314 470 334 ac
490 303 570 334 dicta
591 308 681 333 sunt:
705 303 806 334 forum
827 304 1098 343 Syracusanorum,

211 345 305 387 quod,
325 346 449 376 introitu
462 346 613 381 Marcelli,
630 356 743 386 purum
755 356 773 376 a
784 346 864 376 caede
876 353 1027 376 servatum
1043 353 1098 385 est,

211 388 254 425 id,
271 388 402 419 adventu
419 389 535 427 Verris,
549 389 719 420 Siculorum
733 389 940 419 innocentium
953 390 1100 429 sanguine

211 431 394 462 redundasse
407 444 415 461 ι
451 438 574 473 portum
598 432 867 472 Syracusanorum,
891 432 945 473 qui
974 438 1041 462 tum
1071 439 1101 463 et

211 475 321 505 nostris
337 475 479 505 classibus
496 481 524 505 et
536 474 831 515 Carthaginiensium
851 475 970 505 clausus
982 475 1098 514 fuisset,

212 528 295 556 eum,
312 517 368 548 isto
383 523 520 558 praetore,
537 518 669 548 Cilicum
689 518 867 558 myoparoni
890 518 1099 558 praedonibus-

211 571 272 601 que
283 560 423 601 patuisse.
447 561 542 591 Mitto
556 560 723 591 adhibitam
735 561 797 590 vim
807 560 958 601 ingenuis,
973 567 1101 592 matres-

210 603 341 634 familias
361 604 509 640 violatas3
533 614 602 644 quae
622 609 700 641 tum,
721 604 797 634 urbe
816 603 916 644 capta,
940 604 1100 636 commissa

210 655 273 677 non
288 652 369 685 sunt,
385 657 484 687 neque
498 646 567 677 odio
581 647 694 683 hostili,
711 656 810 687 neque
825 647 946 677 licentia
960 646 1097 686 militari,

210 698 309 730 neque
331 700 415 720 more
435 689 518 727 belli,
546 699 643 730 neque
663 690 732 729 jure
752 689 904 720 victoriaex
928 689 1028 726 mitto,
1052 690 1100 719 in-

211 743 317 772 quam,
333 733 397 763 haec
418 733 531 768 omnia,
554 743 623 773 quae
643 733 681 762 ab
701 732 758 762 isto
778 742 831 772 per
851 732 1014 762 triennium
1030 743 1099 773 per-

209 775 288 805 fecta
303 781 372 806 sunt
386 787 393 806 :
418 785 463 812 ea,
480 785 549 815 quae
565 776 725 813 conjuncta
740 784 810 805 cum
825 774 884 805 iuis
899 776 988 806 rebus
1013 780 1097 813 sunt,

210 817 247 848 de
263 818 374 858 quibus
389 823 477 848 antea
492 817 567 855 dixi,
584 817 762 857 cognoscite.

253 861 370 891 Urbem
395 863 556 902 Syracusas
579 860 748 890 maximam
770 870 832 890 esse
848 860 1024 891 Graecarum
1045 871 1100 891 ura

208 903 295 934 bium
312 903 609 944 pulcherrimamque
620 903 770 939 omnium,
782 914 861 943 saepe
876 903 1012 934 audistis.
1029 903 1098 943 Est,

204 946 332 986 judices,
348 947 401 984 ita,
415 952 449 976 ut
464 946 592 976 dicitur:
610 956 681 976 nam
695 952 724 976 et
738 946 796 976 situ
813 952 867 982 est,
880 957 950 976 cum
965 947 1097 983 munito,

207 997 287 1027 tum,
304 1000 342 1020 ex
357 990 442 1020 omni
457 989 542 1020 aditu
559 989 607 1019 vel
628 989 707 1019 terra
722 989 769 1019 vel
790 989 879 1026 mari,
901 990 1043 1030 praeclaro
1058 990 1098 1020 ad

206 1033 402 1073 adspectum:
440 1038 469 1063 et
495 1037 600 1072 portus
620 1031 711 1062 habet
733 1042 826 1072 prope
849 1032 881 1061 in
901 1032 1098 1063 aedifieatione

209 1074 448 1117 [amplexuque]
466 1075 549 1105 urbis
564 1074 715 1110 inclusos3
740 1075 804 1115 qui,
821 1085 891 1104 cum
907 1075 1036 1106 diversos
1049 1075 1097 1105 in-

205 1124 252 1148 ter
267 1129 297 1149 se
312 1119 411 1149 aditus
426 1119 569 1154 habeant,
593 1117 625 1148 in
639 1117 721 1148 exitu
738 1118 966 1157 conjunguntur
981 1124 1010 1148 et
1025 1128 1097 1148 con-

205 1161 315 1191 fluunt.
340 1161 458 1192 Eorum
474 1161 684 1200 conjunctione
693 1171 762 1201 pars
778 1160 892 1201 oppidi,
909 1171 978 1202 quae
992 1161 1097 1202 appel-

205 1204 286 1234 latur
303 1203 419 1241 Insula,
441 1204 518 1234 mari
538 1204 688 1243 disjuncta
705 1209 846 1244 angusto,
868 1210 959 1244 ponte
974 1214 1095 1235 rursum

205 1247 384 1287 adjungitur
400 1252 429 1278 et
444 1246 623 1278 continetur.

249 1289 344 1321 LIII.
366 1290 415 1320 Ea
430 1296 514 1320 tanta
534 1296 578 1320 est
598 1291 682 1327 urbs,
706 1295 741 1320 ut
761 1300 798 1320 ex
821 1294 952 1330 quatuor
968 1289 1094 1321 urbibus

204 1333 349 1364 maximis
360 1341 495 1364 constare
510 1333 626 1363 dicatur
640 1345 647 1363 :
672 1343 803 1374 quarum
816 1343 877 1363 una
889 1338 933 1363 est
943 1343 988 1369 ea,
999 1343 1095 1373 quam

203 1376 280 1413 dixi,
299 1375 424 1413 Insula;
447 1387 528 1417 quae,
544 1376 663 1406 duobus
683 1377 832 1416 portubus
847 1376 953 1412 cincta,
970 1375 1001 1405 in
1018 1376 1095 1405 utri-

203 1430 301 1460 usque
317 1421 420 1460 portsss
435 1419 547 1449 ostium
563 1418 742 1459 aditumque
757 1419 888 1459 projecta
900 1424 965 1453 est3
988 1419 1020 1448 in
1031 1419 1094 1459 qua

202 1461 312 1492 domus
327 1468 381 1500 est,
398 1473 467 1502 quae
482 1462 559 1502 regis
576 1462 718 1492 Hieronis
734 1461 804 1498 fuit,
818 1461 881 1502 qua
890 1467 1030 1502 praetores
1046 1462 1093 1492 uti

202 1505 308 1535 solent.
333 1504 371 1535 In
391 1505 426 1535 ea
441 1511 511 1535 sunt
527 1505 604 1535 aedes
619 1515 710 1535 sacrae
729 1505 919 1544 complures3
943 1504 995 1534 sed
1010 1504 1091 1542 duae,

202 1557 272 1588 quae
286 1548 376 1588 longe
397 1548 509 1578 caeteris
532 1548 738 1583 antecellunt3
765 1546 875 1577 Dianae
894 1557 978 1583 una;
1003 1553 1032 1577 et
1047 1547 1092 1577 al-

201 1596 266 1620 tera
281 1594 365 1632 (quae
388 1590 457 1627 fuit,
482 1596 551 1622 ante
572 1590 658 1621 istius
682 1589 859 1627 adventum,
886 1589 1091 1629 ornatissima)

200 1632 362 1664 Minervae.
386 1634 424 1664 In
439 1633 495 1663 hac
508 1632 614 1663 Insula
629 1632 775 1669 extrema,
789 1639 832 1663 est
847 1633 914 1663 fons
925 1643 1013 1673 aquae
1022 1632 1092 1662 dul-

200 1676 254 1712 cis,
269 1676 318 1706 cui
332 1686 442 1707 nomen
452 1675 608 1706 Arethusa
616 1681 674 1713 est,
687 1675 854 1706 incredibili
867 1675 1089 1715 magnitudine,

199 1719 391 1760 plenissimus
405 1719 556 1762 piscium5
572 1719 625 1761 qui
640 1719 735 1750 fluctu
747 1724 828 1750 totus
842 1719 1019 1761 operiretur,
1031 1718 1089 1749 nisi
