1181 1902
286 41 336 72 IN
362 40 558 73 VERREM
583 41 643 73 IV.
667 40 752 73 ΟΑΡ.
775 43 829 73 59.
939 40 1003 71 345

113 131 147 156 tu
163 136 299 168 unquam
316 133 432 158 tantam
447 128 570 169 plagam
583 128 690 159 tacitus
701 127 833 168 accipere
845 126 1003 167 potuisses,

113 169 171 199 nisi
186 170 242 200 hoc
257 170 299 200 ita
313 171 476 208 statuisses,
492 171 523 200 in
546 182 577 201 re
594 177 656 201 tam
678 170 839 201 manifesta
853 168 1005 211 quidquid

113 212 249 250 dixisses,
266 219 295 243 te
309 213 440 244 deterius
455 224 516 244 esse
531 214 710 244 facturum?

156 255 340 293 Quaestores‚
356 257 480 297 legatos,
494 257 649 297 praefectos
664 267 744 292 suos,
762 256 908 293 tribunos,
923 255 1004 285 mul·

113 297 136 327 ti
150 298 256 329 missos
271 299 416 337 fecerunt,
430 306 459 329 et
473 299 510 329 de
522 300 675 340 provincial
685 299 826 329 decedere
835 300 1002 338 jusserunt,

113 341 195 381 quod
210 352 313 372 eorum
329 343 420 383 culpa
444 353 474 372 se
494 343 597 372 minus
616 342 774 373 commode
795 342 899 372 audire
924 341 1006 372 arbi-

114 390 275 422 trarentur,
299 391 352 415 aut
378 386 460 426 quod
480 395 602 426 peccare
624 385 691 415 illos
712 385 815 425 aliquit
831 385 862 414 in
878 395 909 415 re
922 385 1006 424 judi-

113 434 233 457 carent:
267 433 300 458 tu
324 428 512 469 Apronium,
534 428 690 458 hominem
706 428 757 458 vix
773 428 915 465 liberum,
933 438 1004 457 con-

113 470 307 507 taminatum,
323 471 488 511 perditum,
512 472 708 511 flagitiosum,
734 471 802 511 (qui
826 480 886 500 non
913 471 1005 501 modo

112 512 250 543 animum
271 514 436 554 integrum,
460 514 510 544 sed
526 525 564 544 ne
579 514 714 544 animam
735 513 859 554 quidem
881 524 1003 554 puram,

113 565 285 586 conservare
294 557 452 598 potuisset)
461 557 581 595 eum,in
592 563 675 587 tanto
687 563 739 586 tuo
750 555 1002 598 dedecore,[non]

112 598 255 638 profecto,
272 610 310 630 ne
326 602 416 630 verbo
436 600 560 641 quidem
576 600 711 641 graviore
726 599 926 640 appellasses:
952 609 1005 630 ne-

112 651 172 681 que
187 642 269 682 apud
293 649 322 673 te
344 649 406 673 tam
428 650 530 673 sancta
553 643 657 683 religio
673 642 821 673 societatis
835 642 952 679 fuisset,
969 649 1004 673 ut

112 684 158 714 tui
173 685 277 725 capitis
292 686 461 726 periculum
476 687 653 727 negligeres,
671 686 728 716 nisi
744 696 807 715 rem
820 691 883 715 tam
898 692 1003 716 notam

112 737 175 757 esse
189 729 331 759 omuibus
347 736 376 759 et
391 736 453 759 tam
469 730 660 759 manifestam
674 728 797 758 videres.

159 770 240 801 Cum
256 771 361 801 eodem
382 773 521 813 Apronio
536 779 639 812 postea
658 772 693 801 P.
714 771 896 809 Scandilius,
913 782 1004 812 eques

112 813 283 851 Romanus,
301 819 407 855 (quem
424 826 475 846 vos
496 826 600 845 onmes
625 815 731 851 nostis)
749 814 886 844 eamdem
913 825 1004 855 spon-

110 856 225 887 sionem
242 857 279 887 de
291 858 429 888 societate
444 858 526 894 fecit,
543 868 637 899 quam
654 858 790 888 Rubrius
806 858 902 888 facere
917 858 1003 888 volu-

111 906 182 930 erat.
210 901 342 930 Institit:
360 902 528 942 oppressit;
546 911 605 931 nou
619 901 754 931 remisit:
773 901 852 930 facta
859 906 902 931 est
913 911 1004 941 spon-

109 943 153 973 sio
170 943 226 974 Hs
251 944 280 974 V
296 944 439 974 millium.
478 944 578 985 Coepit
594 944 764 975 Scandilius
782 951 1004 984 recuperatores

109 992 163 1016 aut
180 987 314 1025 judicem
331 988 492 1027 postulare.

151 1029 242 1059 le.
268 1030 385 1060 Satisne
408 1030 492 1061 vobis
518 1030 638 1071 praetori
647 1030 799 1080 improbo
825 1029 1002 1060 circumdati

107 1073 231 1102 cancelli
246 1073 405 1103 videntur'
398 1083 429 1102 1n
442 1085 496 1104 sua
508 1072 672 1114 provincia,
688 1073 784 1103 immo
800 1083 869 1103 vero
884 1073 915 1102 in
929 1074 1003 1103 sella.

106 1125 141 1145 ac
165 1116 321 1153 tribunali,
343 1122 377 1146 ut
392 1122 445 1146 aut
459 1117 497 1147 de
513 1127 567 1146 suo
582 1117 680 1157 capite
692 1116 843 1155 judicium
867 1116 931 1146 fieri
947 1127 1002 1156 pa-

106 1158 198 1188 tiatur
224 1169 355 1199 praesens
376 1170 409 1190 ac
429 1159 545 1196 sedens,
572 1167 626 1190 aut
651 1159 840 1195 confiteatur,
858 1170 888 1188 se
903 1159 1003 1189 omni-

105 1202 162 1231 bus
176 1202 297 1240 judiciis
313 1203 451 1232 convinci
466 1213 583 1233 necesse
596 1213 659 1233 esse
673 1204 686 1233 ἶν’
700 1202 829 1243 sponsio
845 1209 900 1238 est,
918 1205 941 1219 “
959 1203 1003 1232 Ni

105 1249 135 1274 te
149 1245 308 1286 Apronius
323 1245 354 1275 in
371 1245 506 1276 decumis
522 1246 636 1276 socium
653 1256 714 1275 esse
730 1245 810 1275 dicat
822 1245 854 1274 :''
878 1245 1003 1286 provin-

105 1287 150 1317 cia
166 1294 219 1318 tua
231 1295 294 1319 est:
319 1288 390 1318 ades
403 1301 411 1318 ε
437 1290 490 1319 abs
503 1295 531 1319 te
544 1289 695 1327 judicium
710 1288 891 1329 postulatur.
915 1288 1002 1325 Quid

104 1329 177 1361 facis
191 1331 205 1360 ?
239 1331 314 1372 quid
330 1331 464 1362 decernis
478 1334 491 1362 ἶ)
526 1332 766 1372 Recuperatores
781 1331 855 1361 dicis
870 1337 898 1361 te
913 1331 1004 1361 datu-

105 1383 185 1403 rum.
210 1374 296 1405 Bene
311 1375 395 1415 agis:
421 1375 541 1405 tametsi
556 1375 609 1415 qui
625 1380 714 1405 erunt
730 1374 820 1404 tantis
837 1374 1003 1405 cervicibus

105 1424 338 1458 recuperatores,
363 1418 418 1458 qui
438 1418 570 1448 audeant
594 1418 625 1447 in
647 1417 812 1458 provincia,
834 1427 904 1447 cum
925 1428 1003 1458 prae-

104 1464 150 1489 tor
173 1460 261 1497 adsit,
284 1470 344 1490 non
369 1461 468 1491 solum
494 1468 597 1491 contra
622 1461 811 1491 voluntatem
841 1461 918 1499 ejus,
950 1460 1003 1490 sed

105 1503 196 1533 etiam
218 1510 321 1534 contra
336 1503 483 1542 fortunas,
506 1504 665 1544 judicare?
698 1504 817 1534 Verum
833 1511 904 1533 esto.
929 1503 1004 1533 Ma-

104 1546 214 1576 nifesta
229 1557 274 1577 res
290 1553 344 1584 est,
362 1558 432 1577 cum
448 1557 539 1577 nemo
555 1554 642 1583 esset,
660 1547 734 1587 quin
750 1547 807 1577 hoc
830 1557 861 1577 se
881 1547 1004 1577 audisse

105 1589 223 1630 liquido
244 1590 366 1628 diceret,
390 1590 645 1631 locupletissimus
666 1590 795 1631 quisque
819 1589 1004 1620 certissimus

105 1632 187 1663 testis
211 1639 306 1663 esset:
339 1643 430 1664 nemo
449 1640 512 1663 erat
527 1633 631 1664 Sicilia
646 1634 720 1671 tota,
738 1633 792 1674 qui
807 1633 934 1663 nesciret
949 1632 1004 1662 de·

105 1685 209 1705 cumas
234 1686 295 1706 esse
319 1676 477 1717 praetoris;
507 1686 609 1713 nemo,
634 1676 689 1717 qui
714 1686 775 1706 non
802 1675 936 1706 audisset
959 1675 1004 1705 ita

76 1727 80 1729 “
104 1719 281 1760 Apronium
302 1719 473 1751 dictitasse:
506 1726 650 1760 praeterea
670 1725 834 1750 conventus
856 1719 1001 1749 honestus
