1181 1902
226 70 279 102 IN
302 71 501 103 VERREM
524 71 572 103 ΙΙ.
595 70 680 102 ΟΑΡ.
694 69 745 100 44.
870 66 933 99 195

39 153 124 197 gredi
144 165 235 188 nemo
254 158 364 198 poterit
382 158 490 195 edicto,
513 168 576 199 quo
590 163 701 199 praetor
720 155 798 186 alins
813 154 937 185 futurus

39 204 104 235 est3
128 199 160 230 in
183 200 285 239 illum,
309 212 371 242 quo
394 202 471 232 alius
495 207 606 243 praetor
628 200 698 235 fuit,
722 198 907 240 regredietur
921 198 936 227 ?

38 241 100 279 Ac,
124 243 149 273 si
164 243 221 274 hoc
233 244 310 283 juris
325 255 387 275 non
408 245 500 275 unius
520 245 612 275 causa
632 242 766 274 hominis
781 241 936 278 edixisses,

39 285 157 316 cautius
173 287 399 328 composuisses.

82 327 214 360 XLIII,
238 331 361 368 Scribis,
386 333 409 348 “
430 331 463 362 Si
484 330 552 372 quis
576 329 728 360 haeredem
752 327 834 365 fecit,
857 326 937 357 fece-

39 370 112 401 rit·'’
136 371 222 411 Quid
243 374 267 404 si
282 374 351 415 plus
366 374 485 415 legurit,
509 383 603 415 quam
620 373 659 403 ad
673 371 824 402 haeredem
840 370 938 400 haere-

40 413 130 447 deSve
141 417 316 456 perveniat3
341 418 434 458 quod,
450 428 504 458 per
514 418 615 457 legem
628 415 810 451 Voconiam,
825 413 863 451 ei,
881 412 936 454 qui

40 466 146 488 census
167 469 228 489 non
250 461 299 499 sit,
321 461 417 492 licet?
450 461 515 491 Cur
529 460 598 497 hoc,
622 469 693 489 cum
709 459 740 487 in
763 457 868 487 eodem
884 466 938 496 ge-

39 509 111 530 nere
126 501 175 541 sit,
199 513 261 534 non
276 514 361 534 caves
375 506 389 535 ?
412 504 485 545 quia
500 513 561 534 non
577 502 706 544 generis,
723 500 775 531 sed
790 499 936 535 hominis,

40 553 164 574 causam
191 547 290 577 verbis
315 547 525 588 amplecteris;
556 553 590 576 ut
614 545 703 575 facile
728 548 883 584 appareat,
908 547 938 571 te

39 587 137 634 pretio
161 599 223 619 esse
244 597 442 620 commotum.
476 591 584 630 Atque
604 589 662 619 hoc
683 588 707 618 si
727 588 759 617 in
781 592 938 627 posterum

39 629 193 669 edixisses,
210 633 313 664 minus
328 640 404 664 esset
418 633 568 664 nefarium
581 644 589 662 ε
615 638 717 662 tamen
733 636 808 660 esset
823 629 939 669 impro-

41 673 138 704 bum:
163 675 215 705 sed
230 682 297 706 tum
313 677 477 718 vituperari
498 681 617 717 posset3
641 675 673 704 in
690 673 820 704 dubium
836 671 939 702 venire

39 724 102 746 non
118 724 236 757 posset:
255 729 345 750 nemo
361 721 442 750 enim
459 719 669 750 committeret.
694 718 788 748 Nunc
800 721 844 745 est
856 715 938 754 ejus-

40 759 125 789 modi
139 761 284 801 edictum,
309 769 345 793 ut
360 763 459 804 quivis
474 762 635 803 intelligat,
661 770 722 791 non
740 759 856 801 populo
876 767 941 788 esse

42 802 203 843 scriptum,
219 806 271 836 sed
288 806 324 836 P.
337 806 438 837 Annii
453 805 591 837 secundis
606 804 787 835 haeredibus.

83 846 195 888 Itaque
217 859 289 879 cum
309 860 327 879 a
347 856 376 880 te
402 855 493 890 caput
515 848 593 878 illud
615 854 677 878 tam
698 845 805 877 multis
826 843 937 882 verbis,

39 891 225 922 mercenario
244 893 402 933 prooemio,
425 898 501 923 esset
516 897 679 927 ornatum;
705 889 807 930 ecquis
829 894 872 918 est
892 887 941 917 in·-

41 938 150 963 ventus
165 941 269 974 postea
283 942 404 976 praetor,
429 936 482 977 qui
494 934 572 965 illud
586 934 667 964 idem
684 933 812 963 ediceret
825 933 839 961 ?
864 931 939 961 Non

41 975 134 1006 modo
149 987 240 1009 nemo
255 979 369 1016 edixit3
387 979 439 1009 sed
451 989 489 1009 ne
500 977 611 1008 metuit
623 976 747 1018 quidem
761 975 938 1016 quisquam,

41 1027 81 1049 ne
105 1020 174 1060 quis
200 1021 338 1052 ediceret.
376 1023 473 1059 Nam,
503 1029 572 1062 post
596 1026 626 1050 te
650 1026 822 1061 praetorem,
846 1017 940 1046 multi

41 1066 223 1094 testamenta
237 1065 343 1095 eodem
358 1065 450 1095 modo
464 1064 600 1095 fecerunt
613 1074 622 1099 ;
647 1063 677 1092 in
694 1062 741 1092 his
757 1071 854 1102 nuper
869 1060 940 1090 An-

41 1105 102 1135 nia-
136 1106 197 1146 Ea,
214 1107 251 1138 de
265 1109 435 1139 multorum
450 1107 694 1148 propinquorum
710 1103 870 1140 sententie,
887 1113 941 1144 pe-

41 1148 166 1180 cuniosa
194 1151 316 1188 mulier,
346 1151 429 1192 quod
455 1161 543 1181 censa
568 1160 630 1180 non
657 1154 730 1185 erat,
760 1152 942 1178 testamento

41 1190 113 1222 fecit
126 1192 278 1224 haeredem
294 1194 399 1224 filiam.
424 1194 535 1235 Itaque
554 1193 612 1223 hoc
626 1201 776 1232 magnum
787 1189 940 1230 judicium

41 1233 203 1266 hominum
219 1236 256 1267 de
271 1237 357 1268 istius
378 1237 524 1278 singulari
539 1236 745 1277 improbitate,
763 1233 845 1275 quod
860 1232 941 1263 Ver-

40 1287 88 1308 res
102 1279 159 1309 su&
174 1286 280 1320 sponte
294 1281 483 1319 instituisset,
507 1280 539 1309 id
554 1279 708 1310 neminem
729 1277 884 1311 metuisse,
901 1285 940 1305 ne

41 1321 111 1361 quis
126 1323 317 1363 reperiretur,
342 1324 396 1365 qui
419 1323 521 1363 [istius
536 1322 727 1362 institutum]
742 1320 828 1361 sequi
839 1319 940 1349 vellet.

41 1364 132 1395 Solus
147 1366 229 1396 enim
244 1373 279 1397 tu
294 1367 436 1397 inventus
457 1377 499 1405 es,
523 1367 573 1396 cui
593 1376 655 1396 non
678 1364 749 1395 satis
768 1363 860 1393 fuerit
875 1372 940 1392 cor-

41 1407 138 1448 rigere
149 1410 319 1441 voluntates
331 1411 482 1447 vivorum,
495 1409 553 1440 nisi
564 1409 655 1440 etiam
668 1407 848 1438 rescinderes
858 1415 941 1435 mor-

42 1455 176 1482 tuorum.
211 1453 265 1483 Tu
284 1454 349 1495 ipse
370 1464 408 1483 ex
429 1453 578 1484 Siciliensi
598 1452 695 1482 edicto
709 1451 767 1481 hoc
782 1448 940 1480 sustulisti.

43 1492 189 1533 Voluisti,
214 1507 252 1527 ex
274 1497 439 1537 improviso
464 1497 488 1527 si
510 1507 579 1537 quae
602 1505 648 1525 res
672 1500 752 1524 natae
770 1498 878 1528 essent,
903 1501 942 1521 ex

43 1538 162 1568 urbano
177 1539 273 1570 edicto
288 1540 454 1571 decernere.
479 1539 585 1577 Quam
601 1544 705 1579 postea
716 1543 749 1567 tu
766 1536 822 1566 tibi
837 1534 943 1565 defen-

45 1579 160 1611 sionem
181 1583 384 1623 relinquebas,
408 1583 440 1613 in
465 1583 501 1612 eii
524 1582 660 1612 maxime
684 1579 847 1616 offendisti,
870 1587 942 1608 cum

45 1627 133 1654 tuam
147 1626 357 1657 auctoritatem
373 1632 438 1657 tute
457 1626 522 1667 ipse
542 1625 639 1656 edicto
659 1622 837 1665 provinciali
852 1631 943 1662 repu-

46 1665 161 1698 diabas.

91 1709 216 1742 XLIV.
232 1711 341 1753 Atque
355 1723 412 1754 ego
426 1722 488 1742 non
503 1711 623 1748 dubito,
639 1709 726 1752 quin,
743 1714 778 1739 ut
790 1707 878 1744 mihi,
895 1705 945 1736 cui

49 1750 113 1784 filia
125 1754 262 1786 maxime
276 1756 358 1787 cordi
370 1761 425 1794 est,
442 1756 483 1787 sic
498 1754 663 1796 unicuique
675 1754 820 1790 vestrum,
836 1750 891 1792 qui
906 1749 946 1779 si-
