1181 1902
274 48 326 80 IN
350 47 544 80 VERREM
569 47 615 80 11.
640 48 724 80 (ΖΑΒ.
747 48 796 78 12.
922 46 983 77 165

95 134 171 165 meis
194 133 274 165 horis
294 134 325 165 in
345 134 514 166 accusando
532 135 578 165 uti
601 135 774 172 voluissem,
797 143 924 170 vererer,
946 141 987 162 ne

94 177 172 207 mihi
183 177 309 208 crimina
323 187 383 208 non
399 184 612 218 suppeterent3
636 188 674 209 ne
689 178 782 208 oratio
797 176 931 211 deesset;
948 184 987 205 ne

96 230 156 250 vox
176 220 313 261 viresque
332 220 511 256 deficerent;
536 231 584 259 ne,
608 231 700 262 quem
716 230 807 251 nemo
821 219 921 260 prima
936 228 986 248 ac-

95 263 178 294 tione
202 263 361 294 defendere
384 274 475 294 ausus
499 270 586 301 esset,
610 274 681 293 eum
703 274 757 304 ego
779 263 825 293 bis
849 271 987 292 accusare

94 315 156 336 non
179 317 306 347 possem.
334 306 402 347 Ego
426 317 531 336 meum
553 306 712 337 consilium
735 314 802 336 tum
820 304 986 345 judicibus,

94 354 162 379 tum
182 350 296 390 populo
312 350 464 387 Romano,
480 349 614 390 probavi.
655 350 758 380 Nemo
776 355 831 385 est,
853 348 907 389 qui
927 347 989 377 alia

95 392 210 422 ratione
233 393 360 422 istorum
384 392 504 432 injuriae
527 399 618 433 atque
638 392 836 433 impudentiae
856 390 989 431 potuisse

96 435 200 465 obsisti
216 436 385 466 arbitretur.
423 435 548 466 Etenim
565 436 627 476 quit
642 435 769 465 stultitia
790 434 926 470 fuissem,
950 433 988 470 si,

96 489 191 519 quam
211 478 304 513 diem,
328 479 382 519 qui
404 478 498 509 istum
519 478 709 519 eripiendum
730 477 932 513 redemerunt,
955 476 988 506 in

95 521 235 552 cautione
250 521 402 560 viderunt,
426 532 496 552 cum
517 521 560 551 ita
580 527 729 560 caverent,
754 522 777 538 ‘⁶
793 520 826 551 Si
846 527 914 560 post
929 518 991 549 Ca-

97 563 203 595 lendas
217 564 290 595 Jan.
307 564 338 594 in
354 565 513 595 consilium
532 564 625 594 iretur
636 565 669 600 ;”
691 564 724 594 in
740 574 807 594 eam
822 562 903 592 diem
918 572 988 603 ego,

98 617 170 637 cum
184 607 350 648 potuissem
365 608 469 644 vitare,
492 607 687 638 incidissem?
712 607 806 637 Nunc
820 605 897 635 mihi
911 611 991 635 tem-

98 650 179 690 poris
200 651 276 690 ejus,
300 650 382 691 quod
401 651 479 681 mihi
493 650 532 681 ad
546 650 709 681 dicendum
725 649 825 686 datur,
841 648 988 689 quoniam

97 693 130 723 in
143 693 245 724 animo
257 699 301 724 est
312 704 433 724 causam
448 703 571 725 omnem
586 703 747 735 exponere,
762 691 902 723 habenda
912 691 992 722 ratio

97 742 142 766 est
157 736 325 777 diligenter.

140 779 222 810 XII.
247 781 356 821 Itaque
370 779 505 820 primum
520 780 609 810 illum
625 785 726 810 actum
741 778 828 809 istius
839 777 909 809 vitae
923 783 990 807 tur-

96 822 258 864 pissimum
279 830 308 853 et
323 823 589 864 flagitiosissimum
604 822 843 864 praetermittam.
867 820 957 851 Nihil
971 831 991 850 a

97 876 149 896 me
164 866 201 896 de
215 866 352 907 pueritiae
367 877 430 896 suae
444 866 565 906 flagitiis
578 866 767 907 peccatisque
782 864 894 901 audiet,
911 863 990 893 nihil

98 919 137 938 ex
156 909 210 939 ina
230 908 350 949 impura
369 909 568 939 adolescentia
583 909 657 945 suin
682 919 751 949 quae
769 907 866 949 qualis
885 906 988 943 fuerit,

99 959 153 981 aut
165 952 356 989 meministis,
373 958 425 982 aut
437 963 474 982 ex
486 962 531 989 eo,
545 962 636 993 quem
649 951 695 982 sui
711 951 904 982 simillimum
918 959 990 990 pro-

99 994 200 1033 duxit,
215 1005 422 1035 recognoscere
433 995 565 1035 potestis.
600 994 718 1026 Omnia
731 993 901 1035 praeterib0‚
918 1003 988 1033 quae

98 1038 176 1067 mihi
198 1038 300 1078 turpia
323 1037 406 1068 dictu
431 1038 633 1068 videbuntur:
657 1047 756 1078 neque
779 1037 889 1073 solum,
913 1035 990 1076 quid

96 1080 190 1111 istum
206 1081 321 1119 audire,
345 1091 451 1111 verum
471 1081 574 1118 etiam,
598 1080 673 1122 quid
693 1091 742 1110 me
763 1080 865 1110 deceat
879 1078 988 1115 dicere,

95 1123 298 1154 considerabo.
323 1124 398 1161 Vos,
422 1134 537 1164 quaeso,
553 1123 622 1154 date
636 1123 704 1161 hoc,
722 1128 751 1153 et
765 1122 917 1153 concedite
932 1132 991 1162 pu-

94 1167 161 1197 dori
180 1177 260 1204 meo,
282 1173 317 1197 ut
336 1167 473 1207 aliquam
496 1173 615 1207 partem
636 1166 674 1197 de
692 1166 779 1197 istius
798 1164 992 1206 impudentia

95 1210 218 1240 reticere
229 1210 351 1250 possim.
376 1210 479 1241 Omne
490 1209 568 1240 illud
580 1216 712 1251 tempus,
725 1208 808 1250 quod
818 1208 890 1245 fuit,
907 1213 992 1237 ante-

98 1263 192 1294 quam
207 1253 263 1283 iste
280 1253 319 1283 ad
337 1252 531 1293 magistratus
546 1263 672 1294 remque
686 1252 842 1293 publicam
857 1250 990 1288 accessit,

97 1296 208 1327 habeat
222 1306 276 1337 per
286 1306 336 1326 me
347 1296 481 1326 solutum
497 1306 532 1326 ac
546 1296 686 1326 liberum.
722 1295 852 1326 Sileatur
867 1294 905 1324 de
919 1303 992 1323 noc-

99 1339 197 1370 turnis
211 1340 276 1378 ejus
291 1338 537 1369 bacchationibus
548 1350 582 1369 ac
594 1338 725 1379 vigiliis3
741 1338 898 1375 lenonum,
911 1337 992 1367 alea-

99 1388 214 1420 torum,
229 1381 456 1423 perductorum‚
472 1382 558 1412 nulla
571 1382 686 1412 mentio
702 1381 774 1417 fiat3
798 1380 922 1417 damna,
938 1379 993 1410 de-

97 1425 217 1464 decora,
233 1436 303 1466 quae
314 1435 359 1455 res
371 1425 464 1465 patris
476 1425 552 1464 ejus,
569 1431 640 1455 aetas
654 1424 748 1465 ipsius
762 1423 898 1464 pertulit,
914 1433 993 1463 prae-

100 1474 271 1499 tereantur:
295 1468 428 1498 lucretur
441 1467 553 1498 indicia
563 1467 669 1498 veteris
680 1467 834 1502 infamiae3
858 1466 993 1507 patiatur

102 1512 167 1550 ejus
193 1511 254 1541 vita
274 1511 391 1552 reliqua
411 1521 462 1541 me
482 1510 561 1541 hanc
585 1516 702 1541 tantam
719 1511 870 1550 jacturam
891 1508 993 1539 crimi-

104 1564 181 1585 num
196 1553 302 1585 facere.

145 1597 289 1635 Quaestor
312 1596 370 1627 Cn.
384 1596 508 1638 Papirio
527 1596 644 1627 consuli
664 1595 749 1626 fuisti
768 1595 878 1626 abhinc
898 1604 993 1624 annos

102 1640 342 1682 quatuordecim.
380 1639 431 1670 Ex
448 1640 483 1670 ea
497 1639 546 1670 die
560 1640 599 1670 ad
613 1640 692 1670 hanc
706 1639 786 1670 diem
802 1649 871 1679 quae
884 1637 992 1676 fecisti,

100 1683 133 1714 in
146 1683 298 1723 judicium
313 1693 396 1714 voco.
420 1683 508 1714 Hora
522 1683 608 1713 nulla
622 1693 718 1713 vacua
732 1693 751 1712 a
763 1682 857 1719 furvo,
873 1680 993 1717 scelere,

102 1726 290 1766 crudelitate,
314 1725 441 1768 flagitio,
464 1726 638 1769 reperietur.
671 1725 717 1756 Hi
739 1730 811 1757 sunt
831 1724 904 1755 anni
923 1733 995 1755 oon-
