1181 1902
244 139 308 169 305
432 138 482 169 IN
506 137 702 170 VERREM
727 137 788 168 IV.
805 137 888 168 CAP.
910 138 959 167 18.

247 223 350 254 Sicilia
358 224 481 254 nullum
490 223 678 254 haberemus.
703 223 881 264 Cognoscite
891 222 1012 253 Metelli
1022 222 1132 253 literas.

249 267 357 297 Recita
372 267 528 308 epistolarii
546 267 584 297 1..
602 267 732 297 Metelli.

519 311 650 343 (Literce
667 311 705 340 L.
722 311 872 347 Metelli.)

293 353 426 382 XVIII.
459 353 518 383 Hae
544 353 648 389 literae,
677 353 805 392 judieeS,
832 353 869 382 L.
896 352 1029 389 Metelli,
1058 362 1133 392 quas

249 395 389 433 audistis,
405 396 472 433 hoc,
495 403 645 436 quantum
666 403 709 426 est
732 406 768 425 ex
785 395 886 425 sicilia
901 395 1047 424 frumenti
1066 395 1136 424 hor-

251 439 358 475 notini,
376 446 582 469 exaraverunt.
608 439 737 469 Glebam
760 440 939 468 commosset
954 437 984 467 in
1000 448 1072 477 agro
1088 437 1139 467 de-

252 491 382 512 cumano
407 482 516 512 Sicilia>
540 492 640 517 nemo,
666 482 690 511 si
714 482 861 511 Metellus
881 481 958 510 hanc
980 480 1137 521 epistolam

253 534 313 554 non
329 525 466 555 misisset.
491 525 576 562 Quid
591 527 603 555 ἓ
629 525 758 555 Metello
773 524 918 554 divinitus
938 523 994 553 hoc
1010 523 1090 553 venit
1105 523 1137 552 in

253 570 413 598 mentem?
439 578 477 597 an
494 570 531 598 ab
548 568 667 604 siculis,
685 568 738 608 qui
754 568 887 597 Romam
903 565 1139 607 frequentissimi

254 616 465 648 convenerant,
491 611 787 651 negotiatoiibusque
808 610 929 646 Siciliae,
946 610 1050 639 doctus
1066 610 1136 638 est?
1180 645 1181 650 1

255 664 385 694 quorum
411 654 517 694 quanti
537 660 700 684 conventus
716 654 754 683 ad
777 653 950 689 Marcellos,
967 650 1140 692 antiquissi-
1180 656 1181 659 ’

254 706 320 726 mos
336 696 445 726 Siciliae
459 703 610 737 patronos,
622 697 729 737 quanti
744 696 782 726 ad
793 698 850 726 Cn.
863 695 1057 735 Pompeium,
1070 704 1141 724 con-

254 740 352 769 sulem
367 740 570 779 designatum,
581 747 761 780 centenisque
776 739 857 769 illius
869 738 1030 779 provinciae
1042 747 1142 767 neces-

255 782 357 819 sarios,
375 782 438 812 fieri
457 783 536 812 soliti
556 783 626 819 sint,
643 783 710 823 quis
731 783 874 822 ignorat?
898 781 992 819 Quod
1015 780 1140 821 quidem

252 825 404 864 judicium
429 826 514 855 nullo
533 835 670 866 unquam
693 825 730 855 de
750 825 874 855 homine
891 825 1006 854 factum
1027 829 1081 860 est,
1103 829 1139 853 ut

255 869 362 897 absens
386 874 575 898 accusaretur
598 870 636 898 ab
663 868 698 898 iis
718 868 831 908 palam,
854 877 985 908 quorum
1003 866 1034 895 in
1059 867 1139 896 bona

255 911 425 951 liberosque
441 921 597 940 summum
613 912 775 951 imperium
797 916 1036 951 potestatemque
1050 909 1142 939 habe-

256 960 310 983 ret.
335 954 437 983 Tanta
460 954 503 983 vis
519 960 582 984 erat
600 954 792 993 injuriarum,
812 960 846 983 ut
866 952 1004 983 homines
1023 952 1142 992 quidvis

256 997 384 1037 perpeti,
401 1007 495 1037 quam
516 1007 575 1026 non
592 997 629 1027 de
649 997 735 1027 istius
750 997 896 1038 pravitate
911 1002 940 1026 et
956 995 1075 1034 injuriis
1090 995 1142 1025 de..

257 1040 375 1080 plorare
399 1046 428 1069 et
448 1040 602 1080 conqueri,
621 1040 757 1070 mallent.
781 1040 868 1077 Quas
886 1039 986 1069 literas
1009 1048 1079 1068 cum
1103 1038 1141 1068 ad

258 1092 363 1112 omnes
378 1083 511 1112 civitates
526 1093 619 1124 prope
641 1083 815 1123 suppliciter
834 1083 963 1112 misisset
982 1081 1141 1120 Metellus,

258 1130 360 1155 tamen
377 1125 538 1166 antiquum
555 1126 680 1156 modum
698 1126 819 1156 sationis
835 1126 921 1155 nulla
942 1135 979 1155 ex
995 1130 1079 1164 parte
1094 1135 1142 1155 as—

259 1169 344 1209 sequi
363 1169 471 1209 potuit.
496 1169 691 1209 Diffugerant
715 1169 795 1199 enim
816 1168 971 1210 permulti,
996 1167 1039 1205 id,
1061 1168 1144 1208 quod

257 1211 414 1241 ostendam
427 1223 434 1240 :
459 1221 519 1241 non
533 1212 631 1241 solum
646 1212 804 1250 arationes,
817 1212 971 1241 sedetiam
983 1210 1066 1241 sedes
1077 1221 1146 1241 suas

258 1255 381 1295 patrias,
398 1254 483 1284 istius
499 1255 617 1294 injuriis
633 1255 786 1295 exagitati,
803 1255 994 1294 reliquerant.

303 1298 388 1335 Non,
412 1297 594 1336 mehercule,
617 1298 750 1328 criminis
772 1298 903 1337 augendi
925 1297 1015 1328 causa
1033 1297 1144 1336 dicam,

257 1340 374 1380 judices
388 1352 396 1370 :
421 1340 484 1378 sed,
501 1351 593 1381 quem
606 1341 706 1382 accepi
717 1341 780 1381 ipse
792 1341 885 1370 oculis
901 1341 1064 1381 animoque
1079 1351 1146 1371 sen-

259 1394 339 1421 sum,
362 1384 444 1413 hunc
459 1394 527 1413 vere
547 1384 630 1424 apud
645 1395 707 1421 vos,
731 1390 760 1413 et
782 1390 816 1413 ut
836 1389 939 1424 potero
959 1383 1144 1424 planissime,

259 1437 419 1466 exponam.
445 1427 541 1463 Nam,
558 1437 628 1457 cum
648 1427 846 1468 quadriennio
868 1432 935 1467 post
958 1427 989 1456 in
1011 1426 1146 1457 Siciliam

259 1470 418 1506 venissem,
435 1470 476 1499 sie
491 1469 567 1499 mihi
577 1469 683 1500 affecta
694 1470 758 1500 visa
772 1476 826 1507 est,
838 1475 872 1499 ut
883 1470 930 1499 hae
942 1475 1028 1499 terrae
1037 1470 1145 1508 solent,

259 1512 291 1542 in
308 1512 419 1552 quibus
442 1513 558 1542 bellum
574 1514 716 1543 acerbum
732 1513 973 1553 diuturnumque
993 1519 1145 1543 versatum

260 1562 312 1585 est.
337 1555 424 1592 Quos
448 1566 503 1595 ego
526 1566 648 1596 campos
668 1561 756 1586 antea
775 1556 925 1596 collesque
950 1555 1145 1587 nitidissimos

260 1597 515 1638 viridissimosque
536 1598 687 1636 vidissem,
711 1599 765 1628 hos
789 1598 831 1628 ita
855 1604 983 1628 vastatos
1008 1608 1090 1629 nunc
1109 1610 1145 1630 ac

260 1640 389 1670 desertos
405 1641 557 1678 videbam,
580 1648 614 1671 ut
629 1652 699 1682 ager
720 1642 784 1682 ipse
799 1641 945 1671 cultorem
965 1641 1143 1682 desiderare,

260 1694 295 1713 ac
320 1684 423 1723 lugere
452 1684 625 1722 dominum,
654 1684 812 1715 videretur.
842 1684 1032 1714 Herbitensis
1061 1695 1143 1726 ager,

261 1726 423 1764 Ennensis,
455 1727 684 1767 Morgantinus,
711 1727 888 1764 Assorinus,
914 1727 1144 1768 Imacharensis‚

259 1769 475 1810 Agyrinensis,
496 1770 539 1801 ita
559 1771 680 1802 relictus
702 1776 766 1801 erat
783 1781 821 1802 ex
836 1769 973 1801 maxima
995 1777 1090 1812 parte,
1111 1779 1148 1804 ut
