<?xml version="1.0" encoding="UTF-8"?>
<!DOCTYPE html PUBLIC "-//W3C//DTD XHTML 1.0 Transitional//EN"
    "http://www.w3.org/TR/xhtml1/DTD/xhtml1-transitional.dtd">
<html xmlns="http://www.w3.org/1999/xhtml" xml:lang="en" lang="en">
 <head>
  <title>
</title>
<meta http-equiv="Content-Type" content="text/html;charset=utf-8" />
  <meta name='ocr-system' content='tesseract 3.04.00' />
  <meta name='ocr-capabilities' content='ocr_page ocr_carea ocr_par ocr_line ocrx_word'/>
</head>
<body>
  <div class='ocr_page' id='page_1' title='image "./operaern05ciceuoft_0402.png"; bbox 0 0 1181 1902; ppageno 0'>
   <div class='ocr_carea' id='block_1_1' title="bbox 229 86 921 118">
    <p class='ocr_par' dir='ltr' id='par_1_1' title="bbox 229 86 921 118">
     <span class='ocr_line' id='line_1_1' title="bbox 229 86 921 118; baseline 0 0"><span class='ocrx_word' id='word_1_1' title='bbox 229 87 293 118; x_wconf 83' lang='lat'>390</span> <span class='ocrx_word' id='word_1_2' title='bbox 424 87 476 118; x_wconf 94' lang='lat' dir='ltr'>IN</span> <span class='ocrx_word' id='word_1_3' title='bbox 499 86 696 118; x_wconf 84' lang='lat' dir='ltr'><strong>VERREM</strong></span> <span class='ocrx_word' id='word_1_4' title='bbox 720 86 761 118; x_wconf 85' lang='lat' dir='ltr'>V.</span> <span class='ocrx_word' id='word_1_5' title='bbox 784 86 868 118; x_wconf 76' lang='lat' dir='ltr'><strong>CAP.</strong></span> <span class='ocrx_word' id='word_1_6' title='bbox 891 89 921 118; x_wconf 88' lang='lat'>5.</span> 
     </span>
    </p>
   </div>
   <div class='ocr_carea' id='block_1_2' title="bbox 222 172 1116 1806">
    <p class='ocr_par' dir='ltr' id='par_1_2' title="bbox 225 172 1114 384">
     <span class='ocr_line' id='line_1_2' title="bbox 225 172 1113 214; baseline 0.003 -12"><span class='ocrx_word' id='word_1_7' title='bbox 225 182 274 202; x_wconf 82' lang='lat' dir='ltr'>res</span> <span class='ocrx_word' id='word_1_8' title='bbox 296 178 396 213; x_wconf 85' lang='lat' dir='ltr'>posset</span> <span class='ocrx_word' id='word_1_9' title='bbox 418 173 536 204; x_wconf 85' lang='lat' dir='ltr'>auferre</span> <span class='ocrx_word' id='word_1_10' title='bbox 549 175 563 204; x_wconf 75' lang='lat' dir='ltr'>t&gt;</span> <span class='ocrx_word' id='word_1_11' title='bbox 595 174 641 203; x_wconf 88' lang='lat' dir='ltr'>At</span> <span class='ocrx_word' id='word_1_12' title='bbox 660 183 721 203; x_wconf 88' lang='lat' dir='ltr'>non</span> <span class='ocrx_word' id='word_1_13' title='bbox 742 173 912 214; x_wconf 81' lang='lat' dir='ltr'>requirebat</span> <span class='ocrx_word' id='word_1_14' title='bbox 926 172 977 203; x_wconf 79' lang='lat' dir='ltr'>ille</span> <span class='ocrx_word' id='word_1_15' title='bbox 992 173 1113 214; x_wconf 85' lang='lat' dir='ltr'><strong>Cupido</strong></span> 
     </span>
     <span class='ocr_line' id='line_1_3' title="bbox 226 215 1114 256; baseline 0.003 -12"><span class='ocrx_word' id='word_1_16' title='bbox 226 216 343 245; x_wconf 85' lang='lat' dir='ltr'>lenonis</span> <span class='ocrx_word' id='word_1_17' title='bbox 358 215 496 253; x_wconf 86' lang='lat' dir='ltr'>domum,</span> <span class='ocrx_word' id='word_1_18' title='bbox 520 227 554 247; x_wconf 92' lang='lat' dir='ltr'>ac</span> <span class='ocrx_word' id='word_1_19' title='bbox 578 217 777 247; x_wconf 85' lang='lat' dir='ltr'><strong>meretriciam</strong></span> <span class='ocrx_word' id='word_1_20' title='bbox 794 216 1002 256; x_wconf 80' lang='lat' dir='ltr'>disciplinam:</span> <span class='ocrx_word' id='word_1_21' title='bbox 1027 217 1114 247; x_wconf 86' lang='lat' dir='ltr'>facile</span> 
     </span>
     <span class='ocr_line' id='line_1_4' title="bbox 225 258 1114 300; baseline 0.001 -12"><span class='ocrx_word' id='word_1_22' title='bbox 225 258 279 287; x_wconf 90' lang='lat' dir='ltr'>illo</span> <span class='ocrx_word' id='word_1_23' title='bbox 295 259 422 289; x_wconf 84' lang='lat' dir='ltr'>sacrario</span> <span class='ocrx_word' id='word_1_24' title='bbox 437 260 534 300; x_wconf 86' lang='lat' dir='ltr'>patrio</span> <span class='ocrx_word' id='word_1_25' title='bbox 549 260 776 289; x_wconf 84' lang='lat' dir='ltr'>continebatur:</span> <span class='ocrx_word' id='word_1_26' title='bbox 811 259 891 289; x_wconf 90' lang='lat' dir='ltr'>Heio</span> <span class='ocrx_word' id='word_1_27' title='bbox 908 270 938 289; x_wconf 87' lang='lat' dir='ltr'>se</span> <span class='ocrx_word' id='word_1_28' title='bbox 958 270 975 288; x_wconf 88' lang='lat' dir='ltr'>a</span> <span class='ocrx_word' id='word_1_29' title='bbox 991 260 1114 299; x_wconf 85' lang='lat' dir='ltr'>majori-</span> 
     </span>
     <span class='ocr_line' id='line_1_5' title="bbox 226 301 1110 332; baseline 0.002 -2"><span class='ocrx_word' id='word_1_30' title='bbox 226 302 283 331; x_wconf 89' lang='lat' dir='ltr'>bus</span> <span class='ocrx_word' id='word_1_31' title='bbox 295 301 434 331; x_wconf 84' lang='lat' dir='ltr'>relictum</span> <span class='ocrx_word' id='word_1_32' title='bbox 450 313 511 332; x_wconf 87' lang='lat' dir='ltr'>esse</span> <span class='ocrx_word' id='word_1_33' title='bbox 532 303 642 332; x_wconf 85' lang='lat' dir='ltr'>sciebat</span> <span class='ocrx_word' id='word_1_34' title='bbox 660 302 698 331; x_wconf 88' lang='lat' dir='ltr'>ad</span> <span class='ocrx_word' id='word_1_35' title='bbox 715 302 921 332; x_wconf 64' lang='lat' dir='ltr'>haereditatem</span> <span class='ocrx_word' id='word_1_36' title='bbox 937 312 1089 332; x_wconf 86' lang='lat' dir='ltr'>sacrorum</span> <span class='ocrx_word' id='word_1_37' title='bbox 1101 314 1110 332; x_wconf 74' lang='grc' dir='ltr'>ε</span> 
     </span>
     <span class='ocr_line' id='line_1_6' title="bbox 225 345 806 384; baseline 0.003 -11"><span class='ocrx_word' id='word_1_38' title='bbox 225 353 286 373; x_wconf 91' lang='lat' dir='ltr'>non</span> <span class='ocrx_word' id='word_1_39' title='bbox 303 346 456 384; x_wconf 86' lang='lat' dir='ltr'>quaerebat</span> <span class='ocrx_word' id='word_1_40' title='bbox 472 345 635 375; x_wconf 83' lang='lat' dir='ltr'>meretricis</span> <span class='ocrx_word' id='word_1_41' title='bbox 646 345 806 375; x_wconf 88' lang='lat' dir='ltr'>haeredem.</span> 
     </span>
    </p>

    <p class='ocr_par' dir='ltr' id='par_1_3' title="bbox 224 387 1116 987">
     <span class='ocr_line' id='line_1_7' title="bbox 268 387 1114 428; baseline 0.002 -12"><span class='ocrx_word' id='word_1_42' title='bbox 268 387 328 417; x_wconf 75' lang='lat' dir='ltr'>Sed</span> <span class='ocrx_word' id='word_1_43' title='bbox 343 387 417 428; x_wconf 91' lang='lat' dir='ltr'>quid</span> <span class='ocrx_word' id='word_1_44' title='bbox 430 398 484 428; x_wconf 85' lang='lat' dir='ltr'>ego</span> <span class='ocrx_word' id='word_1_45' title='bbox 500 395 563 418; x_wconf 87' lang='lat' dir='ltr'>tam</span> <span class='ocrx_word' id='word_1_46' title='bbox 578 388 768 418; x_wconf 89' lang='lat' dir='ltr'>vehementer</span> <span class='ocrx_word' id='word_1_47' title='bbox 783 388 929 418; x_wconf 82' lang='lat' dir='ltr'>invehor?</span> <span class='ocrx_word' id='word_1_48' title='bbox 945 389 1036 418; x_wconf 85' lang='lat' dir='ltr'>verbo</span> <span class='ocrx_word' id='word_1_49' title='bbox 1049 388 1114 427; x_wconf 90' lang='lat' dir='ltr'>jam</span> 
     </span>
     <span class='ocr_line' id='line_1_8' title="bbox 225 430 1113 471; baseline 0.001 -12"><span class='ocrx_word' id='word_1_50' title='bbox 225 439 286 459; x_wconf 89' lang='lat' dir='ltr'>uno</span> <span class='ocrx_word' id='word_1_51' title='bbox 298 431 434 470; x_wconf 83' lang='lat' dir='ltr'>repellar.</span> <span class='ocrx_word' id='word_1_52' title='bbox 458 431 543 468; x_wconf 87' lang='lat' dir='ltr'>Emi,</span> <span class='ocrx_word' id='word_1_53' title='bbox 560 431 668 471; x_wconf 87' lang='lat' dir='ltr'>inquit.</span> <span class='ocrx_word' id='word_1_54' title='bbox 693 430 723 461; x_wconf 94' lang='lat' dir='ltr'>O</span> <span class='ocrx_word' id='word_1_55' title='bbox 736 431 790 461; x_wconf 93' lang='lat' dir='ltr'>Dii</span> <span class='ocrx_word' id='word_1_56' title='bbox 805 431 1012 461; x_wconf 87' lang='lat' dir='ltr'>immortales!</span> <span class='ocrx_word' id='word_1_57' title='bbox 1036 442 1113 471; x_wconf 81' lang='lat' dir='ltr'>prae-</span> 
     </span>
     <span class='ocr_line' id='line_1_9' title="bbox 224 472 1115 514; baseline 0.003 -13"><span class='ocrx_word' id='word_1_58' title='bbox 224 472 337 502; x_wconf 83' lang='lat' dir='ltr'>claram</span> <span class='ocrx_word' id='word_1_59' title='bbox 364 473 591 504; x_wconf 83' lang='lat' dir='ltr'>defensionem!</span> <span class='ocrx_word' id='word_1_60' title='bbox 617 480 812 503; x_wconf 70' lang='lat' dir='ltr'>mercatorem</span> <span class='ocrx_word' id='word_1_61' title='bbox 837 484 907 504; x_wconf 88' lang='lat' dir='ltr'>cum</span> <span class='ocrx_word' id='word_1_62' title='bbox 929 473 1056 514; x_wconf 89' lang='lat' dir='ltr'>imperio</span> <span class='ocrx_word' id='word_1_63' title='bbox 1080 484 1115 504; x_wconf 89' lang='lat' dir='ltr'>ac</span> 
     </span>
     <span class='ocr_line' id='line_1_10' title="bbox 225 516 1112 557; baseline 0.001 -12"><span class='ocrx_word' id='word_1_64' title='bbox 225 516 402 546; x_wconf 82' lang='lat' dir='ltr'>securibus·</span> <span class='ocrx_word' id='word_1_65' title='bbox 394 527 426 546; x_wconf 81' lang='lat' dir='ltr'>in</span> <span class='ocrx_word' id='word_1_66' title='bbox 441 517 628 557; x_wconf 88' lang='lat' dir='ltr'>provinciam</span> <span class='ocrx_word' id='word_1_67' title='bbox 650 516 800 554; x_wconf 88' lang='lat' dir='ltr'>misimus,</span> <span class='ocrx_word' id='word_1_68' title='bbox 818 517 872 557; x_wconf 92' lang='lat' dir='ltr'>qui</span> <span class='ocrx_word' id='word_1_69' title='bbox 892 517 994 546; x_wconf 85' lang='lat' dir='ltr'>omnia</span> <span class='ocrx_word' id='word_1_70' title='bbox 1014 516 1112 556; x_wconf 83' lang='lat' dir='ltr'>signa,</span> 
     </span>
     <span class='ocr_line' id='line_1_11' title="bbox 225 559 1116 600; baseline 0.001 -12"><span class='ocrx_word' id='word_1_71' title='bbox 225 559 344 589; x_wconf 85' lang='lat' dir='ltr'>tabulas</span> <span class='ocrx_word' id='word_1_72' title='bbox 362 559 467 599; x_wconf 84' lang='lat' dir='ltr'>pictas,</span> <span class='ocrx_word' id='word_1_73' title='bbox 484 570 574 589; x_wconf 91' lang='lat' dir='ltr'>omne</span> <span class='ocrx_word' id='word_1_74' title='bbox 589 566 760 600; x_wconf 85' lang='lat' dir='ltr'>argentum,</span> <span class='ocrx_word' id='word_1_75' title='bbox 783 570 904 594; x_wconf 76' lang='lat' dir='ltr'>aurum,</span> <span class='ocrx_word' id='word_1_76' title='bbox 929 560 1014 596; x_wconf 81' lang='lat' dir='ltr'>ebur,</span> <span class='ocrx_word' id='word_1_77' title='bbox 1031 569 1116 599; x_wconf 87' lang='lat' dir='ltr'>gem-</span> 
     </span>
     <span class='ocr_line' id='line_1_12' title="bbox 224 602 1114 643; baseline 0.003 -13"><span class='ocrx_word' id='word_1_78' title='bbox 224 611 302 638; x_wconf 81' lang='lat' dir='ltr'>mas,</span> <span class='ocrx_word' id='word_1_79' title='bbox 331 606 498 638; x_wconf 63' lang='lat' dir='ltr'>coemeret3</span> <span class='ocrx_word' id='word_1_80' title='bbox 534 602 611 632; x_wconf 82' lang='lat' dir='ltr'>nihil</span> <span class='ocrx_word' id='word_1_81' title='bbox 637 602 779 643; x_wconf 85' lang='lat' dir='ltr'>cuiquam</span> <span class='ocrx_word' id='word_1_82' title='bbox 808 603 990 642; x_wconf 86' lang='lat' dir='ltr'>relinqueret</span> <span class='ocrx_word' id='word_1_83' title='bbox 1003 603 1010 632; x_wconf 81' lang='grc'>1</span> <span class='ocrx_word' id='word_1_84' title='bbox 1037 602 1114 633; x_wconf 84' lang='lat' dir='ltr'>Haec</span> 
     </span>
     <span class='ocr_line' id='line_1_13' title="bbox 225 644 1113 686; baseline 0 -12"><span class='ocrx_word' id='word_1_85' title='bbox 225 644 307 674; x_wconf 88' lang='lat' dir='ltr'>enim</span> <span class='ocrx_word' id='word_1_86' title='bbox 343 645 420 675; x_wconf 89' lang='lat' dir='ltr'>mihi</span> <span class='ocrx_word' id='word_1_87' title='bbox 451 645 488 676; x_wconf 84' lang='lat' dir='ltr'>ad</span> <span class='ocrx_word' id='word_1_88' title='bbox 518 645 621 675; x_wconf 86' lang='lat' dir='ltr'>onmia</span> <span class='ocrx_word' id='word_1_89' title='bbox 649 646 782 675; x_wconf 82' lang='lat' dir='ltr'>defensio</span> <span class='ocrx_word' id='word_1_90' title='bbox 818 645 953 686; x_wconf 86' lang='lat' dir='ltr'>patefieri</span> <span class='ocrx_word' id='word_1_91' title='bbox 983 645 1113 683; x_wconf 83' lang='lat' dir='ltr'>videtur,</span> 
     </span>
     <span class='ocr_line' id='line_1_14' title="bbox 227 687 1115 729; baseline 0 -11"><span class='ocrx_word' id='word_1_92' title='bbox 227 689 250 705; x_wconf 80' lang='grc'>“</span> <span class='ocrx_word' id='word_1_93' title='bbox 264 687 402 718; x_wconf 83' lang='lat' dir='ltr'>emisse.”</span> <span class='ocrx_word' id='word_1_94' title='bbox 427 689 580 725; x_wconf 84' lang='lat' dir='ltr'>Primum,</span> <span class='ocrx_word' id='word_1_95' title='bbox 601 689 625 718; x_wconf 89' lang='lat' dir='ltr'>si</span> <span class='ocrx_word' id='word_1_96' title='bbox 639 689 682 725; x_wconf 88' lang='lat' dir='ltr'>id,</span> <span class='ocrx_word' id='word_1_97' title='bbox 699 689 782 729; x_wconf 87' lang='lat' dir='ltr'>quod</span> <span class='ocrx_word' id='word_1_98' title='bbox 798 689 853 725; x_wconf 81' lang='lat' dir='ltr'>vis,</span> <span class='ocrx_word' id='word_1_99' title='bbox 870 688 925 718; x_wconf 92' lang='lat' dir='ltr'>tibi</span> <span class='ocrx_word' id='word_1_100' title='bbox 940 698 997 728; x_wconf 85' lang='lat' dir='ltr'>ego</span> <span class='ocrx_word' id='word_1_101' title='bbox 1011 698 1115 718; x_wconf 87' lang='lat' dir='ltr'>conce-</span> 
     </span>
     <span class='ocr_line' id='line_1_15' title="bbox 226 730 1114 772; baseline 0.001 -13"><span class='ocrx_word' id='word_1_102' title='bbox 226 730 309 768; x_wconf 86' lang='lat' dir='ltr'>dam,</span> <span class='ocrx_word' id='word_1_103' title='bbox 326 737 361 761; x_wconf 89' lang='lat' dir='ltr'>ut</span> <span class='ocrx_word' id='word_1_104' title='bbox 372 732 479 762; x_wconf 83' lang='lat' dir='ltr'>emeris</span> <span class='ocrx_word' id='word_1_105' title='bbox 495 731 653 772; x_wconf 90' lang='lat' dir='ltr'>(quoniam</span> <span class='ocrx_word' id='word_1_106' title='bbox 669 731 700 760; x_wconf 91' lang='lat' dir='ltr'>in</span> <span class='ocrx_word' id='word_1_107' title='bbox 717 737 780 761; x_wconf 88' lang='lat' dir='ltr'>toto</span> <span class='ocrx_word' id='word_1_108' title='bbox 795 732 851 761; x_wconf 89' lang='lat' dir='ltr'>hoc</span> <span class='ocrx_word' id='word_1_109' title='bbox 866 741 974 771; x_wconf 83' lang='lat' dir='ltr'>genere</span> <span class='ocrx_word' id='word_1_110' title='bbox 985 731 1041 760; x_wconf 86' lang='lat' dir='ltr'>hac</span> <span class='ocrx_word' id='word_1_111' title='bbox 1052 731 1114 761; x_wconf 62' lang='lat' dir='ltr'>una</span> 
     </span>
     <span class='ocr_line' id='line_1_16' title="bbox 225 773 1115 814; baseline 0.001 -12"><span class='ocrx_word' id='word_1_112' title='bbox 225 773 398 804; x_wconf 83' lang='lat' dir='ltr'>defensione</span> <span class='ocrx_word' id='word_1_113' title='bbox 414 785 523 804; x_wconf 87' lang='lat' dir='ltr'>usurus</span> <span class='ocrx_word' id='word_1_114' title='bbox 539 780 599 810; x_wconf 85' lang='lat' dir='ltr'>es);</span> <span class='ocrx_word' id='word_1_115' title='bbox 624 785 738 814; x_wconf 78' lang='lat' dir='ltr'>quaero,</span> <span class='ocrx_word' id='word_1_116' title='bbox 755 773 925 813; x_wconf 86' lang='lat' dir='ltr'>cujusmodi</span> <span class='ocrx_word' id='word_1_117' title='bbox 948 780 980 803; x_wconf 92' lang='lat' dir='ltr'>tu</span> <span class='ocrx_word' id='word_1_118' title='bbox 1000 773 1115 812; x_wconf 85' lang='lat' dir='ltr'>judicia</span> 
     </span>
     <span class='ocr_line' id='line_1_17' title="bbox 225 816 1115 865; baseline 0.001 -20"><span class='ocrx_word' id='word_1_119' title='bbox 225 816 336 846; x_wconf 85' lang='lat' dir='ltr'>Romae</span> <span class='ocrx_word' id='word_1_120' title='bbox 351 817 467 857; x_wconf 85' lang='lat' dir='ltr'>putaris</span> <span class='ocrx_word' id='word_1_121' title='bbox 483 828 556 865; x_wconf 77' lang='lat' dir='ltr'>esse,</span> <span class='ocrx_word' id='word_1_122' title='bbox 573 817 597 847; x_wconf 90' lang='lat' dir='ltr'>si</span> <span class='ocrx_word' id='word_1_123' title='bbox 612 817 667 847; x_wconf 88' lang='lat' dir='ltr'>tibi</span> <span class='ocrx_word' id='word_1_124' title='bbox 682 817 739 847; x_wconf 87' lang='lat' dir='ltr'>hoc</span> <span class='ocrx_word' id='word_1_125' title='bbox 758 827 945 857; x_wconf 86' lang='lat' dir='ltr'>quemquam</span> <span class='ocrx_word' id='word_1_126' title='bbox 960 826 1115 847; x_wconf 90' lang='lat' dir='ltr'>concessu-</span> 
     </span>
     <span class='ocr_line' id='line_1_18' title="bbox 225 859 1115 900; baseline 0.001 -12"><span class='ocrx_word' id='word_1_127' title='bbox 225 869 295 888; x_wconf 84' lang='lat' dir='ltr'>rum</span> <span class='ocrx_word' id='word_1_128' title='bbox 319 866 385 899; x_wconf 88' lang='lat' dir='ltr'>put</span> <span class='ocrx_word' id='word_1_129' title='bbox 380 860 445 897; x_wconf 63' lang='lat' dir='ltr'>isti,</span> <span class='ocrx_word' id='word_1_130' title='bbox 470 866 510 897; x_wconf 90' lang='lat' dir='ltr'>te,</span> <span class='ocrx_word' id='word_1_131' title='bbox 536 861 567 889; x_wconf 90' lang='lat' dir='ltr'>in</span> <span class='ocrx_word' id='word_1_132' title='bbox 588 860 721 900; x_wconf 62' lang='lat' dir='ltr'>praetura</span> <span class='ocrx_word' id='word_1_133' title='bbox 743 866 834 900; x_wconf 84' lang='lat' dir='ltr'>atque</span> <span class='ocrx_word' id='word_1_134' title='bbox 854 859 992 900; x_wconf 88' lang='lat' dir='ltr'>imperio,</span> <span class='ocrx_word' id='word_1_135' title='bbox 1010 865 1054 889; x_wconf 90' lang='lat' dir='ltr'>tot</span> <span class='ocrx_word' id='word_1_136' title='bbox 1069 870 1115 889; x_wconf 86' lang='lat' dir='ltr'>res</span> 
     </span>
     <span class='ocr_line' id='line_1_19' title="bbox 225 902 1114 944; baseline 0.001 -13"><span class='ocrx_word' id='word_1_137' title='bbox 225 907 289 931; x_wconf 90' lang='lat' dir='ltr'>tam</span> <span class='ocrx_word' id='word_1_138' title='bbox 304 903 459 942; x_wconf 83' lang='lat' dir='ltr'>pretiosas,</span> <span class='ocrx_word' id='word_1_139' title='bbox 473 913 577 933; x_wconf 85' lang='lat' dir='ltr'>omnes</span> <span class='ocrx_word' id='word_1_140' title='bbox 587 903 718 944; x_wconf 88' lang='lat' dir='ltr'>denique</span> <span class='ocrx_word' id='word_1_141' title='bbox 734 914 791 940; x_wconf 81' lang='lat' dir='ltr'>res,</span> <span class='ocrx_word' id='word_1_142' title='bbox 805 913 873 943; x_wconf 81' lang='lat' dir='ltr'>quae</span> <span class='ocrx_word' id='word_1_143' title='bbox 889 902 1016 942; x_wconf 85' lang='lat' dir='ltr'>alicujus</span> <span class='ocrx_word' id='word_1_144' title='bbox 1025 902 1114 943; x_wconf 88' lang='lat' dir='ltr'>pretii</span> 
     </span>
     <span class='ocr_line' id='line_1_20' title="bbox 224 944 813 987; baseline 0.003 -14"><span class='ocrx_word' id='word_1_145' title='bbox 224 944 348 978; x_wconf 76' lang='lat' dir='ltr'>fuerint,</span> <span class='ocrx_word' id='word_1_146' title='bbox 366 946 429 976; x_wconf 82' lang='lat' dir='ltr'>tota</span> <span class='ocrx_word' id='word_1_147' title='bbox 441 957 477 976; x_wconf 82' lang='lat' dir='ltr'>ex</span> <span class='ocrx_word' id='word_1_148' title='bbox 492 946 647 987; x_wconf 83' lang='lat' dir='ltr'>provincia</span> <span class='ocrx_word' id='word_1_149' title='bbox 662 946 813 976; x_wconf 56' lang='lat' dir='ltr'>coemisse.</span> 
     </span>
    </p>

    <p class='ocr_par' dir='ltr' id='par_1_4' title="bbox 222 988 1116 1547">
     <span class='ocr_line' id='line_1_21' title="bbox 268 988 1114 1029; baseline -0.001 -10"><span class='ocrx_word' id='word_1_150' title='bbox 268 988 309 1018; x_wconf 82' lang='lat' dir='ltr'>V.</span> <span class='ocrx_word' id='word_1_151' title='bbox 334 989 443 1019; x_wconf 84' lang='lat' dir='ltr'>Videte</span> <span class='ocrx_word' id='word_1_152' title='bbox 463 990 615 1028; x_wconf 80' lang='lat' dir='ltr'>majorum</span> <span class='ocrx_word' id='word_1_153' title='bbox 640 989 840 1029; x_wconf 78' lang='lat' dir='ltr'>diligentiam,</span> <span class='ocrx_word' id='word_1_154' title='bbox 862 988 916 1029; x_wconf 89' lang='lat' dir='ltr'>qui</span> <span class='ocrx_word' id='word_1_155' title='bbox 936 988 1013 1018; x_wconf 90' lang='lat' dir='ltr'>nihil</span> <span class='ocrx_word' id='word_1_156' title='bbox 1039 988 1114 1018; x_wconf 88' lang='lat' dir='ltr'>dum</span> 
     </span>
     <span class='ocr_line' id='line_1_22' title="bbox 224 1030 1116 1072; baseline 0 -12"><span class='ocrx_word' id='word_1_157' title='bbox 224 1030 315 1061; x_wconf 88' lang='lat' dir='ltr'>etiam</span> <span class='ocrx_word' id='word_1_158' title='bbox 328 1032 498 1062; x_wconf 82' lang='lat' dir='ltr'>istiusmodi</span> <span class='ocrx_word' id='word_1_159' title='bbox 511 1033 740 1072; x_wconf 87' lang='lat' dir='ltr'>suspicabantur</span> <span class='ocrx_word' id='word_1_160' title='bbox 750 1044 758 1067; x_wconf 87' lang='lat'>;</span> <span class='ocrx_word' id='word_1_161' title='bbox 773 1038 982 1062; x_wconf 82' lang='lat' dir='ltr'>verumtamen</span> <span class='ocrx_word' id='word_1_162' title='bbox 993 1042 1037 1069; x_wconf 90' lang='lat' dir='ltr'>ea,</span> <span class='ocrx_word' id='word_1_163' title='bbox 1047 1042 1116 1072; x_wconf 86' lang='lat' dir='ltr'>quae</span> 
     </span>
     <span class='ocr_line' id='line_1_23' title="bbox 224 1074 1114 1116; baseline 0.002 -13"><span class='ocrx_word' id='word_1_164' title='bbox 224 1074 324 1114; x_wconf 85' lang='lat' dir='ltr'>parvis</span> <span class='ocrx_word' id='word_1_165' title='bbox 340 1075 371 1104; x_wconf 90' lang='lat' dir='ltr'>in</span> <span class='ocrx_word' id='word_1_166' title='bbox 388 1077 476 1105; x_wconf 85' lang='lat' dir='ltr'>rebus</span> <span class='ocrx_word' id='word_1_167' title='bbox 492 1076 623 1105; x_wconf 85' lang='lat' dir='ltr'>accidere</span> <span class='ocrx_word' id='word_1_168' title='bbox 638 1081 786 1116; x_wconf 76' lang='lat' dir='ltr'>poterant,</span> <span class='ocrx_word' id='word_1_169' title='bbox 808 1075 1015 1115; x_wconf 86' lang='lat' dir='ltr'>providebant.</span> <span class='ocrx_word' id='word_1_170' title='bbox 1050 1075 1080 1104; x_wconf 94' lang='lat' dir='ltr'>N</span> <span class='ocrx_word' id='word_1_171' title='bbox 1084 1085 1114 1105; x_wconf 91' lang='lat' dir='ltr'>e-</span> 
     </span>
     <span class='ocr_line' id='line_1_24' title="bbox 224 1114 1115 1159; baseline 0.003 -14"><span class='ocrx_word' id='word_1_172' title='bbox 224 1117 351 1154; x_wconf 87' lang='lat' dir='ltr'>minem,</span> <span class='ocrx_word' id='word_1_173' title='bbox 375 1118 427 1158; x_wconf 86' lang='lat' dir='ltr'>qui</span> <span class='ocrx_word' id='word_1_174' title='bbox 447 1114 519 1148; x_wconf 82' lang='lat' dir='ltr'>cum</span> <span class='ocrx_word' id='word_1_175' title='bbox 547 1125 694 1159; x_wconf 82' lang='lat' dir='ltr'>potestate</span> <span class='ocrx_word' id='word_1_176' title='bbox 715 1125 768 1148; x_wconf 84' lang='lat' dir='ltr'>aut</span> <span class='ocrx_word' id='word_1_177' title='bbox 782 1118 932 1158; x_wconf 82' lang='lat' dir='ltr'>legatione</span> <span class='ocrx_word' id='word_1_178' title='bbox 946 1117 977 1147; x_wconf 90' lang='lat' dir='ltr'>in</span> <span class='ocrx_word' id='word_1_179' title='bbox 993 1117 1115 1158; x_wconf 89' lang='lat' dir='ltr'>provin-</span> 
     </span>
     <span class='ocr_line' id='line_1_25' title="bbox 224 1159 1112 1202; baseline 0.002 -14"><span class='ocrx_word' id='word_1_180' title='bbox 224 1159 300 1189; x_wconf 88' lang='lat' dir='ltr'>ciam</span> <span class='ocrx_word' id='word_1_181' title='bbox 317 1167 393 1191; x_wconf 81' lang='lat' dir='ltr'>esset</span> <span class='ocrx_word' id='word_1_182' title='bbox 404 1162 566 1202; x_wconf 84' lang='lat' dir='ltr'>profectus,</span> <span class='ocrx_word' id='word_1_183' title='bbox 583 1168 644 1191; x_wconf 90' lang='lat' dir='ltr'>tam</span> <span class='ocrx_word' id='word_1_184' title='bbox 661 1164 813 1191; x_wconf 81' lang='lat' dir='ltr'>amentem</span> <span class='ocrx_word' id='word_1_185' title='bbox 835 1161 898 1191; x_wconf 86' lang='lat' dir='ltr'>fore</span> <span class='ocrx_word' id='word_1_186' title='bbox 917 1166 1112 1201; x_wconf 86' lang='lat' dir='ltr'>putaverunt,</span> 
     </span>
     <span class='ocr_line' id='line_1_26' title="bbox 223 1203 1114 1245; baseline 0.001 -13"><span class='ocrx_word' id='word_1_187' title='bbox 223 1208 259 1232; x_wconf 90' lang='lat' dir='ltr'>ut</span> <span class='ocrx_word' id='word_1_188' title='bbox 274 1210 385 1234; x_wconf 90' lang='lat' dir='ltr'>emeret</span> <span class='ocrx_word' id='word_1_189' title='bbox 401 1211 560 1245; x_wconf 80' lang='lat' dir='ltr'>argentum</span> <span class='ocrx_word' id='word_1_190' title='bbox 574 1216 583 1241; x_wconf 86' lang='grc'>;</span> <span class='ocrx_word' id='word_1_191' title='bbox 617 1205 745 1234; x_wconf 87' lang='lat' dir='ltr'>dabatur</span> <span class='ocrx_word' id='word_1_192' title='bbox 762 1204 843 1234; x_wconf 90' lang='lat' dir='ltr'>enim</span> <span class='ocrx_word' id='word_1_193' title='bbox 861 1203 898 1234; x_wconf 92' lang='lat' dir='ltr'>de</span> <span class='ocrx_word' id='word_1_194' title='bbox 913 1203 1054 1244; x_wconf 86' lang='lat' dir='ltr'>publico:</span> <span class='ocrx_word' id='word_1_195' title='bbox 1079 1209 1114 1233; x_wconf 88' lang='lat' dir='ltr'>ut</span> 
     </span>
     <span class='ocr_line' id='line_1_27' title="bbox 223 1246 1114 1296; baseline 0.001 -21"><span class='ocrx_word' id='word_1_196' title='bbox 223 1252 358 1282; x_wconf 82' lang='lat' dir='ltr'>vestem3</span> <span class='ocrx_word' id='word_1_197' title='bbox 383 1249 574 1288; x_wconf 85' lang='lat' dir='ltr'>praebebatur</span> <span class='ocrx_word' id='word_1_198' title='bbox 589 1248 670 1277; x_wconf 89' lang='lat' dir='ltr'>enim</span> <span class='ocrx_word' id='word_1_199' title='bbox 686 1247 813 1296; x_wconf 81' lang='lat' dir='ltr'>legibus.</span> <span class='ocrx_word' id='word_1_200' title='bbox 846 1246 1040 1287; x_wconf 82' lang='lat' dir='ltr'>Mancipium</span> <span class='ocrx_word' id='word_1_201' title='bbox 1055 1257 1114 1287; x_wconf 89' lang='lat' dir='ltr'>pu-</span> 
     </span>
     <span class='ocr_line' id='line_1_28' title="bbox 224 1291 1115 1337; baseline 0.001 -19"><span class='ocrx_word' id='word_1_202' title='bbox 224 1293 384 1326; x_wconf 83' lang='lat' dir='ltr'>taverunt;</span> <span class='ocrx_word' id='word_1_203' title='bbox 418 1302 479 1331; x_wconf 93' lang='lat' dir='ltr'>quo</span> <span class='ocrx_word' id='word_1_204' title='bbox 500 1297 529 1321; x_wconf 90' lang='lat' dir='ltr'>et</span> <span class='ocrx_word' id='word_1_205' title='bbox 549 1301 653 1321; x_wconf 90' lang='lat' dir='ltr'>omnes</span> <span class='ocrx_word' id='word_1_206' title='bbox 668 1291 795 1327; x_wconf 88' lang='lat' dir='ltr'>utimur,</span> <span class='ocrx_word' id='word_1_207' title='bbox 812 1296 841 1320; x_wconf 89' lang='lat' dir='ltr'>et</span> <span class='ocrx_word' id='word_1_208' title='bbox 855 1300 916 1320; x_wconf 91' lang='lat' dir='ltr'>non</span> <span class='ocrx_word' id='word_1_209' title='bbox 932 1291 1082 1337; x_wconf 83' lang='lat' dir='ltr'>praebetur</span> <span class='ocrx_word' id='word_1_210' title='bbox 1097 1300 1115 1319; x_wconf 88' lang='lat' dir='ltr'>a</span> 
     </span>
     <span class='ocr_line' id='line_1_29' title="bbox 222 1332 1112 1381; baseline 0 -20"><span class='ocrx_word' id='word_1_211' title='bbox 222 1333 345 1381; x_wconf 77' lang='lat' dir='ltr'>populo.</span> <span class='ocrx_word' id='word_1_212' title='bbox 371 1334 556 1372; x_wconf 79' lang='lat' dir='ltr'>Sanxerunt,</span> <span class='ocrx_word' id='word_1_213' title='bbox 581 1336 603 1352; x_wconf 69' lang='lat'>‘⁴</span> <span class='ocrx_word' id='word_1_214' title='bbox 615 1334 666 1364; x_wconf 90' lang='lat' dir='ltr'>Ne</span> <span class='ocrx_word' id='word_1_215' title='bbox 686 1334 754 1374; x_wconf 88' lang='lat' dir='ltr'>quis</span> <span class='ocrx_word' id='word_1_216' title='bbox 780 1339 890 1363; x_wconf 87' lang='lat' dir='ltr'>emeret</span> <span class='ocrx_word' id='word_1_217' title='bbox 912 1332 1112 1372; x_wconf 87' lang='lat' dir='ltr'>mancipium,</span> 
     </span>
     <span class='ocr_line' id='line_1_30' title="bbox 223 1375 1114 1417; baseline 0 -13"><span class='ocrx_word' id='word_1_218' title='bbox 223 1375 281 1405; x_wconf 89' lang='lat' dir='ltr'>nisi</span> <span class='ocrx_word' id='word_1_219' title='bbox 296 1376 327 1405; x_wconf 91' lang='lat' dir='ltr'>in</span> <span class='ocrx_word' id='word_1_220' title='bbox 344 1376 494 1407; x_wconf 89' lang='lat' dir='ltr'>demortui</span> <span class='ocrx_word' id='word_1_221' title='bbox 513 1378 624 1407; x_wconf 89' lang='lat' dir='ltr'>locum.</span> <span class='ocrx_word' id='word_1_222' title='bbox 629 1377 648 1390; x_wconf 90' lang='lat'>&#39;&#39;</span> <span class='ocrx_word' id='word_1_223' title='bbox 672 1377 705 1407; x_wconf 77' lang='lat' dir='ltr'>Si</span> <span class='ocrx_word' id='word_1_224' title='bbox 721 1376 774 1417; x_wconf 92' lang='lat' dir='ltr'>qui</span> <span class='ocrx_word' id='word_1_225' title='bbox 787 1377 896 1406; x_wconf 84' lang='lat' dir='ltr'>Romae</span> <span class='ocrx_word' id='word_1_226' title='bbox 908 1382 983 1406; x_wconf 90' lang='lat' dir='ltr'>esset</span> <span class='ocrx_word' id='word_1_227' title='bbox 995 1375 1114 1405; x_wconf 87' lang='lat' dir='ltr'>demor-</span> 
     </span>
     <span class='ocr_line' id='line_1_31' title="bbox 222 1418 1116 1460; baseline 0 -13"><span class='ocrx_word' id='word_1_228' title='bbox 222 1423 312 1452; x_wconf 81' lang='lat' dir='ltr'>tuus</span> <span class='ocrx_word' id='word_1_229' title='bbox 306 1421 319 1440; x_wconf 64' lang='lat'>&#39;²</span> <span class='ocrx_word' id='word_1_230' title='bbox 342 1419 449 1457; x_wconf 87' lang='lat' dir='ltr'>immo,</span> <span class='ocrx_word' id='word_1_231' title='bbox 467 1420 491 1450; x_wconf 90' lang='lat' dir='ltr'>si</span> <span class='ocrx_word' id='word_1_232' title='bbox 507 1420 595 1460; x_wconf 89' lang='lat' dir='ltr'>quis</span> <span class='ocrx_word' id='word_1_233' title='bbox 586 1420 708 1450; x_wconf 76' lang='lat' dir='ltr'>ibidem.</span> <span class='ocrx_word' id='word_1_234' title='bbox 742 1420 814 1449; x_wconf 88' lang='lat' dir='ltr'>Non</span> <span class='ocrx_word' id='word_1_235' title='bbox 827 1419 908 1449; x_wconf 90' lang='lat' dir='ltr'>enim</span> <span class='ocrx_word' id='word_1_236' title='bbox 925 1425 953 1449; x_wconf 90' lang='lat' dir='ltr'>te</span> <span class='ocrx_word' id='word_1_237' title='bbox 968 1418 1116 1448; x_wconf 84' lang='lat' dir='ltr'>instruere</span> 
     </span>
     <span class='ocr_line' id='line_1_32' title="bbox 222 1460 1114 1503; baseline 0 -13"><span class='ocrx_word' id='word_1_238' title='bbox 222 1460 350 1491; x_wconf 91' lang='lat' dir='ltr'>domum</span> <span class='ocrx_word' id='word_1_239' title='bbox 377 1469 462 1493; x_wconf 89' lang='lat' dir='ltr'>tuam</span> <span class='ocrx_word' id='word_1_240' title='bbox 486 1463 648 1493; x_wconf 87' lang='lat' dir='ltr'>voluerunt</span> <span class='ocrx_word' id='word_1_241' title='bbox 673 1463 705 1492; x_wconf 92' lang='lat' dir='ltr'>in</span> <span class='ocrx_word' id='word_1_242' title='bbox 734 1462 908 1503; x_wconf 34' lang='lat' dir='ltr'>provincia&amp;</span> <span class='ocrx_word' id='word_1_243' title='bbox 947 1461 999 1492; x_wconf 86' lang='lat' dir='ltr'>sed</span> <span class='ocrx_word' id='word_1_244' title='bbox 1024 1461 1114 1491; x_wconf 85' lang='lat' dir='ltr'>illum</span> 
     </span>
     <span class='ocr_line' id='line_1_33' title="bbox 224 1506 656 1547; baseline 0.007 -14"><span class='ocrx_word' id='word_1_245' title='bbox 224 1514 314 1534; x_wconf 89' lang='lat' dir='ltr'>usum</span> <span class='ocrx_word' id='word_1_246' title='bbox 330 1506 492 1545; x_wconf 88' lang='lat' dir='ltr'>provinciae</span> <span class='ocrx_word' id='word_1_247' title='bbox 508 1507 656 1547; x_wconf 88' lang='lat' dir='ltr'>supplere.</span> 
     </span>
    </p>

    <p class='ocr_par' dir='ltr' id='par_1_5' title="bbox 224 1546 1116 1806">
     <span class='ocr_line' id='line_1_34' title="bbox 266 1546 1115 1589; baseline -0.001 -12"><span class='ocrx_word' id='word_1_248' title='bbox 266 1548 347 1585; x_wconf 83' lang='lat' dir='ltr'>Quae</span> <span class='ocrx_word' id='word_1_249' title='bbox 362 1548 420 1578; x_wconf 87' lang='lat' dir='ltr'>fuit</span> <span class='ocrx_word' id='word_1_250' title='bbox 436 1560 536 1586; x_wconf 80' lang='lat' dir='ltr'>causa,</span> <span class='ocrx_word' id='word_1_251' title='bbox 554 1560 606 1579; x_wconf 89' lang='lat' dir='ltr'>cur</span> <span class='ocrx_word' id='word_1_252' title='bbox 621 1555 685 1579; x_wconf 89' lang='lat' dir='ltr'>tam</span> <span class='ocrx_word' id='word_1_253' title='bbox 701 1548 860 1589; x_wconf 85' lang='lat' dir='ltr'>diligenter</span> <span class='ocrx_word' id='word_1_254' title='bbox 875 1558 929 1578; x_wconf 90' lang='lat' dir='ltr'>nos</span> <span class='ocrx_word' id='word_1_255' title='bbox 944 1547 975 1577; x_wconf 91' lang='lat' dir='ltr'>in</span> <span class='ocrx_word' id='word_1_256' title='bbox 991 1546 1115 1587; x_wconf 89' lang='lat' dir='ltr'>provin-</span> 
     </span>
     <span class='ocr_line' id='line_1_35' title="bbox 224 1589 1116 1630; baseline -0.001 -10"><span class='ocrx_word' id='word_1_257' title='bbox 224 1589 277 1620; x_wconf 85' lang='lat' dir='ltr'>ciis</span> <span class='ocrx_word' id='word_1_258' title='bbox 298 1592 336 1620; x_wconf 87' lang='lat' dir='ltr'>ab</span> <span class='ocrx_word' id='word_1_259' title='bbox 357 1592 540 1622; x_wconf 83' lang='lat' dir='ltr'>emtionibus</span> <span class='ocrx_word' id='word_1_260' title='bbox 565 1594 777 1622; x_wconf 73' lang='lat' dir='ltr'>removerent?</span> <span class='ocrx_word' id='word_1_261' title='bbox 800 1592 875 1628; x_wconf 86' lang='lat' dir='ltr'>haec,</span> <span class='ocrx_word' id='word_1_262' title='bbox 889 1590 1016 1630; x_wconf 86' lang='lat' dir='ltr'>judices,</span> <span class='ocrx_word' id='word_1_263' title='bbox 1033 1589 1116 1630; x_wconf 88' lang='lat' dir='ltr'>quod</span> 
     </span>
     <span class='ocr_line' id='line_1_36' title="bbox 224 1634 1115 1675; baseline 0 -13"><span class='ocrx_word' id='word_1_264' title='bbox 224 1635 374 1673; x_wconf 85' lang='lat' dir='ltr'>putabant</span> <span class='ocrx_word' id='word_1_265' title='bbox 390 1635 574 1675; x_wconf 88' lang='lat' dir='ltr'>ereptionem</span> <span class='ocrx_word' id='word_1_266' title='bbox 593 1645 665 1671; x_wconf 85' lang='lat' dir='ltr'>esse,</span> <span class='ocrx_word' id='word_1_267' title='bbox 682 1645 743 1665; x_wconf 92' lang='lat' dir='ltr'>non</span> <span class='ocrx_word' id='word_1_268' title='bbox 758 1634 933 1672; x_wconf 83' lang='lat' dir='ltr'>emtionem,</span> <span class='ocrx_word' id='word_1_269' title='bbox 953 1643 1022 1663; x_wconf 89' lang='lat' dir='ltr'>cum</span> <span class='ocrx_word' id='word_1_270' title='bbox 1043 1642 1115 1662; x_wconf 89' lang='lat' dir='ltr'>ven-</span> 
     </span>
     <span class='ocr_line' id='line_1_37' title="bbox 225 1675 1116 1716; baseline -0.001 -11"><span class='ocrx_word' id='word_1_271' title='bbox 225 1676 314 1706; x_wconf 90' lang='lat' dir='ltr'>ditori</span> <span class='ocrx_word' id='word_1_272' title='bbox 330 1687 383 1707; x_wconf 90' lang='lat' dir='ltr'>suo</span> <span class='ocrx_word' id='word_1_273' title='bbox 399 1678 544 1708; x_wconf 85' lang='lat' dir='ltr'>arbitratu</span> <span class='ocrx_word' id='word_1_274' title='bbox 565 1678 693 1708; x_wconf 89' lang='lat' dir='ltr'>vendere</span> <span class='ocrx_word' id='word_1_275' title='bbox 709 1688 770 1708; x_wconf 89' lang='lat' dir='ltr'>non</span> <span class='ocrx_word' id='word_1_276' title='bbox 794 1677 904 1707; x_wconf 87' lang='lat' dir='ltr'>liceret.</span> <span class='ocrx_word' id='word_1_277' title='bbox 935 1676 973 1705; x_wconf 90' lang='lat' dir='ltr'>In</span> <span class='ocrx_word' id='word_1_278' title='bbox 993 1675 1116 1716; x_wconf 87' lang='lat' dir='ltr'>provin-</span> 
     </span>
     <span class='ocr_line' id='line_1_38' title="bbox 226 1718 1116 1762; baseline -0.001 -14"><span class='ocrx_word' id='word_1_279' title='bbox 226 1718 290 1756; x_wconf 87' lang='lat' dir='ltr'>ciis,</span> <span class='ocrx_word' id='word_1_280' title='bbox 306 1720 526 1761; x_wconf 78' lang='lat' dir='ltr'>intelligebant,</span> <span class='ocrx_word' id='word_1_281' title='bbox 542 1721 567 1751; x_wconf 84' lang='lat' dir='ltr'>si</span> <span class='ocrx_word' id='word_1_282' title='bbox 582 1721 606 1751; x_wconf 87' lang='lat' dir='ltr'>is</span> <span class='ocrx_word' id='word_1_283' title='bbox 621 1721 675 1762; x_wconf 91' lang='lat' dir='ltr'>qui</span> <span class='ocrx_word' id='word_1_284' title='bbox 690 1726 765 1751; x_wconf 86' lang='lat' dir='ltr'>esset</span> <span class='ocrx_word' id='word_1_285' title='bbox 779 1731 850 1751; x_wconf 86' lang='lat' dir='ltr'>cum</span> <span class='ocrx_word' id='word_1_286' title='bbox 867 1719 994 1760; x_wconf 88' lang='lat' dir='ltr'>imperio</span> <span class='ocrx_word' id='word_1_287' title='bbox 1010 1729 1044 1748; x_wconf 86' lang='lat' dir='ltr'>ac</span> <span class='ocrx_word' id='word_1_288' title='bbox 1062 1728 1116 1759; x_wconf 90' lang='lat' dir='ltr'>po-</span> 
     </span>
     <span class='ocr_line' id='line_1_39' title="bbox 227 1761 1116 1806; baseline -0.002 -14"><span class='ocrx_word' id='word_1_289' title='bbox 227 1768 343 1801; x_wconf 81' lang='lat' dir='ltr'>testate,</span> <span class='ocrx_word' id='word_1_290' title='bbox 366 1763 449 1805; x_wconf 87' lang='lat' dir='ltr'>quod</span> <span class='ocrx_word' id='word_1_291' title='bbox 464 1764 545 1805; x_wconf 85' lang='lat' dir='ltr'>apud</span> <span class='ocrx_word' id='word_1_292' title='bbox 562 1774 714 1806; x_wconf 88' lang='lat' dir='ltr'>quemque</span> <span class='ocrx_word' id='word_1_293' title='bbox 730 1769 816 1801; x_wconf 79' lang='lat' dir='ltr'>esset,</span> <span class='ocrx_word' id='word_1_294' title='bbox 834 1773 932 1794; x_wconf 87' lang='lat' dir='ltr'>emere</span> <span class='ocrx_word' id='word_1_295' title='bbox 953 1762 1054 1800; x_wconf 85' lang='lat' dir='ltr'>vellet,</span> <span class='ocrx_word' id='word_1_296' title='bbox 1069 1761 1116 1791; x_wconf 89' lang='lat' dir='ltr'>id-</span> 
     </span>
    </p>
   </div>
  </div>
 </body>
</html>
