1181 1902
156 205 246 238 PRO
270 206 437 239 Roscm
460 205 696 238 AMERINO.
719 188 872 238 cApsae.
918 207 959 237 65

74 297 128 324 est⁴
161 292 279 329 Restat,
298 293 426 332 judices,
448 300 483 324 ut
502 293 559 324 hoc
580 293 766 331 dubitemus,
783 299 850 324 uter
865 293 967 334 potius

77 337 147 366 Sex.
165 335 311 365 Roscium
326 336 486 372 occiderit;
510 337 546 373 is,
563 336 602 366 ad
622 347 715 377 quem
730 343 827 367 morte
842 338 906 376 ejus
922 336 969 366 di-

77 379 158 409 vitiae
171 378 317 416 venerint,
331 389 370 409 an
382 380 418 417 is,
436 380 474 409 ad
486 390 578 420 quem
590 379 784 409 mendicitas:
803 380 838 417 is,
852 379 905 420 qui
917 389 971 409 an-

79 428 125 452 tea
141 422 239 452 tenuis
251 421 353 459 fuerit,
370 433 409 452 an
425 423 460 460 is,
472 423 526 464 qui
542 428 645 463 postea
661 422 757 452 factus
770 423 807 452 sit
817 422 972 463 egentissi-

78 475 167 495 mus:
189 465 225 501 is,
242 465 297 505 qui
311 465 418 496 ardens
433 465 559 496 avaritia
575 465 688 495 feratur
703 465 828 495 infestus
843 466 873 495 in
891 476 971 501 suos,

79 518 119 538 an
143 508 179 545 is,
205 508 259 549 qui
282 518 400 550 semper
425 509 467 539 ita
490 509 609 547 vixerit,
634 514 668 538 ut
695 514 845 549 quaestum
873 510 973 538 nosset

81 551 213 588 nullum,
239 551 373 581 fructum
396 558 498 582 autem
526 562 596 581 eum
622 551 732 588 solum,
757 562 848 592 quem
871 552 974 582 labore

81 594 262 643 peperisset:
291 594 326 632 is,
350 595 403 635 qui
424 595 562 625 omnium
585 601 733 625 sectorum
758 594 975 624 audacissimus

84 637 132 675 sit,
144 647 183 667 an
194 637 231 673 is,
242 637 296 678 qui
308 644 430 678 propter
441 638 498 668 fori
511 638 758 678 judiciorumque
770 638 974 675 insolentiam,

84 690 145 710 non
161 680 252 710 modo
274 681 427 720 subsellia.⁷
444 692 550 711 verum
570 681 661 711 etiam
677 681 808 711 urbem'
801 691 910 721 msam,
930 691 975 710 re-

84 723 244 754 formidet:
269 730 432 764 postremo,
452 724 579 763 judices,
600 724 633 753 id
653 723 735 764 quod
755 723 793 754 ad
814 734 889 761 rem,
907 724 977 753 mesi

85 766 243 804 sententia,
260 767 395 798 maxime
413 767 555 808 pertinet,
578 773 683 797 utrum
703 766 844 797 inimicus
864 767 976 807 potius,

85 819 124 840 an
141 810 231 839 filius.

128 852 277 883 XXXII.
302 853 379 884 Haec
404 859 449 891 tu,
475 853 580 891 Eruci,
606 860 650 884 tot
674 859 703 884 et
724 859 808 883 tanta
829 853 853 883 si
873 859 980 883 nactus

88 907 164 927 esses
188 896 219 925 in
243 907 303 933 reo,
330 897 478 937 quamdiu
501 897 637 927 diceres?
669 907 730 937 quo
752 902 781 926 te
801 896 892 926 modo
915 897 980 935 jac-

88 941 188 970 tares?
212 939 362 980 Tempus,
375 940 508 976 hercule,
526 947 554 970 te
567 940 665 977 citius,
679 950 773 980 quam
786 939 892 976 oratio,
905 939 980 969 defl-

89 989 175 1013 ceret.
210 983 335 1012 Etenim
358 983 390 1012 in
411 983 538 1023 singulis
559 985 648 1013 rebus
671 982 820 1022 ejusmodi
842 983 982 1012 materies

90 1032 145 1063 est,
166 1031 200 1056 ut
223 1025 285 1055 dies
307 1026 441 1066 singulos
462 1027 556 1067 possis
577 1036 760 1056 consumere.
794 1026 905 1066 Neque
926 1036 981 1065 ego

90 1079 151 1099 non
167 1079 311 1110 possum:
336 1079 397 1099 non
414 1069 496 1099 enim
511 1069 589 1099 mihi
612 1075 734 1099 tantum
757 1069 878 1109 derogo,
903 1075 982 1098 tam-

92 1113 146 1143 etsi
161 1112 238 1142 nihil
254 1123 371 1153 arrogo,
388 1119 423 1142 ut
439 1118 467 1142 te
491 1113 650 1154 copiosius,
673 1122 766 1152 quam
791 1122 851 1149 me,
877 1118 983 1152 putem

92 1166 179 1197 posse
199 1155 315 1186 dicere:
342 1166 447 1185 verum
469 1166 524 1196 ego
544 1155 680 1192 forsitan,
703 1161 825 1195 propter
844 1155 986 1185 multitu-

93 1199 196 1229 dinem
218 1205 427 1239 patronorum‚
449 1199 480 1228 in
501 1209 591 1239 grege
612 1208 811 1228 annumerer:
837 1204 866 1228 te
881 1208 986 1239 pugna

95 1242 262 1273 Cannensis
278 1248 481 1272 accusatorem
498 1248 542 1272 sat
557 1243 675 1272 bonum
690 1241 769 1271 fecit.
794 1241 914 1271 Multos
930 1252 987 1271 cce-

95 1296 153 1322 SOS,
173 1295 234 1315 non
252 1285 291 1316 ad
307 1285 524 1315 Trasimenum
545 1285 658 1322 lacum,
681 1284 733 1314 sed
754 1284 792 1314 ad
811 1284 986 1321 Servilium,

95 1329 238 1360 vidimus.
271 1328 350 1366 Quis
368 1328 410 1359 ibi
426 1338 486 1358 non
503 1334 547 1358 est
562 1328 738 1358 vulneratus
757 1331 779 1345 ⁴⁶
793 1327 871 1358 ferro
888 1328 989 1368 Phry-

95 1373 145 1414 gio
157 1373 194 1403 ?''
227 1372 301 1402 Non
322 1382 439 1402 necesse
460 1377 504 1402 est
524 1381 628 1402 omnes
646 1381 892 1407 commemorare,
911 1370 991 1400 Cur-

96 1417 164 1454 fios,
193 1415 322 1453 Marios,
350 1415 481 1456 denique
508 1415 693 1451 Mamercos,
722 1425 797 1454 quos
824 1414 890 1453 jam
918 1420 989 1443 aetas

98 1471 116 1491 a
133 1459 246 1500 proeliis
265 1460 428 1493 avocabat;
453 1464 604 1499 postremo
627 1457 787 1487 Priamum
808 1457 922 1497 ipsum,
946 1467 992 1486 se-

97 1513 168 1534 nem
191 1503 376 1540 Antistium,
400 1512 493 1542 quem
517 1512 578 1531 non
601 1500 692 1531 modo
720 1507 801 1537 zetas,
826 1500 877 1530 sed
901 1499 993 1530 etiam

98 1547 179 1587 leges
194 1556 331 1586 pugnare
346 1545 556 1586 prohibebant.
580 1544 667 1581 Jam,
681 1553 758 1584 quos
769 1553 859 1573 nemo
870 1549 993 1591 propter

99 1589 323 1630 ignobilitatem
338 1588 487 1625 nominat,
509 1587 641 1618 sexcenti
657 1592 739 1623 sunt,
757 1587 811 1627 qui
825 1586 903 1616 inter
919 1586 994 1616 sica-

100 1634 171 1671 rios,
189 1638 218 1663 et
232 1632 270 1662 de
288 1631 449 1669 veneficiis,
472 1632 672 1661 accusabant·
698 1630 751 1670 qui
771 1640 876 1659 omnes
897 1629 994 1670 (quod

102 1676 140 1706 ad
156 1686 205 1705 me
221 1675 340 1712 attinet)
357 1675 466 1705 vellem
482 1674 625 1704 viverent.
649 1672 740 1703 Nihil
752 1673 832 1703 enim
848 1673 923 1702 mali
939 1678 993 1709 est,

103 1729 191 1750 canes
211 1718 254 1748 ibi
275 1728 369 1758 quam
390 1717 537 1758 plurimos
558 1727 631 1754 esse,
652 1716 707 1746 ubi
726 1716 871 1757 permulti
894 1717 995 1745 obser-

104 1761 207 1799 vandi,
223 1761 383 1801 multaque
398 1761 544 1791 servanda
559 1766 639 1790 sunt.

148 1805 266 1835 Verum
286 1808 334 1837 (ut
349 1804 396 1839 fit)
417 1804 516 1833 multa
531 1814 621 1844 saepe,
638 1802 907 1843 imprudentibus
899 1811 995 1842 unpe-

104 1848 263 1887 tatoribus,
283 1847 327 1878 vis
350 1847 433 1887 beni,
458 1857 491 1878 ac
514 1848 614 1885 turba,
638 1846 773 1876 molitur.
807 1845 894 1876 Dum
917 1845 942 1875 is
964 1844 996 1874 in
