1181 1902
263 58 315 89 IN
340 58 534 90 VERREM
561 59 620 90 IV.
645 57 729 89 CAP.
754 58 806 89 83.
919 57 984 87 369

94 153 251 174 summum
268 143 324 175 Hs
339 145 431 175 ternis
446 144 502 183 (id,
516 144 599 185 quod
613 151 643 176 et
652 143 829 175 testimoniis
840 142 983 174 omnibus

97 193 126 216 et
146 187 256 217 tabulis
272 194 424 217 aratorum
439 188 566 228 planum
582 187 696 218 factum
720 194 809 218 antea
829 192 898 224 est),
915 192 983 215 tum

94 229 160 265 iste,
177 240 231 270 pro
250 230 339 260 tritici
361 230 470 260 modiis
488 231 625 270 singulis,
643 237 741 261 ternos
761 232 799 260 ab
815 229 982 259 aratoribus

94 271 230 302 denarios
243 272 350 312 exegit.
385 273 453 303 Hoc
469 273 582 303 crimen
599 280 662 309 est3
689 280 722 303 ut
742 273 904 312 intelligas,
921 280 982 301 non

95 325 133 345 ex
154 315 362 353 aestimatione,
383 325 482 356 neque
506 326 543 345 ex
567 316 658 346 ternis
681 316 822 354 denariis,
851 314 981 356 pendere

96 357 221 396 crimen,
249 358 300 388 sed
325 369 363 388 ex
387 359 560 389 coauctione
584 369 712 389 annonae
733 366 826 399 atque
852 357 983 388 aestima-

91 400 189 431 tionis.

137 443 315 473 LXXXII.
340 444 464 476 Etenim
480 444 544 474 haec
559 444 717 474 aestimatio
733 450 804 474 nata
819 450 874 481 est,
895 442 980 482 judi-

93 496 151 521 ces,
167 486 264 524 initio,
286 496 347 517 non
363 497 400 517 ex
419 493 582 527 praetorum
606 493 660 516 aut
680 487 851 524 consulum,
875 486 927 516 sed
942 496 981 516 ex

93 536 245 559 aratorum
268 534 360 570 atque
379 530 548 566 civitatum,
569 529 738 560 commodo.
774 530 877 559 Nemo
897 529 980 559 enim

92 571 151 601 fuit
166 572 252 602 initio
267 578 329 602 tam
345 572 518 613 impudens,
535 573 599 612 qui,
625 583 695 602 cum
716 572 905 602 frumentum
928 572 981 601 de-

91 615 222 652 beretur,
249 615 410 655 pecuniam
436 622 578 656 posceret.
617 615 706 646 Certe
728 615 785 645 hoc
805 616 843 645 ab
865 621 982 644 aratore

90 657 227 698 primum
250 664 294 688 est
315 658 497 698 profectum,
519 664 572 688 aut
591 659 629 688 ab
653 657 687 688 ea
710 658 840 695 civitate,
858 658 907 688 cui
921 658 980 687 im-

88 701 270 741 perabatur3
294 711 364 730 cum
380 707 432 731 aut
447 701 637 731 frumentum
650 700 841 737 vendidisset,
854 706 908 731 aut
919 711 980 730 ser-

90 753 160 773 vare
175 743 276 781 vellet,
286 750 339 773 aut
354 744 386 774 in
398 754 468 774 eum
481 745 594 781 locum,
607 754 669 785 quo
681 744 898 784 imperabatur,
909 753 980 784 por-

89 791 153 815 tare
176 786 290 822 noHet3
314 787 421 827 petivit
446 787 477 817 in
498 787 635 817 beneficii
659 787 736 825 loco,
761 793 790 817 et
812 787 928 827 grafiae,
945 792 980 816 ut

89 829 157 864 sibi,
174 839 229 870 pro
243 830 408 867 frumento,
425 830 532 870 quanti
546 830 736 860 frumentum
752 836 838 867 esset,
855 830 926 860 dare
940 829 979 859 li-

89 878 177 902 ceret.
210 872 262 902 Ex
276 872 453 911 hujusmodi
468 872 626 913 principio,
643 879 734 913 atque
746 883 784 903 ex
799 872 979 903 liberalitate

87 921 178 955 atque
208 916 483 946 accommodatione
515 916 761 956 magistratuum,
793 915 980 946 consuetudo

88 958 295 988 aestimationis
309 958 480 988 introducta
494 965 546 989 est.

129 1001 232 1031 Secuti
246 1008 316 1031 sunt
332 1002 479 1032 avariores
494 1002 708 1042 magistratus3
733 1001 787 1043 qui
810 1008 923 1040 tamen,
947 1002 979 1032 in

85 1044 212 1074 avaritia
235 1045 301 1083 sua,
320 1054 381 1074 non
409 1045 508 1075 solum
531 1046 612 1075 viam
635 1048 767 1086 quaestfis
784 1045 977 1083 invenerunt,

87 1097 194 1117 verum
209 1087 301 1118 etiam
316 1087 433 1118 exitum
449 1098 483 1118 ac
498 1088 645 1119 rationem
666 1088 856 1118 defensionis.
885 1088 978 1118 Insti-

87 1135 213 1160 tuerunt
227 1140 345 1171 semper
360 1131 399 1161 ad
413 1131 525 1161 ultima
539 1142 573 1161 ac
589 1131 769 1161 difficillima
787 1131 854 1161 loca
868 1141 978 1172 appor-

87 1172 217 1202 tandum
223 1173 413 1204 frumentum
426 1174 584 1215 imperare,
592 1180 638 1212 ut,
650 1181 779 1205 vecturae
788 1174 976 1212 difficultate,

86 1215 126 1245 ad
141 1226 236 1256 quam
251 1216 363 1246 vellent
377 1217 608 1247 aestimationem
630 1217 831 1258 pervenirent.
866 1217 904 1247 In
921 1217 978 1247 hoc

85 1268 193 1298 genere
222 1259 338 1290 facilior
361 1266 405 1290 est
429 1260 622 1299 existimatio,
644 1271 739 1301 quam
762 1259 974 1301 reprehensi03

85 1301 163 1339 ideo,
180 1302 263 1342 quod
278 1313 360 1340 eum,
378 1303 432 1344 qui
446 1303 503 1334 hoc
518 1303 601 1341 facit,
612 1314 648 1333 av
650 1314 737 1334 arum
749 1313 910 1344 possumus
923 1313 976 1333 ex-

83 1344 238 1375 istimare:
264 1345 378 1376 crimen
401 1346 433 1376 in
458 1357 492 1376 eo
515 1347 693 1377 constituere
715 1356 776 1376 non
801 1352 864 1376 tam
888 1346 977 1376 facile

84 1397 265 1428 possumus;
290 1389 373 1429 quod
383 1389 501 1419 videtur
513 1389 737 1420 concedendum
749 1389 976 1429 magistratibus

86 1431 194 1460 nostris
209 1441 283 1470 esse,
300 1439 335 1461 ut
354 1432 401 1470 iis,
419 1443 480 1473 quo
494 1433 559 1463 loco
576 1432 680 1469 velint,
694 1431 883 1462 frumentum
899 1432 976 1462 acci-

85 1484 156 1515 pere
170 1473 267 1504 liceat.
292 1475 402 1516 Itaque
417 1476 474 1505 hoc
484 1482 538 1513 est,
556 1476 647 1524 quod.
653 1475 744 1505 multi
759 1474 882 1505 fortasse
897 1475 975 1505 fece-

83 1522 176 1552 runt;
203 1515 265 1558 [at]
281 1517 324 1547 ita
339 1518 440 1555 multi,
454 1525 488 1548 ut
503 1518 535 1556 ii,
552 1529 628 1559 quos
639 1528 668 1548 1r
673 1524 899 1549 nocentlsmnos
910 1528 976 1549 me-

81 1559 228 1590 minimus
243 1567 296 1590 aut
308 1560 492 1598 audivimus,
505 1571 566 1591 non
582 1561 715 1591 fecerint.

125 1602 325 1634 LXXXIII.
359 1604 473 1642 Quaero
497 1614 579 1634 nunc
602 1615 620 1634 a
646 1611 686 1642 te,
718 1604 875 1642 Hortensi,
902 1614 973 1634 curn

82 1645 158 1676 utris
181 1645 305 1676 tandem
319 1647 405 1677 istius
428 1647 544 1677 factum
569 1647 732 1678 collaturus
756 1649 813 1678 es?
837 1657 908 1677 cum
924 1647 972 1686 iis⁷

81 1688 180 1725 credo,
203 1689 269 1730 qui,
294 1690 480 1730 benignitate
503 1690 636 1727 adducti,
662 1701 716 1731 per
738 1689 919 1720 beneficium
942 1696 973 1720 et

80 1731 210 1770 gratiam
225 1731 396 1763 civitatibus
411 1740 631 1772 concesserunt,
644 1740 679 1764 ut
691 1743 835 1763 nummos
843 1742 899 1774 pro
907 1732 973 1763 fru-
