1181 1902
314 61 366 91 IN
389 60 587 93 VERREM
611 61 672 93 IV.
688 59 772 91 CAP.
786 61 838 92 30.
957 61 1020 96 317

137 145 239 183 disset,
265 157 358 188 quam
385 148 566 188 poposcisset
600 147 784 184 Apronius?
817 146 979 177 Judicium
1002 146 1035 177 in

140 195 287 220 aratorem
303 190 334 220 in
351 190 569 232 quadruplum.
593 191 643 221 Ex
660 201 721 232 quo
729 190 869 230 judicum
885 189 1033 220 numero?

140 232 193 263 Ex
221 233 341 263 cohorte
367 234 503 274 praetoris
526 234 670 275 praeclarit
696 234 858 264 hominum
887 232 1036 263 honestis-

141 275 298 305 simorum.
322 276 408 314 Quid
429 277 588 317 amplius?
627 276 737 306 Minus
752 283 781 306 te
801 277 946 317 jugerum
967 286 1038 316 pro-

140 318 254 348 fessum
270 328 332 349 esse
356 319 441 350 dico:
474 325 696 360 recuperatores
719 319 818 357 rejice,
835 319 918 360 quod
933 319 1039 349 adver-

142 361 370 392 sune-edictum
393 362 507 393 feceris.
541 363 593 393 Ex
609 373 670 403 quo
685 363 839 392 numero?
864 362 915 391 Ex
932 361 1038 392 eadem

143 403 274 434 cohorte.
300 405 386 442 Quid
412 406 468 436 erit
490 407 684 436 extremum?
720 405 754 436 Si
780 404 942 435 damnatus
965 405 1036 444 eris,

143 448 230 480 (nam
255 447 406 478 dubitatio
434 449 648 485 damnationis,
675 448 736 478 illis
766 447 1038 488 recuperatoribus,

145 500 215 530 quae
230 497 346 530 poterat
362 502 424 522 esse
432 494 460 529 ?)
494 492 585 532 virgis
609 498 638 522 te
660 491 698 521 ad
713 501 817 521 necem
833 490 904 521 caedi
922 500 1041 521 necesse

145 533 210 563 erit.
237 533 297 563 His
319 534 448 574 legibus,
475 535 523 565 his
544 534 777 571 conditionibus,
795 533 850 564 erit
874 533 1038 574 quisquam

146 581 210 606 tam
234 577 356 615 stultus,
381 578 435 618 qui
459 578 602 609 decumas
627 579 743 608 venisse
766 577 952 607 arbitretur?
987 576 1041 617 qui

146 619 256 649 aratori
281 629 390 650 novem
413 628 512 662 partes
532 622 664 662 reliquas
678 620 772 651 factas
787 630 849 650 esse
865 619 1042 650 existimet?

149 662 203 702 qui
225 672 285 692 non
301 663 463 704 intelligat,
480 665 573 694 istum
589 664 646 695 sibi
662 663 791 704 quaestui
806 662 977 703 praedaeque
990 663 1046 692 ha-

145 705 247 735 buisse
262 707 352 744 bona,
378 708 587 748 possessiones,
609 708 746 738 fortunas
767 707 946 736 aratorum?
971 705 1045 736 Vir-

145 758 255 788 garum
284 756 369 780 metu
395 751 614 791 Agyrinenses,
636 750 719 791 quod
742 749 927 790 imperatum
954 754 1042 787 esset,

147 791 279 822 facturos
294 803 326 823 se
341 804 402 823 esse
418 794 570 824 dixerunt.

191 834 301 865 XXX.
325 836 466 877 Accipite
481 847 574 875 nunc,
591 836 666 878 quid
681 835 849 876 imperarit,
861 840 890 864 et
901 834 1040 865 dissimu-

147 877 209 907 late
226 877 324 919 [vos],
341 879 366 909 si
381 880 515 920 potestis,
538 891 590 911 vos
611 878 821 919 intelligere,'
812 888 915 918 ipsum
936 884 1046 918 praeto-

148 931 225 958 rem,
243 922 325 962 quod
345 929 408 953 tota
429 923 532 953 Sicilia
552 922 748 964 perspexerit,
770 921 971 952 redemtorem
994 921 1047 951 de-

150 974 325 1002 cumarum,
342 972 433 1007 atque
448 966 523 996 adeo
538 967 709 996 arationum
725 965 886 995 dominum
899 974 933 994 ac
942 974 1046 1012 regern

149 1007 251 1037 fuisse.
277 1008 414 1057 Imperat
428 1009 685 1050 Agyrinensibus,
703 1014 740 1038 ut
756 1007 924 1038 decumas
916 1007 975 1048 1psi
989 1017 1048 1048 pu-

148 1050 228 1081 blice
253 1052 422 1093 accipiant,
446 1053 587 1093 Apronio
607 1053 728 1082 lucrum
752 1051 833 1081 dent.
868 1050 902 1081 Si
931 1060 1044 1090 magno

151 1100 276 1131 emerat,
295 1096 442 1135 quoniam
459 1102 494 1125 tu
519 1106 560 1133 es,
583 1095 637 1136 qui
660 1094 890 1134 diligentissime
913 1093 1046 1134 pretium

151 1137 332 1178 exquisistig
367 1139 431 1179 qui,
456 1145 491 1169 ut
515 1139 569 1177 ais,
597 1148 710 1179 magno
739 1136 920 1173 vendidisti3
955 1147 1050 1178 quare

151 1182 282 1220 putabas
298 1183 406 1212 emtori
420 1182 542 1213 lucrum
564 1181 636 1211 addi
656 1186 808 1222 oportere.
801 1182 815 1201 9
838 1180 934 1210 Esto:
959 1186 1050 1220 puta-

152 1224 215 1253 bas.
255 1224 467 1262 Quamobrem
492 1225 676 1266 imperabas,
701 1230 736 1254 ut
761 1223 927 1254 adderent.
920 1225 933 1244 9
963 1222 1050 1261 Quid

153 1272 197 1296 est
223 1267 318 1305 aliud,
344 1279 450 1309 capere
470 1274 500 1299 et
523 1268 682 1299 conciliare
705 1266 860 1307 pecunias,
885 1266 917 1296 in
943 1277 1004 1307 quo
1020 1272 1050 1297 te

152 1309 205 1340 lex
219 1316 313 1349 tenet,
326 1311 351 1341 si
366 1312 424 1342 hoc
439 1322 500 1342 non
516 1317 571 1349 est,
588 1312 618 1341 vi
633 1317 726 1352 atque
740 1309 869 1351 imperio
885 1319 989 1350 cogere
1003 1309 1052 1339 in-

153 1352 231 1384 vitos
254 1353 377 1385 lucrum
400 1355 472 1386 dare
492 1335 590 1391 311011,
616 1354 673 1384 hoc
697 1360 751 1390 est,
774 1352 936 1393 pecuniam
955 1352 1050 1383 dare?

153 1398 237 1437 Age,
255 1397 330 1438 quid
348 1398 439 1428 tum?
468 1398 493 1429 si
515 1397 667 1439 Apronio,
693 1396 807 1426 deliciis
830 1395 978 1436 praetoriS,
1001 1396 1053 1426 lu-

153 1440 222 1469 celli
236 1441 377 1481 aliquid
365 1442 443 1481 Jussi
458 1448 530 1472 sunt
545 1441 627 1477 dare,
643 1445 750 1481 putate
769 1439 910 1479 Apronio
926 1438 1046 1477 datum,

153 1482 179 1512 si
204 1484 422 1524 Apronianum
445 1485 604 1521 lucellum,
631 1493 665 1514 ac
687 1492 749 1513 non
772 1482 913 1523 praetoria
935 1482 1051 1530 praeda,

153 1527 238 1558 vobis
268 1527 429 1558 videbitur.
471 1528 621 1568 Imperas,
651 1534 687 1556 ut
712 1526 856 1556 decumas
885 1525 1051 1565 accipiant;

154 1570 295 1611 Apronio
318 1570 391 1601 dent
413 1572 547 1609 lucrum,
572 1569 664 1600 tritici
684 1569 876 1599 medimnum
892 1568 1053 1599 XXXIII

154 1614 262 1643 millia.
286 1613 373 1651 Quid
385 1620 428 1644 est
439 1615 516 1645 hoc.
508 1615 522 1636 9
545 1624 608 1644 una
622 1612 738 1649 civitas,
755 1622 793 1642 ex
808 1621 870 1642 uno
886 1622 970 1660 agro,
987 1611 1052 1652 ple-

153 1657 203 1687 bei
213 1658 364 1687 Romanae
378 1668 473 1699 prope
487 1663 645 1688 menstrua
659 1655 783 1694 cibaria,
803 1655 939 1696 praetoris
954 1655 1053 1697 impe-

154 1699 210 1737 rio,
235 1700 348 1731 donare
370 1701 512 1742 Apronio
534 1700 661 1741 cogitur.
694 1698 747 1729 Tu
772 1708 885 1739 magno
908 1694 1053 1728 decumas

155 1743 327 1781 vendidisti,
353 1754 424 1775 cum
440 1750 561 1775 tantum
577 1742 653 1774 lucri
669 1742 840 1774 decumano
864 1741 902 1772 sit
917 1740 1046 1771 datum.
1039 1750 1052 1761 ‘

744 1787 763 1805 ¹)
776 1794 796 1815 Ε
815 1786 834 1812 3
