1181 1902
224 86 286 116 420
406 84 457 115 IN
481 82 677 115 VERREM
702 83 742 115 V.
766 83 850 116 CAP.
873 85 925 116 35.

223 181 396 212 magnoque
418 176 515 208 metu,
539 170 611 200 victi
634 170 800 210 Segestani,
824 170 959 211 praetoris
981 169 1110 212 imperio

223 214 393 254 parendum
417 224 478 244 esse
505 214 708 243 decreverunt.
734 213 851 253 Magno
878 223 947 243 cum
968 214 1051 244 luctu
1078 220 1108 244 et

223 257 339 297 gemitu
362 257 452 287 totius
473 256 611 293 civitatis,
633 256 739 286 multis
759 266 829 286 cum
848 256 988 296 lacrymis
1012 263 1041 286 et
1062 257 1108 286 la-

224 300 408 329 mentatione
424 300 557 329 virorum
572 299 797 339 mulierumque
817 299 967 337 omnium,
984 300 1109 329 simula-

225 353 310 373 crum
328 342 438 372 Dianae
453 341 622 372 tollendum
637 342 762 371 locatur.

266 386 399 416 XXXV
401 407 408 414 .
434 385 543 415 Videte
568 384 682 425 quanta
714 384 858 424 religione
887 384 987 414 fuerit.
1011 384 1109 426 Apud

224 429 401 468 Segestanos
417 434 569 468 repertum
583 438 655 465 esse,
670 427 796 466 judices,
814 427 927 464 scitote,
944 428 1109 465 neminem,

225 481 324 512 neque
344 472 473 501 liberum
500 481 598 511 neque
618 480 750 507 servum,
773 480 871 510 neque
895 470 990 501 civem
1013 481 1111 512 neque

225 514 430 554 peregrinum,
462 514 515 555 qui
545 513 622 543 illud
652 513 773 553 signum
804 512 926 542 auderet
955 514 1110 554 attingere.

226 558 377 587 Barbaros
401 557 549 597 quosdam
580 556 717 596 Lilybaeo
749 556 851 585 scitote
880 555 1024 586 adductos
1050 567 1113 587 esse

226 600 385 640 operarios.
411 600 456 629 Hi
472 599 602 640 denique
622 599 710 636 illud,
732 598 829 638 ignari
846 598 935 628 totius
951 599 1064 639 negotii
1078 610 1113 630 ac

225 643 388 683 religionis,
406 643 542 672 mercede
557 642 689 682 accepta,
715 641 909 671 sustulerunt.
935 641 1027 678 Quod
1043 652 1114 673 cum

227 696 264 716 ex
279 686 391 726 oppido
406 691 623 725 exportaretur,
640 695 731 724 quem
754 690 933 714 conventum
951 684 1115 716 mulierum

226 729 341 759 factum
351 739 412 758 esse
422 728 629 758 arbitramini?
640 737 733 767 quem
740 726 844 756 fletum
856 727 1006 765 majorum
1017 733 1089 757 natu
1101 730 1115 759 ?

227 782 358 812 quorum
383 771 523 800 nonnulli
543 770 634 800 etiam
652 770 740 799 illum
763 769 844 798 diem
865 770 1012 799 memoria
1032 777 1115 801 tene-

226 816 312 851 bant,
329 824 400 844 cum
415 814 468 843 illa
484 813 588 843 eadem
608 812 722 848 Diana,
749 812 904 851 Segestam
928 812 1114 853 Carthagine

227 863 354 894 revecta,
381 856 537 886 victoriam
561 855 667 896 populi
688 854 822 884 Romani
844 854 942 884 reditu
964 865 1017 885 suo
1036 866 1115 885 nun-

228 899 339 930 tiasset.
363 900 468 937 Quam
489 898 642 928 dissimilis
661 898 709 928 hic
731 897 793 927 dies
814 897 859 926 illi
880 897 1009 938 tempori
1033 899 1115 929 vide-

228 944 318 973 batur
333 943 340 972 !
367 943 453 972 Tum
472 942 634 982 imperator
649 940 756 981 populi
772 940 917 976 Romani,
928 940 974 970 vir
989 940 1115 972 clarissi-

228 996 308 1021 mus,
337 985 418 1016 Deos
442 985 554 1025 patrios
577 985 747 1024 reportabat
770 983 950 1023 Segestanis,
977 994 1014 1013 ex
1041 986 1116 1015 urbe

227 1028 362 1059 hostium
378 1033 584 1068 recuperatos:
609 1037 702 1064 nunc,
719 1037 756 1056 ex
772 1027 846 1056 urbe
862 1026 1022 1064 sociorum,
1039 1038 1116 1067 prae-

228 1077 274 1102 tor
290 1071 425 1110 ejusdem
441 1070 546 1111 populi
567 1069 758 1110 turpissimus
779 1075 870 1110 atque
892 1068 1115 1109 impurissimus

228 1114 349 1144 eosdem
375 1114 441 1144 illos
468 1113 550 1144 Deos
574 1112 688 1143 nefario
712 1112 820 1142 scelere
840 1111 1003 1142 auferebat.
1028 1112 1114 1149 Quid

227 1157 284 1187 hoc
299 1157 363 1187 tota
377 1157 480 1188 Sicilia
503 1162 546 1186 est
566 1156 685 1193 clarius,
702 1165 797 1196 quam
817 1164 921 1185 omnes
937 1156 1114 1195 Segestanas

228 1206 381 1230 matronas
396 1206 425 1230 et
437 1200 566 1239 virgines
582 1198 764 1235 convenisse,
775 1208 845 1228 cum
856 1197 959 1227 Diana
974 1204 1114 1238 exporta-

228 1249 311 1273 retur
337 1254 373 1273 ex
400 1242 538 1283 oppido?
572 1241 695 1272 unxisse
724 1240 914 1281 unguentis?
947 1241 1112 1280 complesse

228 1286 344 1316 coronis
364 1292 393 1316 et
413 1285 561 1316 floribus?
584 1285 672 1314 thure
690 1284 892 1324 odoribusque
906 1283 1044 1322 incensis,
1061 1294 1112 1315 us-

227 1339 287 1369 que
302 1329 340 1359 ad
356 1329 419 1369 agri
435 1329 508 1358 fines
522 1333 694 1367 prosecutas
711 1337 772 1356 esse
786 1328 799 1357 Ρ

272 1372 363 1402 Hanc
389 1377 421 1401 tu
441 1376 557 1400 tantam
579 1370 754 1410 religionem
775 1369 800 1399 si
820 1375 885 1399 tum
915 1369 945 1399 in
971 1369 1109 1410 imperio,

227 1421 349 1455 propter
370 1414 565 1455 cupiditatem
581 1420 672 1454 atque
687 1412 855 1449 audaciam,
872 1422 932 1442 non
956 1413 1111 1453 pertimes-

227 1459 334 1493 cebas;
359 1467 396 1487 ne
412 1467 493 1487 nunc
507 1456 643 1497 quidem,
663 1456 694 1485 in
711 1461 794 1485 tanto
809 1460 862 1485 tuo
885 1456 1111 1497 liberorumque

227 1506 349 1530 tuorum
361 1500 503 1540 periculo,
515 1498 733 1540 perhorrescis?
758 1498 861 1536 Quem
877 1498 931 1528 tibi
946 1504 998 1528 aut
1013 1499 1111 1529 homi·

227 1553 309 1579 nem,
320 1543 421 1573 invitis
434 1543 501 1572 Diis
511 1542 744 1579 immortalibus,
753 1547 806 1571 aut
818 1551 886 1571 vero
897 1540 1011 1577 Deum,
1022 1542 1114 1573 tantis

228 1596 332 1616 eorum
348 1586 543 1625 religionibus
560 1585 687 1621 violatis,
708 1584 821 1615 auxilio
842 1582 982 1613 futurum*
997 1590 1086 1624 putas
1097 1587 1111 1615 'z’

230 1629 304 1658 Tibi
318 1629 370 1658 illa
393 1629 504 1664 Diana,
524 1628 555 1657 in
577 1639 649 1669 pace
672 1634 763 1668 atque
786 1627 817 1656 in
839 1626 909 1663 otio,
935 1626 1111 1667 religionem

229 1672 346 1701 nullam
371 1671 496 1701 attulit?
520 1681 600 1711 quae,
626 1681 696 1700 cum
720 1671 795 1700 duas
819 1671 918 1707 urbes,
943 1670 973 1699 in
1001 1670 1112 1710 quibus

228 1714 326 1744 locata
348 1714 456 1749 fuerat,
484 1720 585 1754 captas
610 1714 805 1753 incensasque
835 1712 966 1749 vidisset,
997 1713 1044 1742 bis
1074 1723 1112 1743 ex

229 1756 360 1787 duorum
370 1757 519 1788 bellorum
533 1756 657 1787 flamma
667 1756 805 1797 ferroque
816 1761 931 1786 servata
942 1760 985 1785 est
998 1765 1008 1791 ς
1032 1766 1111 1796 quae,
