1181 1902
236 83 288 116 IN
311 82 508 116 VERREM
534 83 572 115 V.
595 82 679 115 CAP.
696 84 748 114 48.
871 83 935 114 433

49 168 192 211 attigerit,
207 168 239 199 id
254 170 293 200 ab
310 180 372 201 uno
389 170 446 201 isto
465 170 508 201 sic
527 169 690 211 spoliatum
708 178 783 207 esse,
804 174 839 200 ut
859 169 936 200 nihil

47 213 172 243 omnino
187 212 226 243 sit
240 213 388 244 relictum.
414 213 477 244 nic
492 223 573 244 nunc
588 218 641 243 aut
655 212 710 242 iste
721 222 800 249 reus,
813 218 866 242 aut
881 222 937 253 ego

48 262 214 293 accusator,
230 262 284 286 aut
298 255 355 286 hoc
373 256 523 296 judicium
540 255 742 297 appellabitur
752 257 766 286 ἶ)
791 255 938 286 Crimini.

49 299 106 329 bus
121 299 202 329 enim
219 299 411 339 coarguitur-3
437 297 553 340 [haud]
575 298 794 339 suspicionibus
809 298 840 328 in
854 298 938 337 judi-

48 342 129 371 cium
153 348 284 372 vocatur.
319 341 374 371 Dii
397 341 501 379 ablati,
523 341 595 371 fana
611 347 729 378 vexata,
749 340 871 371 nudatae
886 352 938 371 ur-

48 385 113 422 bes,
135 384 335 425 reperiuntur.
366 384 482 414 Earum
503 390 606 415 autem
624 394 725 414 rerum
746 384 862 414 nullam
882 384 940 415 sibi

49 426 105 457 iste
120 437 218 468 neque
237 426 391 457 inficiandi
410 427 569 464 rationem,
586 436 684 468 neque
699 426 880 457 defendendi
894 427 942 457 fa-

50 470 206 508 cultatem,
226 469 358 511 reliquit.
383 469 538 500 Omnibus
561 470 593 500 in
615 471 704 500 rebus
727 469 900 510 coarguitur
921 480 941 501 a

50 522 112 550 me,
128 513 314 543 convincitur
329 523 347 542 a
362 513 498 548 testibus,
518 519 644 553 urgetur
661 511 844 542 confessione
860 513 939 549 suar

50 555 239 586 manifestis'
231 566 263 585 m
280 555 437 586 maleficiis
459 562 600 591 tenetur3
624 561 654 586 et
668 559 771 585 manet
786 555 890 595 etiam,
905 565 942 587 ac

52 598 161 629 tacitus
176 599 256 629 facta
269 609 390 629 mecum
406 609 461 629 sua
475 597 668 647 recognoscit.

96 641 240 672 Nimium
265 642 342 672 mihi
367 641 420 671 diu
446 641 574 672 videor
566 651 598 671 1n
621 650 682 671 uno
707 651 814 682 genere
829 641 942 672 versari

52 684 226 716 criminum.
249 684 363 723 Sentio,
385 684 512 724 judices,
531 684 749 715 occurrendum
772 694 834 715 esse
854 684 943 715 satie-

52 727 107 758 tati
122 727 243 758 aurium
259 727 493 768 animorumque
502 732 680 758 vestrorum.
697 727 802 765 Quam
814 729 853 758 ob
864 738 942 766 rem,

55 771 155 801 multa
174 770 414 812 praetermittam.
444 770 498 800 Ad
517 781 552 801 ea
577 776 692 808 autem,
714 780 784 811 quae
807 770 944 802 dicturus

54 823 135 852 sum,
152 813 263 845 reficite
278 823 342 850 vos,
359 823 472 855 quaeso,
485 813 614 852 judices,
626 824 680 854 per
690 813 772 844 Deos
786 813 946 844 immorta-

54 856 117 887 les!
143 858 210 898 (per
224 866 275 887 eos
289 857 380 897 ipsos,
402 856 439 887 de
454 866 586 897 quorum
600 856 744 897 religione
762 855 882 896 jamdiu
899 856 947 887 di-

56 899 167 938 cimus)
188 899 264 930 dum
287 899 319 930 id
339 901 404 940 ejus
418 899 536 930 facinus
551 909 754 930 commemoro
770 906 799 930 et
813 899 944 941 profero,

55 953 118 984 quo
142 942 297 984 provincia
322 949 385 974 tota
410 948 561 974 commota
581 948 644 973 est:
672 942 710 973 de
727 953 789 983 quo
809 943 834 973 si
854 943 946 984 paulo

55 986 147 1016 altius
161 986 264 1025 ordiri,
284 996 318 1017 ac
340 991 473 1027 repetere
492 986 670 1016 memoriam
691 986 844 1026 religionis
862 986 946 1017 vide-

55 1028 122 1067 bor,
137 1028 292 1070 ignoscite.
315 1029 375 1060 Rei
396 1028 576 1069 magnitudo
593 1039 644 1059 me
658 1028 789 1060 breviter
802 1028 948 1070 perstrin-

59 1082 131 1113 gere
145 1072 332 1103 atrocitatem
347 1072 481 1103 criminis
496 1082 557 1102 non
572 1071 654 1102 sinit.

100 1115 266 1147 XLVIII.
288 1116 387 1147 Vetus
402 1120 447 1146 est
454 1115 520 1146 haec
531 1114 644 1156 opinio,
657 1114 785 1155 judices,
796 1125 866 1157 quae
876 1125 948 1146 con-

58 1163 118 1189 stat
132 1168 170 1189 ex
191 1158 409 1200 antiquissimis
425 1158 601 1189 Graecorum
622 1158 718 1190 literis
739 1164 832 1200 atque
849 1159 950 1189 moni-

57 1201 180 1240 mentis,
192 1201 324 1233 insulam
342 1201 477 1232 Siciliam
488 1207 583 1232 totam
598 1211 660 1232 esse
673 1200 776 1233 Cereri
785 1207 814 1232 et
828 1201 949 1232 Liberae

59 1250 272 1276 consecratam.
304 1244 374 1275 Hoc
393 1254 465 1275 cum
482 1250 596 1275 caeterae
612 1250 716 1285 gentes
739 1244 781 1275 sic
798 1245 950 1275 arbitran-

59 1293 120 1326 tur,
136 1292 204 1318 tum
219 1288 292 1329 ipsis
307 1287 417 1319 Siculis
432 1293 495 1318 tam
512 1298 689 1328 persuasum
710 1293 765 1325 est,
781 1293 817 1317 ut
839 1287 949 1318 animis

60 1340 166 1361 eorum
180 1331 307 1361 insitum
322 1337 413 1372 atque
427 1330 568 1360 innatum
578 1341 641 1361 esse
653 1330 798 1361 videatur.
822 1331 907 1361 Nam
919 1336 950 1361 et

61 1379 148 1404 natas
163 1384 226 1404 esse
240 1374 296 1404 has
310 1374 343 1404 in
358 1373 406 1404 his
419 1373 493 1404 locis
508 1373 602 1412 Deas,
618 1380 648 1404 et
657 1373 759 1414 fruges
772 1373 805 1403 in
820 1373 856 1404 ea
871 1373 951 1404 terra

62 1417 198 1458 primum
213 1422 356 1458 repertas,
372 1416 575 1447 arbitrantur:
599 1422 629 1447 et
643 1422 762 1457 raptam
782 1426 844 1447 esse
856 1416 950 1447 Libe-

62 1470 140 1497 ram,
156 1470 250 1501 quam
267 1459 406 1490 eamdem
423 1459 635 1500 Proserpinam
647 1465 765 1497 vocant,
776 1470 814 1490 ex
823 1459 950 1489 Ennen-

64 1502 145 1533 sium
165 1513 298 1540 nemore,
317 1503 386 1544 (qui
400 1502 495 1541 locus,
519 1502 601 1543 quod
621 1502 653 1532 in
670 1502 771 1533 media
791 1508 835 1533 est
848 1502 952 1532 insula

40 1570 42 1572 ,
63 1545 150 1582 situs,
167 1546 329 1576 umbilicus
345 1545 455 1576 siciliae
475 1544 663 1584 nominatur)
678 1556 687 1582 ;
709 1556 802 1586 quam
819 1555 888 1576 cum
903 1545 952 1575 in-

64 1589 210 1629 vestigare
230 1595 259 1619 et
281 1588 456 1629 conquirere
475 1588 563 1619 Ceres
578 1588 678 1626 vellet,
702 1588 811 1619 dicitur
830 1588 952 1618 inflam-

65 1631 164 1662 masse
179 1631 271 1662 taedas
282 1631 318 1661 iis
339 1631 473 1672 ignibus,
487 1631 540 1672 qui
556 1641 593 1662 ex
609 1631 713 1662 AEtnae
727 1631 835 1662 vertice
850 1641 952 1661 erum-

64 1679 164 1715 punt:
189 1684 264 1715 quas
278 1674 336 1705 sibi
350 1684 421 1705 cum
436 1674 503 1716 ipsa
515 1673 680 1716 praeferret,
695 1676 799 1705 orbem
813 1674 951 1704 omnium

67 1716 240 1758 peragrasse
254 1722 414 1748 terrarum.

110 1760 203 1790 Enna
216 1765 330 1798 autern,
345 1760 400 1791 ubi
414 1770 460 1801 ea,
481 1771 551 1803 quae
567 1759 645 1800 dieo,
663 1765 747 1801 gesta
761 1770 824 1792 osse
837 1769 954 1792 memo·

123 1803 230 1839 Orat.)
258 1811 343 1835 von.
358 1812 384 1835 ι.
686 1805 706 1834 2
721 1812 740 1835 1’
