1181 1902
192 149 253 180 108
331 146 382 179 IN
406 146 647 179 CAECILIUM
669 146 936 182 DIVINATIO.

184 234 250 276 cipe
264 234 296 265 in
312 239 419 266 senatu
433 239 555 276 propter
568 234 769 273 nobilitatem,
780 241 809 266 et
829 235 861 266 in
876 235 941 267 foro
962 235 1001 267 ob
1016 235 1079 267 elo-

184 278 343 319 quentiam
359 288 429 318 rege
443 288 616 316 causarum,
633 283 662 308 et
677 278 781 309 eodem
797 279 919 309 consule
938 279 1078 320 designa·
1158 291 1159 306 l

183 326 215 351 to
230 331 301 351 cum
315 321 356 359 Q.
374 320 514 358 Metello,
531 320 622 351 fratre
638 321 848 358 Metellorum,
865 322 987 352 alterius
999 333 1078 363 prae-
1158 323 1160 356 ἑ

183 364 256 394 toris
268 363 374 400 Siculi,
391 364 514 394 alterius
529 364 664 404 praetoris
677 364 794 394 urbani.
828 365 887 395 His
908 365 950 395 ita
969 365 1079 396 consti-

184 407 268 445 tutis,
293 407 408 437 exstitit
430 407 471 445 Q.
489 407 629 438 Caecilius
652 407 760 447 Niger,
782 407 873 438 domo
896 408 1026 445 Siculus,
1048 414 1080 439 et

184 455 315 491 quaestor
335 450 450 487 Verris,
467 456 496 480 et
519 450 667 489 ejusdem,
684 456 718 480 ut
740 450 803 491 ipse
825 451 954 489 dicebat,
974 451 1078 481 inimi-

182 504 246 531 cus,
269 493 322 534 qui
344 503 374 524 se
394 493 494 534 potius
510 499 712 523 accusatorem
728 494 920 524 contenderet
935 494 1078 524 constitui

181 542 330 577 oportere,
356 536 410 566 has
430 536 557 566 afferens
576 546 689 566 causas.
738 536 852 574 Unam,
878 537 961 577 quod
982 538 1021 567 ab
1042 548 1078 568 eo

182 580 282 618 laesus,
299 585 328 609 et
339 580 378 610 ob
394 579 451 609 hoc
463 580 531 618 jure
546 579 591 609 illi
607 579 644 609 sit
658 578 809 616 inimicus,
827 591 919 620 quare
934 580 1078 621 praevari-

181 628 264 653 cator
279 633 340 653 esse
358 632 418 652 non
441 622 543 663 possit.
582 622 735 660 Alteram,
752 622 845 663 quod,
860 633 930 653 cum
946 629 1080 663 quaestor

183 665 211 695 ei
223 671 290 695 tum
306 665 408 702 fuerit,
426 666 517 695 etiam
533 665 596 706 ipse
609 665 639 694 in
655 665 820 706 quaestione
838 664 894 704 [F.
912 668 1004 695 etiam
1015 668 1082 696 sine

183 709 396 749 inquisitione]
414 708 542 738 crimina
557 708 673 738 noverit
689 708 803 739 Verris.
830 708 980 747 Tertiam,
994 709 1078 749 quod

183 751 304 782 Siculus
316 762 370 792 pro
388 751 497 782 Siculis
513 756 592 792 agat.
627 751 851 790 Hujuscemodi
867 751 1080 793 propositioni-

182 795 241 825 bus
264 795 379 831 Cicero,
399 794 573 835 designatus
590 794 695 831 aediljs,
717 793 764 824 his
787 805 839 825 sex
861 795 1010 836 capitibus
1032 806 1079 826 re-

182 837 319 878 spondet.
357 837 575 868 Accusatorern
596 848 667 868 eum
688 847 751 867 esse
766 844 916 878 oportere,
941 838 1006 876 Qui
1030 838 1079 868 in-

182 881 264 911 vitus
286 880 402 921 cogitur
426 880 569 921 religione
594 880 695 918 officii,
720 886 844 921 rogatus
871 882 910 911 ab
936 881 1079 912 omnibus

183 924 313 955 Siculis:
338 923 404 962 Qui
416 934 470 964 pro
485 923 640 964 republica
656 929 744 964 agat:
772 924 876 962 Quem
893 924 1010 961 volunt,
1024 924 1079 965 qui

183 972 326 997 accusant
339 978 347 996 :
373 966 477 1004 Quem
501 966 621 1003 metuit,
647 967 701 1007 qui
727 972 903 997 accusatur:
930 967 994 1004 Qui
1012 967 1079 997 ido-

183 1020 259 1040 neus
275 1015 319 1040 est
333 1009 476 1040 facundia
491 1015 520 1039 et
540 1009 730 1040 innocentia:
757 1009 821 1047 Qui
843 1009 900 1040 hoc
922 1010 993 1040 facit
1008 1010 1079 1040 imi-

183 1053 297 1083 tatione
308 1053 470 1092 majorum.
506 1052 624 1082 Divisio
639 1052 814 1093 principalis
830 1063 892 1083 una
907 1052 945 1083 de
957 1063 988 1083 se
1000 1053 1077 1094 ipso,
1157 1031 1158 1079 i

182 1096 279 1127 'altera
293 1096 329 1126 de
341 1096 530 1126 contentione
542 1096 589 1126 sui
601 1101 630 1126 et
645 1095 769 1127 Caecilii.
794 1095 952 1126 Divinatio
968 1096 1078 1126 dicitur
1157 1107 1158 1121 π

183 1139 249 1170 haec
260 1139 366 1175 oratio,
379 1138 452 1180 quia
466 1149 526 1169 non
539 1138 576 1169 de
591 1138 669 1169 facto
685 1139 831 1180 quaeritur
846 1145 875 1169 et
891 1139 1076 1178 conjectura,
1156 1154 1157 1183 i

184 1182 237 1213 sed
252 1182 289 1213 de
311 1182 426 1219 futuro,
443 1193 513 1223 quae
535 1187 579 1212 est
600 1181 756 1219 divinatio,
773 1181 829 1220 [F.
852 1192 912 1211 ozon
937 1183 972 1212 de
988 1183 1079 1223 facto
1156 1187 1157 1217 Ἰ

1156 1244 1157 1266 l

1156 1267 1157 1280 l

184 1227 351 1265 quaeritur,
364 1226 415 1255 scd
430 1226 465 1255 de
476 1226 605 1266 futuro,
622 1235 689 1264 quae
702 1229 745 1255 est
758 1226 909 1255 divinatio
918 1229 947 1255 et
963 1227 1078 1264 conjec-

185 1270 274 1310 tura]
291 1274 358 1299 uter
373 1268 479 1298 debeat
494 1278 640 1298 accusare.
664 1268 729 1298 Alii
741 1268 807 1298 ideo
823 1274 932 1309 putant
946 1267 1077 1298 Divina-

184 1311 299 1342 tionem
315 1311 385 1349 dici,
402 1311 483 1352 quod
506 1311 631 1350 injurati
647 1311 764 1350 judices
786 1311 818 1341 in
839 1311 896 1341 hac
919 1310 1009 1341 causa
1031 1321 1078 1341 se-

184 1354 286 1392 deant,
309 1360 354 1391 ut,
375 1354 457 1395 quod
477 1354 581 1391 velint,
598 1354 770 1394 praesentire
792 1354 829 1384 de
853 1360 982 1394 utroque
1006 1364 1078 1395 pos-

184 1398 267 1434 sint;
291 1398 354 1435 alii,
374 1397 456 1437 quod
471 1407 517 1427 res
532 1403 639 1437 agatur
654 1397 717 1427 sine
738 1397 875 1435 testibus,
893 1403 922 1427 et
944 1397 1007 1427 sine
1030 1402 1078 1427 ta-

185 1441 286 1476 bulis3
320 1446 360 1477 et,
385 1440 432 1470 his
458 1440 591 1477 remotis,
617 1446 799 1480 argumenta
823 1441 886 1470 sola
912 1445 1078 1480 sequantur

181 1484 310 1524 judices,
328 1489 357 1513 et
373 1483 459 1523 quasi
470 1482 615 1513 divinent.
639 1483 755 1523 Agitur
765 1488 867 1513 autem
878 1493 978 1520 causa,
990 1493 1077 1513 sena-

185 1526 268 1559 toriis
291 1526 412 1565 judiciis
432 1526 463 1555 in
486 1526 600 1556 invidia
626 1526 708 1566 apud
734 1526 884 1567 populum
907 1526 1076 1556 constitutis

184 1569 375 1610 corruptione
389 1569 581 1604 niultorum3
606 1569 721 1599 vexatis
741 1569 902 1609 provinciis
921 1569 1076 1607 omnibus,

184 1624 220 1644 ac
242 1612 327 1643 sociis
349 1612 455 1652 populi
471 1612 605 1642 Romani
625 1612 708 1642 fessis
733 1617 795 1642 toto
819 1613 891 1642 orbe
913 1617 1075 1649 terrarum,

184 1656 311 1687 libidine
337 1662 366 1685 et
389 1655 548 1695 iniquitate
575 1655 788 1685 Romanorum
818 1655 1074 1695 magistratuum3

184 1699 406 1731 accusatoribus
432 1698 675 1739 praevaricatione
706 1698 892 1734 infamibus3
938 1697 1077 1737 flagitan-

185 1750 216 1774 te
230 1743 318 1784 plebe
336 1741 451 1781 judicia
473 1741 618 1782 equestris
640 1741 764 1779 ordinis,
781 1752 862 1782 quae,
890 1740 985 1770 ferme
1007 1746 1077 1770 ante

186 1796 281 1818 annos
296 1784 341 1824 X,
356 1784 450 1817 victor
466 1784 552 1816 Sulla
561 1784 743 1822 sustuleram
768 1790 964 1826 cognoscente
975 1783 1013 1813 de
1023 1793 1077 1825 pe-
