1181 1902
265 60 316 92 IN
340 60 536 93 VERREM
560 60 608 92 ΙΙ.
632 59 717 92 CAP.
736 60 789 91 38.
915 59 977 90 189

82 144 236 184 quomodo
257 146 456 188 Chrysogono
477 157 609 188 expensa
628 147 691 178 lata
705 147 786 183 sint3
809 155 863 176 cur
876 144 909 176 id
923 154 980 175 no-

82 196 153 217 men
179 188 333 228 infimum,
362 191 393 220 in
419 190 575 231 lituraque·
598 191 649 229 sit,
678 200 731 220 vos
757 187 978 220 existimabitis.

82 229 203 261 Tamen
227 232 283 264 HS
305 239 446 264 sexcenta
465 233 563 263 millia
583 244 652 264 cum
675 238 797 273 accepta
816 231 978 270 retulisset,

82 272 139 302 HS
155 275 292 316 quinque
306 276 404 306 millia
418 277 517 307 soluta
531 287 592 306 non
612 282 691 306 sunt-
717 275 880 313 Homines,
896 279 980 315 post-

82 325 212 356 eaquam
228 329 295 349 reus
310 319 407 349 factus
423 326 478 356 est,
502 319 553 349 alii
576 319 696 356 redditi,
720 319 772 348 alii
788 318 880 348 etiam
896 327 978 347 nunc

81 359 268 398 retinentur;
293 363 412 403 peculia
426 362 576 400 omnium,
594 362 769 402 vicariique,
786 361 963 391 retinentur.

124 402 306 435 XXXVII.
332 405 409 436 Haec
433 412 476 436 est
500 405 586 436 istius
612 405 756 447 praeclara
776 404 881 434 tutela.
913 403 978 441 En,

81 445 130 474 cui
151 452 218 477 tuos
238 448 347 478 liberos
369 449 541 479 committas
555 449 562 478 !
588 459 625 479 en
641 447 788 478 memoria
803 446 916 477 mortui
932 456 980 476 so-

81 487 178 519 dalis!
203 500 240 520 en
260 497 361 522 metus
381 491 520 522 vivorum
541 490 792 522 existimationis!
819 490 901 520 Cum
921 488 978 519 tibi

81 541 113 560 se
136 538 198 562 tota
222 533 300 564 Asia
323 534 513 575 spoliandam
535 545 570 565 ac
594 533 765 565 vexandam
786 532 976 568 tradidisset;

81 583 151 604 curn
167 576 223 606 tibi
239 578 374 618 exposita
389 584 465 608 esset
485 578 585 608 omnis
607 577 646 607 ad
666 575 867 618 praedandum
884 575 979 604 Pam-

80 616 206 658 phylia3
231 626 389 651 contentus
408 621 456 651 his
471 626 535 651 tam
551 620 661 661 opimis
676 621 766 650 rebus
786 629 847 649 non
866 618 977 648 fuisti?

80 659 197 692 Manus
213 672 230 691 a
245 663 352 701 tutela,
376 673 486 694 manus
507 675 525 694 a
544 664 675 704 pupillo,
698 672 809 692 manus
829 672 847 692 a
868 660 979 691 sodalis

79 702 154 741 filio,
170 705 319 737 abstinere
333 716 394 736 non
410 707 560 747 potuisti?
583 707 659 736 Jam
671 712 701 736 te
716 715 776 736 non
793 704 899 741 Siculi,
916 713 978 734 non

79 752 210 778 aratores
227 752 274 782 (ut
286 749 431 787 dictitas),
445 749 708 785 circumveniunt;
734 759 795 778 non
805 748 849 785 hi,
867 747 921 788 qui
930 746 983 777 de-

79 789 165 820 cretis
181 791 346 833 edictisque
367 792 427 823 tuis
448 793 480 822 in
502 800 531 823 te
552 793 692 823 concitati
707 791 869 832 infestique
884 795 975 821 sunt:

79 830 246 866 Malleolus
267 845 285 865 a
304 845 354 865 me
375 835 539 876 productus
561 842 615 873 est,
639 842 670 866 et
687 841 785 865 mater
805 835 871 873 ejus
886 839 979 874 atque

78 875 158 911 avia,
188 888 258 917 quae
290 878 418 915 miserae,
443 878 559 915 flentes,
583 888 721 909 eversum
748 888 766 907 a
791 883 821 907 te
846 886 978 918 puerum

78 919 183 958 patriis
195 920 282 951 bonis
297 931 360 952 esse
375 921 527 952 dixerunt.
552 921 638 959 Quid
651 926 804 962 exspectas
815 922 829 950 ἶ)
847 930 885 950 an
901 919 978 950 dum

79 962 118 991 ab
133 961 236 995 inferis
251 963 303 994 ille
319 964 486 995 Malleolus
502 965 636 1003 exsistat,
659 970 752 1005 atque
768 965 821 993 abs
836 969 866 993 te
881 962 980 993 officia

78 1005 193 1044 tutelae,
210 1007 386 1045 sodalitatis,
400 1007 686 1049 familiaritatisque,
702 1007 842 1047 flagitet?
868 1006 978 1046 Ipsum

78 1054 186 1087 putato
197 1049 309 1080 adesse.
327 1050 433 1081 Homo
443 1051 617 1082 avarissime
629 1057 658 1081 et
670 1049 872 1091 spurcissime,
885 1048 978 1079 redde

78 1091 159 1122 bona
174 1092 283 1123 sodalis
298 1092 381 1130 fili03
399 1093 423 1124 si
439 1104 499 1124 non
515 1105 585 1134 quae
600 1093 762 1130 abstulisti,
775 1098 806 1123 at
821 1103 890 1133 quae
905 1101 977 1122 con-

77 1133 174 1165 fessus
189 1145 229 1165 es.
267 1135 332 1166 Cur
347 1137 428 1177 cogis
451 1137 561 1167 sodalis
581 1137 680 1167 filium
702 1136 781 1166 hanc
796 1136 929 1176 primam
943 1135 977 1165 in

77 1176 144 1207 foro
159 1188 263 1208 vocem
279 1189 350 1209 cum
366 1179 468 1210 dolore
485 1187 514 1210 et
529 1179 720 1221 querimonia
738 1179 899 1209 emittere?
924 1188 977 1208 cur

78 1220 189 1250 sodalis
204 1232 343 1261 uxorem,
368 1223 478 1253 sodalis
493 1234 624 1261 socrum,
641 1223 769 1253 domum
785 1221 916 1262 denique
931 1226 978 1251 to-

78 1267 142 1293 tam
163 1264 273 1295 sodalis
296 1266 421 1304 mortui,
445 1272 549 1296 contra
569 1272 598 1296 te
621 1265 831 1296 testimonium
852 1264 975 1294 dicere?

79 1305 144 1336 Cur
158 1307 392 1347 pudentissimas
407 1309 645 1350 lectissimasque
659 1308 789 1341 feminas
803 1308 835 1337 in
855 1313 977 1337 tantum

77 1348 211 1379 virorum
225 1357 420 1389 conventum,
444 1352 580 1383 insolitas
594 1352 777 1392 invitasque,
793 1349 913 1392 prodire
928 1359 977 1380 co-

77 1392 124 1432 gis
135 1394 149 1423 ?
173 1393 281 1424 Recita
296 1395 436 1425 omnium
452 1395 633 1425 testimonia.

259 1438 500 1471 (Testimonium
520 1440 629 1472 matris
643 1441 672 1468 et
687 1439 792 1475 avice.)

120 1477 322 1511 XXXVIII.
341 1481 402 1511 Pro
419 1488 566 1521 quaestore
578 1491 647 1512 vero
659 1480 813 1522 quomodo
824 1479 880 1510 iste
892 1489 975 1510 com-

77 1531 173 1552 mune
193 1523 371 1563 Milyadum
393 1524 521 1561 vexarit,
544 1524 697 1565 quomodo
719 1523 860 1563 Lyciam,
881 1522 975 1552 Pam-

77 1564 227 1605 phyliam,
252 1566 412 1604 Pisidiam,
438 1567 668 1607 Phrygiamque
690 1572 798 1603 totam,
820 1565 975 1595 frumento

78 1607 268 1648 imperando,
285 1609 474 1648 aestimando,
491 1610 547 1640 hac
563 1611 618 1640 sua
634 1613 742 1651 (quam
759 1616 825 1639 tum
837 1608 975 1649 primum

78 1651 272 1690 excogitavit)
288 1652 438 1683 Siciliensi
452 1653 651 1683 aestimatione
671 1652 824 1687 afflixerit,
848 1660 909 1681 non
930 1657 975 1681 est

77 1702 197 1724 necesse
211 1694 418 1726 demonstrare
433 1696 541 1726 verbis.
580 1696 650 1726 Hoc
664 1695 787 1726 scitote:
812 1693 859 1724 his
874 1693 974 1724 nomi-

77 1735 179 1775 nibus,
204 1739 287 1779 (quae
301 1748 348 1770 res
362 1749 417 1781 per
432 1749 503 1770 eum
523 1745 616 1780 gestae
630 1744 714 1777 sunt,
737 1748 809 1769 cum
826 1737 882 1769 iste
902 1736 976 1768 civi-
