1181 1902
220 93 270 124 IN
297 93 491 125 VERREM
518 93 583 124 ΙΙΙ.
609 94 693 124 cir.
709 95 740 123 3.
860 94 922 128 :217

24 178 99 215 iem,
127 178 374 221 fructuosamque
395 180 596 221 provinciam,
618 190 680 221 quo
704 179 792 210 facile
812 189 918 210 excur-

26 228 104 258 rant,
121 222 175 252 ubi
188 223 317 254 libenter
327 224 484 264 negotium
496 229 602 263 gerant
615 234 624 259 ;
648 233 724 264 quos
736 223 789 253 ina
803 222 915 263 partim

32 264 181 296 mercibus
203 266 429 306 suppeditandis
450 276 520 296 cum
541 272 658 306 quaestu
680 265 919 306 compendioque

27 306 164 344 dimittit,
181 309 292 349 partim
307 309 426 346 retinet,
443 315 477 338 ut
495 319 589 346 arare,
603 314 638 338 ut
649 319 780 349 pascere,
797 314 831 338 ut
846 318 920 349 neg-

31 350 118 380 otiari
142 351 254 388 libeat,
278 357 313 382 ut
328 351 458 393 denique
475 351 557 381 sedes
572 362 607 381 ac
622 351 810 381 domicilium
827 352 918 382 collo-

28 402 94 423 care
106 405 114 423 :
139 395 221 435 quod
231 395 426 425 commodum
436 405 496 425 non
507 394 656 424 mediocre
666 394 772 435 populi
783 395 918 424 Romani

27 442 91 471 est3
126 443 245 468 tantum
271 438 384 467 civium
411 439 623 468 Romanorum
649 447 824 473 numerum,
853 445 917 467 tam

28 489 122 520 prope
137 481 175 510 ab
191 480 292 517 domo,
309 486 372 510 tam
387 481 475 511 bonis
490 480 712 521 fructuosisque
732 481 821 510 rebus
839 479 916 510 deti-

28 523 101 552 neri.
125 522 178 560 Et,
193 523 337 564 quoniam
350 524 436 564 quasi
452 523 592 564 quaedam
607 523 722 564 praedia
736 523 843 564 populi
854 524 917 553 Ro-

28 566 112 595 mani
126 572 198 596 sunt
212 566 370 606 vectigalia
381 573 483 596 nostra
497 572 589 606 atque
604 566 784 607 provinciae3
809 576 917 606 quem-

25 607 192 639 admodum
208 609 386 650 propinquis
398 620 450 639 vos
462 610 566 639 vestris
581 609 701 650 praediis
716 609 850 639 maxime
865 609 918 638 de-

24 650 189 689 lectamini,
207 652 248 682 sic
262 653 377 692 populo
393 653 534 682 Romano
552 652 689 691 jucunda
704 651 917 682 suburbanitas

25 700 70 724 est
84 694 210 734 hujusce
225 695 396 735 provinciae.

67 737 142 767 Jam
158 748 227 768 vero
248 738 410 768 hominum
430 738 578 778 ipsorum,
596 739 724 777 judices,
744 749 779 769 ea
799 738 916 779 patien-

27 779 80 815 tia,
97 781 202 817 virtus,
218 780 440 822 frugalitasque
455 787 509 817 est,
527 787 561 811 ut
575 782 714 822 proxime
729 781 767 812 ad
782 787 917 812 nostram

25 822 217 864 disciplinam
232 824 318 854 illam
334 830 476 861 veterem,
499 834 559 854 non
581 824 620 854 ad
639 825 728 861 hanc,
745 835 815 865 quae
834 834 917 855 nunc

24 866 183 903 increbuit,
196 867 356 897 videantur
365 867 511 897 accedere.
531 867 620 897 Nihil
631 874 807 898 caeterorum
817 867 917 898 simile

26 911 220 940 Graecorum:
237 911 324 940 nulla
332 910 457 947 desidia,
469 911 554 940 nulla
563 911 686 940 luxuria
697 922 706 947 ;
720 916 824 941 contra
833 921 917 940 sum-

23 962 93 982 mus
108 953 193 983 labor
208 953 240 983 in
255 953 384 994 publicis
399 953 584 994 privatisque
596 955 696 991 rebus,
710 964 831 984 summa
846 964 916 994 par-

22 995 165 1033 cimonia,
178 1006 300 1026 summa
310 996 475 1037 diligentia.
493 997 543 1027 Sic
554 1007 642 1037 porro
652 1003 767 1027 nostros
777 997 915 1027 homines

21 1038 207 1079 diligunt,ut
216 1039 263 1069 his
282 1040 351 1069 solis
366 1049 465 1080 neque
476 1039 656 1080 publicanus
672 1050 771 1080 neque
781 1040 916 1080 negotia-

22 1088 69 1111 tor
84 1082 152 1112 odio
164 1082 211 1113 sit.
236 1082 477 1122 Magistratuum
489 1088 592 1112 autem
605 1089 776 1113 nostrorum
788 1082 915 1122 injurias

22 1125 65 1154 ita
79 1126 249 1156 multorum
265 1126 410 1163 tulerunt,
433 1132 468 1156 ut
483 1135 655 1166 nunquam,
676 1132 746 1156 ante
766 1126 823 1156 hoc
839 1132 915 1156 tem-

22 1178 91 1208 pus,
107 1168 146 1198 ad
161 1179 245 1199 aram
257 1169 372 1209 legum,
386 1168 623 1210 praesidiumque
634 1176 778 1206 vestrum,
792 1169 915 1209 publico

20 1211 144 1241 consilio
160 1211 371 1252 confugerint:
396 1212 515 1242 tametsi
531 1218 560 1242 et
574 1212 663 1242 illum
679 1222 796 1242 annum
811 1218 915 1253 pertu-

21 1254 129 1291 lerant,
142 1255 196 1296 qui
212 1255 252 1285 sic
265 1265 314 1285 eos
326 1254 486 1291 afflixerat,
497 1262 532 1285 ut
547 1255 621 1285 salvi
633 1266 695 1286 esse
707 1265 768 1286 non
780 1261 913 1296 possent,

21 1298 80 1328 nisi
95 1298 130 1328 C.
154 1298 320 1328 Marcellus
336 1298 423 1339 quasi
443 1298 546 1339 aliquo
567 1298 630 1328 fato
652 1298 791 1335 venisset,
813 1304 847 1328 ut
867 1299 914 1329 bis

22 1351 60 1371 ex
90 1340 195 1371 eadem
225 1341 343 1371 familia
370 1341 450 1372 salus
477 1341 588 1372 Siciliae
614 1342 855 1379 constitueretur,
883 1352 913 1372 er.

22 1391 126 1424 postea
141 1384 190 1414 M.
212 1384 344 1415 Antonii
358 1384 514 1415 infinitum
535 1385 613 1414 illud
633 1385 796 1426 imperium
813 1395 914 1415 sense-

21 1433 99 1457 rant.
133 1427 182 1458 Sic
198 1438 216 1457 a
230 1427 397 1467 majoribus
413 1428 474 1458 suis
494 1434 681 1468 acceperant,
703 1434 787 1458 tanta
806 1428 914 1468 populi

21 1470 157 1500 Romani
174 1470 206 1500 in
227 1471 344 1502 Siculos
359 1481 421 1501 esse
441 1471 597 1508 beneficia,
619 1477 654 1501 ut
674 1471 765 1502 etiam
786 1471 913 1510 injurias

22 1520 194 1544 nostrorum
210 1514 372 1544 hominum
387 1514 578 1555 perferendas
593 1520 743 1554 putarent.
768 1514 806 1544 In
819 1514 917 1544 nemi-

21 1566 94 1587 nem
109 1557 254 1593 civitates,
271 1563 341 1587 ante
356 1557 449 1595 hunc,
467 1558 674 1588 testimonium
692 1557 813 1598 publice
828 1557 914 1587 dixe-

21 1606 102 1630 runt.
138 1600 233 1630 Hunc
248 1600 379 1641 denique
399 1601 500 1641 ipsum
516 1601 720 1641 pertulissent,
738 1600 762 1630 si
777 1601 914 1631 humano

22 1643 125 1680 modo,
143 1643 167 1673 si
183 1643 293 1674 usitato
307 1653 402 1681 more,
420 1644 444 1674 si
459 1643 590 1684 denique
609 1654 671 1674 uno
691 1644 794 1684 aliquo
809 1644 840 1673 in
861 1654 914 1684 ge-

18 1695 101 1723 nere,
117 1686 273 1727 peccasset.
298 1687 368 1724 Sed,
382 1697 452 1717 cum
465 1687 595 1727 perferre
610 1697 669 1717 non
683 1693 803 1728 possent
817 1687 912 1717 luxu-

18 1729 106 1767 riem,
123 1729 342 1767 crudelitatem,
359 1730 527 1765 avaritiam,
544 1731 738 1771 superbiam,
763 1740 833 1760 cum
844 1740 911 1760 om-

18 1772 69 1802 nia
84 1783 139 1802 sua
153 1773 324 1810 commoda,
337 1774 418 1814 jura,
438 1773 582 1804 beneficia
602 1776 722 1805 senatus
742 1774 910 1816 populique

63 1816 184 1853 (Orat.)
202 1825 285 1847 vox..
305 1826 328 1847 1.
628 1826 649 1848 U
