1181 1902
151 175 242 207 PRO
265 174 431 208 ROSCIO
454 174 687 208 AMERINO.
711 173 795 205 Cu.
812 173 864 203 28.
909 172 948 202 61

64 260 128 292 haec
145 262 265 298 rustica,
288 273 381 303 quam
402 268 436 293 tu
459 268 607 303 agrestem
628 271 726 295 vocas,
746 258 953 301 parcimoniae,

64 304 238 344 diligentiae,
255 307 392 345 justitia),
409 307 553 346 magistra
568 311 620 335 est.
649 305 767 335 Verum
782 303 847 333 haec
861 302 954 332 missa

62 347 147 377 facio.

107 390 273 421 XXVIII.
307 392 392 422 Illud
416 402 536 433 quaero:
570 392 594 422 is
612 391 715 427 homo,
742 390 795 430 qui
819 392 867 422 (ut
889 393 956 418 tute

64 432 150 469 dicis)
166 443 325 475 nunquam
349 435 426 465 inter
447 435 584 465 homines
607 434 708 469 fuerit,
731 444 783 473 per
806 442 882 472 quos
900 431 955 460 ho-

65 476 161 506 mines
170 477 226 507 hoc
239 484 357 507 tantum
368 478 495 515 facinus,
510 485 572 508 tam
583 477 747 512 occultum,
761 477 867 505 absens
876 485 954 514 prae-

64 520 176 556 sertim,
191 521 333 551 conficere
343 521 496 561 potuerit?
514 521 619 551 Multa
634 527 703 550 sunt
719 519 806 555 falsa,
820 518 952 557 judices,

64 573 132 602 quae
147 569 249 593 tamen
265 565 351 604 argui
367 565 527 605 suspiciose
542 573 677 604 possunt.
707 563 743 592 In
760 562 807 591 his
823 562 911 590 rebus
927 560 953 590 si

63 606 191 646 suspicio
203 614 318 647 reperta
331 608 397 643 erit,
409 608 529 648 culpam
546 608 641 637 inesse
651 605 822 636 concedam.
843 604 953 633 Romae

63 650 132 679 Sex.
150 649 277 680 Roscius
295 650 451 687 occiditur,
473 661 543 681 cum
559 651 590 680 in
614 660 686 690 agro
706 648 856 679 Amerino
877 651 955 676 esset

62 691 150 721 filius.
175 691 292 723 Literas
309 694 422 730 (credo)
439 694 521 724 misit
536 693 627 723 alicui
639 692 755 729 sicario,
772 691 826 731 qui
842 690 952 719 Romae

61 741 183 765 noverat
202 737 365 767 neminem.
397 737 562 767 Arcessivit
578 736 730 776 aliquem:
756 741 787 764 at
803 732 925 774 quando
937 734 951 762 ,²

62 777 218 808 Nuntium
230 779 312 809 misit
324 791 331 809 :
358 790 449 820 quem
463 782 476 810 ἒ
500 786 553 810 aut
563 780 601 809 ad
613 789 704 820 quem
717 780 730 809 Ρ
755 777 868 813 Pretio,
882 786 951 816 gra-

62 821 115 857 tia,
132 832 194 862 spe,
216 823 381 862 promissis,
404 823 525 853 induxit
545 823 706 863 aliquem?
731 820 820 851 Nihil
839 819 951 849 horum

60 873 98 894 ne
119 865 250 905 confingi
266 866 389 907 quidem
405 872 522 907 potest3
548 872 577 896 et
593 872 694 896 tamen
713 874 803 895 causa
823 863 860 893 de
882 872 952 903 par-

60 907 163 937 ricidio
178 908 296 939 dicitur.

106 951 275 992 Reliquum
291 959 345 990 est,
363 959 397 983 ut
412 963 465 994 per
481 963 580 984 servos
595 952 627 982 id
642 951 805 982 admiserit.
844 948 874 979 O
896 947 952 977 Dii

62 993 247 1025 immortales
261 996 267 1025 Ξ
294 1007 357 1026 rem
373 997 515 1027 miseram
531 1003 559 1026 et
575 996 781 1026 calamitosam
796 993 804 1023 Σ
844 991 950 1030 Quod,

61 1036 91 1066 in
109 1037 162 1066 tali
185 1039 321 1076 crimine,
338 1040 490 1070 innocenti
506 1039 595 1070 saluti
611 1039 685 1069 solet
707 1049 779 1075 esse,
797 1042 831 1066 ut
853 1044 953 1066 servos

61 1079 91 1109 in
108 1082 305 1120 quaestionem
321 1083 509 1123 polliceatur,
523 1083 553 1112 id
567 1084 636 1113 Sex.
655 1081 765 1112 Roscio
780 1081 876 1110 facere
891 1087 952 1107 non

60 1123 139 1153 licet.
165 1123 240 1161 Vos,
255 1126 307 1166 qui
319 1126 400 1156 hunc
417 1126 572 1163 accusatis,
589 1135 693 1155 omnes
709 1126 773 1164 ejus
786 1132 883 1153 servos
898 1121 953 1150 ha-

61 1166 147 1196 betis.
182 1167 270 1198 Unus
297 1180 382 1209 puer,
407 1170 502 1199 victus
526 1169 695 1209 quotidiani
717 1166 902 1202 administer,
914 1173 953 1194 ex

60 1210 145 1239 tanta
157 1210 273 1241 familia
295 1214 364 1242 Sex.
382 1213 492 1243 Roscio
508 1213 628 1242 relictus
644 1221 704 1242 non
721 1218 773 1241 est.
808 1209 856 1239 Te
871 1216 953 1237 nunc

60 1253 190 1293 appello.
207 1254 241 1283 P·
254 1255 364 1296 ScipiO,
380 1262 418 1292 te,
431 1256 557 1286 Metelle
571 1256 577 1284 !
596 1255 681 1285 vobis
691 1253 853 1289 advocatis,
867 1249 953 1280 vobis

61 1296 229 1335 agentibus,
240 1298 399 1339 aliquoties
411 1299 486 1329 duos
496 1309 594 1329 servos
609 1305 748 1339 paternos
764 1297 795 1326 in
812 1293 953 1341 quaestio-

60 1348 130 1368 nem
152 1341 190 1370 ab
208 1341 383 1372 adversariis
399 1343 468 1373 Sex.
487 1342 615 1372 Roscius
636 1340 808 1382 postulavit.
833 1338 951 1384 Menut

61 1381 170 1412 nistine
186 1390 226 1421 te,
247 1385 286 1414 Τ.
305 1385 408 1422 Rosci,
432 1387 594 1416 recusare?
619 1384 731 1423 Quid?
754 1383 776 1413 ii
798 1380 874 1412 servi
896 1380 951 1409 ubl

60 1427 155 1456 sunt?
180 1426 426 1469 Chrysogonum,
440 1429 567 1468 judices,
587 1434 756 1458 sectantur:
781 1423 864 1466 apud
879 1432 951 1471 euru

60 1475 129 1498 sunt
144 1469 175 1499 in
191 1470 304 1501 honore
320 1478 349 1502 et
369 1472 401 1502 in
423 1472 528 1513 pretio.
566 1472 671 1502 Etiam
690 1480 783 1505 nunc,
800 1474 834 1498 ut
849 1477 886 1497 ex
902 1465 950 1495 his

61 1518 224 1551 quaeratur‚
256 1525 311 1555 ego
340 1516 460 1556 postulo
473 1527 482 1552 3
516 1515 564 1546 hic
593 1521 658 1545 orat
689 1521 780 1555 atque
805 1513 949 1542 obsecrat.

62 1555 146 1592 Quid
162 1555 258 1587 facitis
272 1559 286 1588 ἓ
310 1568 363 1588 cur
374 1559 515 1589 recusatis
529 1560 542 1589 ,⁹

106 1597 253 1630 Dubitate
279 1601 369 1631 etiam
393 1612 486 1640 nunc,
500 1602 628 1641 judices,
645 1601 670 1632 si
691 1599 825 1642 potestis,
847 1609 865 1628 a
887 1606 949 1637 quo

61 1640 99 1671 sit
110 1642 180 1672 Sex.
194 1643 323 1674 Roscius
337 1645 450 1675 occisus
463 1657 471 1675 ε
497 1647 535 1675 ab
552 1655 635 1683 eone,
650 1645 714 1686 qui,
731 1648 852 1685 propter
867 1640 951 1670 iuius

61 1691 200 1722 mortem,
218 1686 249 1716 in
265 1695 395 1727 eg'cntate
411 1695 440 1718 et
454 1688 570 1719 insidiis
586 1695 730 1724 versatur,
747 1686 796 1717 cui
811 1695 848 1715 ne
867 1694 952 1724 quae-

60 1727 144 1757 rendi
175 1729 299 1770 quidem
327 1731 365 1762 de
394 1738 491 1762 morte
520 1732 613 1772 patris
642 1737 772 1772 potestas
802 1726 952 1774 permitti-

60 1773 130 1806 ῒατς
154 1781 193 1802 an
208 1774 246 1803 ab
262 1773 309 1811 iis,
321 1775 375 1815 qui
390 1775 586 1816 quaestionem
603 1774 747 1815 fugitant,
763 1774 842 1803 bona
857 1780 953 1811 posm-

62 1811 144 1851 dent‚
161 1814 192 1845 in
203 1816 283 1847 caede
298 1824 389 1858 atque
405 1829 442 1848 ex
452 1818 532 1849 caede
544 1818 659 1848 vivunt.
684 1816 811 1852 Omnia,
822 1813 952 1854 judices,

63 1856 93 1887 in
114 1857 170 1889 hac
184 1859 275 1890 caus-52
290 1867 361 1891 sunt
376 1861 486 1893 misera
501 1867 592 1902 atque
606 1860 733 1900 indigna
746 1871 754 1890 :
778 1865 882 1890 tamen
896 1856 955 1886 hoc
