1181 1902
269 118 333 148 304
442 117 493 149 IN
517 118 715 150 VERREM
740 118 799 151 IV.
824 119 907 150 CAP.
927 120 978 151 16.

269 203 457 235 vendidisti?
481 211 514 235 tu
538 211 637 246 partes
653 217 713 243 eas,
735 217 809 247 quas
825 212 854 236 te
869 211 989 236 senatus
1008 203 1156 245 populus-

268 257 328 287 que
344 247 502 278 Romanus
518 249 624 286 voluit,
638 260 676 279 an
691 249 807 279 fructus
821 249 962 289 integros,
979 254 1069 288 atque
1080 246 1155 277 adeo

268 290 348 319 bona
372 290 567 331 fortunasque
593 298 747 322 aratorum
769 303 884 329 omnes,
910 291 1096 322 vendidisti?
1120 289 1154 320 Si

269 333 371 372 palam
396 344 492 374 praeco
513 335 601 373 jussu
625 342 678 365 tuo
701 335 901 376 praedicasset,
928 344 988 364 non
1011 333 1154 363 decumas

267 375 425 413 frumenti,
443 377 493 406 sed
513 377 653 407 dimidias
669 378 769 407 venire
787 384 896 418 partes,
913 383 942 407 et
961 377 1003 406 ita
1025 382 1154 406 emtores

267 419 467 456 accessissent,
484 426 518 449 ut
538 420 577 450 ad
591 420 730 451 dimidias
745 428 843 461 partes
859 419 1019 453 emendas3
1044 419 1068 448 si
1083 418 1154 459 plu-

266 461 306 490 ris
330 462 512 493 vendidisses
533 469 566 493 tu
592 463 743 501 dimidias,
766 474 859 504 quam
879 463 976 493 caeteri
996 462 1150 497 decumas,

266 504 386 534 cuinam
404 506 517 535 mirum
533 506 708 537 videretur?
733 506 818 544 Quid
834 516 914 543 ver0,
936 506 960 535 si
979 515 1076 545 praeco
1099 504 1153 534 de-

266 557 370 577 cumas
385 549 610 588 pronuntiavit;
635 560 666 579 re
690 550 770 586 verit,
793 550 850 579 hoc
870 555 924 585 est,
942 549 1020 588 lege,
1042 547 1150 583 edicto,

266 590 446 627 conditione,
473 592 541 632 plus
567 593 670 629 etiam,
691 603 785 633 quam
809 592 943 621 dimidiae
966 590 1150 621 venierunt?

265 638 367 663 tamen
391 633 448 664 hoc
469 635 523 664 tibi
539 636 716 675 praeclarum
734 635 866 675 putabis,
887 641 916 664 te
938 634 1045 674 pluris,
1067 632 1151 674 quod

265 685 325 705 non
342 676 461 715 licebat,
486 688 578 718 quam
602 685 733 717 caeteros,
756 678 838 719 quod
860 678 1027 718 oportebat,
1047 675 1153 706 vendi-

265 718 342 748 disse
357 721 369 749 ἓ

307 762 409 793 Pluris
424 763 546 793 vendidi
561 764 714 801 decumas,
731 775 824 805 quam
840 763 946 794 caeteri.
970 763 1093 801 Quibus
1104 771 1153 791 re-

262 805 320 835 bus
344 805 374 834 id
399 813 550 836 assecutus
577 809 634 837 es?
670 807 869 837 Innocentiii?
894 806 1028 847 Adspice
1054 804 1150 835 aedem

262 848 413 878 Castoris:
438 849 558 887 deinde,
575 850 598 880 si
614 850 717 886 audes,
739 850 787 880 fac
801 849 986 880 mentionem
1007 849 1151 878 innocen-

262 890 320 920 tiae.
345 891 541 931 Diligentia?
565 893 673 922 codicis
697 893 803 922 lituras
828 892 874 922 tui
893 892 1096 932 contemplare
1116 890 1149 920 in

261 934 379 963 Sthenii
399 935 592 965 Thermitani
613 936 754 966 nomine:
779 935 887 965 deinde
907 934 985 965 aude
1005 940 1034 964 te
1051 933 1149 963 dicere

260 976 446 1016 diligentem.
478 978 631 1018 Ingenio?
655 979 708 1019 qui
734 984 822 1008 testes
845 977 1021 1017 interrogari
1050 976 1149 1017 priore

259 1020 376 1049 actione
392 1020 533 1057 nolueris,
551 1027 579 1050 et
594 1021 629 1051 iis
645 1021 770 1051 tacitum
786 1032 817 1051 os
833 1027 921 1051 tuum
933 1021 1066 1061 praebere
1081 1029 1147 1048 maa

258 1062 361 1098 lueris,
378 1064 574 1103 quantumvis
595 1070 623 1094 et
639 1071 667 1094 te
688 1070 716 1094 et
736 1070 877 1104 patronos
895 1070 961 1093 tuos
977 1062 1146 1103 ingeniosos

259 1116 322 1135 esse
337 1105 436 1135 dicito.
461 1106 534 1143 Qua&
549 1117 580 1136 re
595 1107 687 1147 igitur
702 1107 744 1144 id,
758 1107 840 1147 quod
855 1107 909 1144 ais,
926 1111 1077 1136 assecutus
1089 1115 1119 1134 es
1130 1106 1144 1134 ?

258 1158 371 1189 magna
392 1155 435 1178 est
456 1150 537 1179 enim
558 1150 635 1187 laus,
657 1150 681 1179 si
702 1150 867 1190 superiores
888 1149 1010 1180 consilio
1034 1147 1141 1185 vicisti,

257 1192 470 1231 posterioribus
480 1194 655 1233 exemplum
668 1200 759 1234 atque
768 1193 975 1223 auctoritatem
986 1190 1143 1232 reliquisti.

258 1234 332 1264 'ribi
358 1235 482 1265 fortasse
506 1235 631 1265 idoneus
652 1236 710 1265 fuit
734 1246 834 1271 nemo,
855 1246 946 1276 quem
970 1235 1140 1264 imitarere:

257 1283 289 1307 at
315 1283 344 1307 te
370 1277 518 1315 videlicet,
549 1279 736 1309 inventorem
770 1289 871 1308 rerum
898 1278 1083 1318 optimarum
1109 1286 1144 1306 ac

257 1320 436 1360 principem,
452 1321 653 1351 imitabuntur
667 1331 780 1351 omnes.

300 1363 379 1400 Quis
395 1371 558 1402 aratorum,
576 1370 604 1394 te
620 1371 755 1405 praetore,
772 1364 932 1394 decumam
944 1363 1050 1394 dedit?
1074 1362 1144 1403 quis

256 1405 355 1435 duas?
379 1406 446 1447 quis
462 1417 521 1436 non
538 1408 673 1437 maximo
693 1418 724 1437 se
738 1407 879 1437 affectum
896 1406 1038 1437 beneficio
1053 1413 1143 1446 puta-

256 1449 310 1485 vit,
328 1459 398 1479 cum
409 1450 504 1479 tribus
513 1450 647 1480 decumis
659 1461 713 1490 pro
722 1451 785 1479 unit
799 1450 1023 1490 defungeretur,
1034 1454 1142 1489 praeter

256 1502 378 1532 paucos,
407 1492 470 1532 qui,
496 1499 617 1533 propter
640 1493 809 1523 societatem
829 1493 980 1522 furtorum
1005 1498 1139 1529 tuorum,

256 1535 334 1564 nihil
353 1535 477 1564 omnino
489 1535 659 1566 dederunt?
684 1536 773 1573 Vide,
790 1536 867 1565 inter
882 1534 1142 1576 importunitatem

256 1582 353 1614 tuam,
371 1580 549 1618 senatusque
564 1578 741 1615 bonitatem,
763 1579 837 1619 quid
852 1579 976 1608 intersit.
1000 1579 1140 1614 Senatus,

257 1630 327 1650 cum
344 1621 529 1660 temporibus
548 1621 719 1661 reipublicae
740 1622 867 1661 cogitur,
884 1627 919 1651 ut
937 1621 1086 1656 decernat,
1109 1625 1142 1649 ut

256 1663 357 1692 alterae
381 1663 517 1693 decumae
537 1664 708 1704 exigantur,
730 1664 772 1694 ita
792 1664 934 1699 decernit,
957 1670 992 1693 ut
1015 1662 1143 1703 pecunia

256 1716 311 1746 pro
327 1706 373 1735 his
388 1706 521 1736 decumis
538 1708 670 1737 solvatur
691 1707 876 1742 aratoribus3
902 1713 946 1741 ut,
970 1706 1050 1746 quod
1073 1705 1142 1746 plus

256 1749 387 1779 sumitur
402 1760 495 1789 quam
511 1749 647 1786 debetur,
665 1750 695 1779 id
712 1750 782 1785 emi,
799 1759 859 1779 non
875 1749 997 1785 auferri,
1008 1754 1141 1789 putetur.

256 1791 321 1829 Tu,
352 1802 423 1822 cum
451 1798 494 1822 tot
520 1792 663 1823 decumas
689 1802 750 1824 non
777 1792 1061 1830 senatus-consulto,
1091 1791 1144 1822 sed
