<?xml version="1.0" encoding="UTF-8"?>
<!DOCTYPE html PUBLIC "-//W3C//DTD XHTML 1.0 Transitional//EN"
    "http://www.w3.org/TR/xhtml1/DTD/xhtml1-transitional.dtd">
<html xmlns="http://www.w3.org/1999/xhtml" xml:lang="en" lang="en">
 <head>
  <title>
</title>
<meta http-equiv="Content-Type" content="text/html;charset=utf-8" />
  <meta name='ocr-system' content='tesseract 3.04.00' />
  <meta name='ocr-capabilities' content='ocr_page ocr_carea ocr_par ocr_line ocrx_word'/>
</head>
<body>
  <div class='ocr_page' id='page_1' title='image "./operaern05ciceuoft_0410.png"; bbox 0 0 1181 1902; ppageno 0'>
   <div class='ocr_carea' id='block_1_1' title="bbox 250 93 955 124">
    <p class='ocr_par' dir='ltr' id='par_1_1' title="bbox 250 93 955 124">
     <span class='ocr_line' id='line_1_1' title="bbox 250 93 955 124; baseline -0.001 -1"><span class='ocrx_word' id='word_1_1' title='bbox 250 94 314 124; x_wconf 81' lang='lat'>398</span> <span class='ocrx_word' id='word_1_2' title='bbox 440 93 489 123; x_wconf 89' lang='lat' dir='ltr'>IN</span> <span class='ocrx_word' id='word_1_3' title='bbox 516 93 713 124; x_wconf 80' lang='lat' dir='ltr'>VERREM</span> <span class='ocrx_word' id='word_1_4' title='bbox 739 93 779 123; x_wconf 87' lang='lat' dir='ltr'>V.</span> <span class='ocrx_word' id='word_1_5' title='bbox 803 93 886 124; x_wconf 73' lang='lat' dir='ltr'>CAP.</span> <span class='ocrx_word' id='word_1_6' title='bbox 908 94 955 124; x_wconf 81' lang='lat'>13.</span> 
     </span>
    </p>
   </div>
   <div class='ocr_carea' id='block_1_2' title="bbox 235 178 1142 1681">
    <p class='ocr_par' dir='ltr' id='par_1_2' title="bbox 249 178 1142 339">
     <span class='ocr_line' id='line_1_2' title="bbox 249 178 1141 220; baseline 0.001 -12"><span class='ocrx_word' id='word_1_7' title='bbox 249 178 329 218; x_wconf 76' lang='lat' dir='ltr'>gavi,</span> <span class='ocrx_word' id='word_1_8' title='bbox 352 179 594 219; x_wconf 74' lang='lat' dir='ltr'>pervenissentne</span> <span class='ocrx_word' id='word_1_9' title='bbox 615 179 841 219; x_wconf 87' lang='lat' dir='ltr'>Agrigentum.</span> <span class='ocrx_word' id='word_1_10' title='bbox 866 178 944 209; x_wconf 77' lang='lat' dir='ltr'>dixit</span> <span class='ocrx_word' id='word_1_11' title='bbox 964 179 1141 220; x_wconf 85' lang='lat' dir='ltr'>pervenisse.</span> 
     </span>
     <span class='ocr_line' id='line_1_3' title="bbox 252 221 1142 263; baseline 0.001 -12"><span class='ocrx_word' id='word_1_12' title='bbox 252 221 400 259; x_wconf 62' lang='lat' dir='ltr'>Quaesivi,</span> <span class='ocrx_word' id='word_1_13' title='bbox 427 231 467 252; x_wconf 85' lang='lat' dir='ltr'>an</span> <span class='ocrx_word' id='word_1_14' title='bbox 495 221 623 252; x_wconf 81' lang='lat' dir='ltr'>domum</span> <span class='ocrx_word' id='word_1_15' title='bbox 652 222 857 253; x_wconf 86' lang='lat' dir='ltr'>revertissent:</span> <span class='ocrx_word' id='word_1_16' title='bbox 893 231 951 263; x_wconf 54' lang='lat' dir='ltr'>neg&gt;</span> <span class='ocrx_word' id='word_1_17' title='bbox 941 223 1015 252; x_wconf 75' lang='lat' dir='ltr'>ravit</span> <span class='ocrx_word' id='word_1_18' title='bbox 1042 222 1142 252; x_wconf 87' lang='lat' dir='ltr'>adhuc</span> 
     </span>
     <span class='ocr_line' id='line_1_4' title="bbox 253 264 1141 306; baseline 0.001 -12"><span class='ocrx_word' id='word_1_19' title='bbox 253 264 419 294; x_wconf 79' lang='lat' dir='ltr'>revertisse.</span> <span class='ocrx_word' id='word_1_20' title='bbox 446 264 540 295; x_wconf 87' lang='lat' dir='ltr'>Risus</span> <span class='ocrx_word' id='word_1_21' title='bbox 559 265 678 306; x_wconf 89' lang='lat' dir='ltr'>populi</span> <span class='ocrx_word' id='word_1_22' title='bbox 699 270 792 306; x_wconf 88' lang='lat' dir='ltr'>atque</span> <span class='ocrx_word' id='word_1_23' title='bbox 811 264 1053 296; x_wconf 83' lang='lat' dir='ltr'>admurmuratio</span> <span class='ocrx_word' id='word_1_24' title='bbox 1074 275 1141 296; x_wconf 86' lang='lat' dir='ltr'>cm-</span> 
     </span>
     <span class='ocr_line' id='line_1_5' title="bbox 253 307 651 339; baseline 0.005 -2"><span class='ocrx_word' id='word_1_25' title='bbox 253 307 342 337; x_wconf 89' lang='lat' dir='ltr'>nium</span> <span class='ocrx_word' id='word_1_26' title='bbox 359 309 491 338; x_wconf 81' lang='lat' dir='ltr'>vestrum</span> <span class='ocrx_word' id='word_1_27' title='bbox 508 307 587 339; x_wconf 84' lang='lat' dir='ltr'>facta</span> <span class='ocrx_word' id='word_1_28' title='bbox 599 314 651 339; x_wconf 84' lang='lat' dir='ltr'>est.</span> 
     </span>
    </p>

    <p class='ocr_par' dir='ltr' id='par_1_3' title="bbox 244 350 1141 768">
     <span class='ocr_line' id='line_1_6' title="bbox 292 350 1141 390; baseline 0.001 -10"><span class='ocrx_word' id='word_1_29' title='bbox 292 350 357 380; x_wconf 80' lang='lat' dir='ltr'>Hic</span> <span class='ocrx_word' id='word_1_30' title='bbox 378 350 433 380; x_wconf 87' lang='lat' dir='ltr'>tibi</span> <span class='ocrx_word' id='word_1_31' title='bbox 454 350 485 380; x_wconf 89' lang='lat' dir='ltr'>in</span> <span class='ocrx_word' id='word_1_32' title='bbox 510 357 646 381; x_wconf 83' lang='lat' dir='ltr'>mentem</span> <span class='ocrx_word' id='word_1_33' title='bbox 672 361 732 381; x_wconf 91' lang='lat' dir='ltr'>non</span> <span class='ocrx_word' id='word_1_34' title='bbox 755 351 848 388; x_wconf 84' lang='lat' dir='ltr'>venit,</span> <span class='ocrx_word' id='word_1_35' title='bbox 873 352 991 390; x_wconf 87' lang='lat' dir='ltr'>jubere,</span> <span class='ocrx_word' id='word_1_36' title='bbox 1017 356 1052 382; x_wconf 85' lang='lat' dir='ltr'>ut</span> <span class='ocrx_word' id='word_1_37' title='bbox 1075 351 1141 381; x_wconf 84' lang='lat' dir='ltr'>haec</span> 
     </span>
     <span class='ocr_line' id='line_1_7' title="bbox 246 393 1139 434; baseline 0.001 -11"><span class='ocrx_word' id='word_1_38' title='bbox 246 403 369 434; x_wconf 85' lang='lat' dir='ltr'>quoque</span> <span class='ocrx_word' id='word_1_39' title='bbox 386 393 508 424; x_wconf 79' lang='lat' dir='ltr'>referret</span> <span class='ocrx_word' id='word_1_40' title='bbox 523 394 580 424; x_wconf 91' lang='lat' dir='ltr'>HS</span> <span class='ocrx_word' id='word_1_41' title='bbox 593 394 623 424; x_wconf 88' lang='lat' dir='ltr'>V</span> <span class='ocrx_word' id='word_1_42' title='bbox 627 394 643 424; x_wconf 89' lang='lat' dir='ltr'>I</span> <span class='ocrx_word' id='word_1_43' title='bbox 655 394 791 425; x_wconf 88' lang='lat' dir='ltr'>millibus</span> <span class='ocrx_word' id='word_1_44' title='bbox 803 394 835 424; x_wconf 92' lang='lat' dir='ltr'>D</span> <span class='ocrx_word' id='word_1_45' title='bbox 845 404 876 424; x_wconf 82' lang='lat' dir='ltr'>se</span> <span class='ocrx_word' id='word_1_46' title='bbox 885 395 939 425; x_wconf 87' lang='lat' dir='ltr'>tibi</span> <span class='ocrx_word' id='word_1_47' title='bbox 947 394 1113 425; x_wconf 90' lang='lat' dir='ltr'>vendidisse</span> <span class='ocrx_word' id='word_1_48' title='bbox 1124 396 1139 425; x_wconf 85' lang='lat'>?</span> 
     </span>
     <span class='ocr_line' id='line_1_8' title="bbox 247 436 1138 475; baseline 0.001 -9"><span class='ocrx_word' id='word_1_49' title='bbox 247 436 394 475; x_wconf 77' lang='lat' dir='ltr'>metuisti,</span> <span class='ocrx_word' id='word_1_50' title='bbox 417 446 455 466; x_wconf 91' lang='lat' dir='ltr'>ne</span> <span class='ocrx_word' id='word_1_51' title='bbox 478 448 518 467; x_wconf 85' lang='lat' dir='ltr'>aes</span> <span class='ocrx_word' id='word_1_52' title='bbox 541 437 676 467; x_wconf 88' lang='lat' dir='ltr'>alienum</span> <span class='ocrx_word' id='word_1_53' title='bbox 700 437 755 467; x_wconf 90' lang='lat' dir='ltr'>tibi</span> <span class='ocrx_word' id='word_1_54' title='bbox 778 444 930 474; x_wconf 84' lang='lat' dir='ltr'>cresceret,</span> <span class='ocrx_word' id='word_1_55' title='bbox 958 438 983 467; x_wconf 90' lang='lat' dir='ltr'>si</span> <span class='ocrx_word' id='word_1_56' title='bbox 1008 438 1064 468; x_wconf 89' lang='lat' dir='ltr'>HS</span> <span class='ocrx_word' id='word_1_57' title='bbox 1088 436 1138 467; x_wconf 87' lang='lat' dir='ltr'>VI</span> 
     </span>
     <span class='ocr_line' id='line_1_9' title="bbox 248 479 1136 521; baseline 0.001 -12"><span class='ocrx_word' id='word_1_58' title='bbox 248 479 387 509; x_wconf 89' lang='lat' dir='ltr'>millibus</span> <span class='ocrx_word' id='word_1_59' title='bbox 412 479 443 509; x_wconf 95' lang='lat' dir='ltr'>D</span> <span class='ocrx_word' id='word_1_60' title='bbox 469 479 524 510; x_wconf 89' lang='lat' dir='ltr'>tibi</span> <span class='ocrx_word' id='word_1_61' title='bbox 541 486 712 511; x_wconf 84' lang='lat' dir='ltr'>constarent</span> <span class='ocrx_word' id='word_1_62' title='bbox 730 491 775 517; x_wconf 91' lang='lat' dir='ltr'>ea,</span> <span class='ocrx_word' id='word_1_63' title='bbox 793 491 862 521; x_wconf 85' lang='lat' dir='ltr'>quae</span> <span class='ocrx_word' id='word_1_64' title='bbox 877 486 910 510; x_wconf 90' lang='lat' dir='ltr'>tu</span> <span class='ocrx_word' id='word_1_65' title='bbox 926 480 1014 510; x_wconf 85' lang='lat' dir='ltr'>facile</span> <span class='ocrx_word' id='word_1_66' title='bbox 1033 490 1136 521; x_wconf 88' lang='lat' dir='ltr'>posses</span> 
     </span>
     <span class='ocr_line' id='line_1_10' title="bbox 248 522 1137 560; baseline 0.001 -8"><span class='ocrx_word' id='word_1_67' title='bbox 248 522 377 552; x_wconf 86' lang='lat' dir='ltr'>vendere</span> <span class='ocrx_word' id='word_1_68' title='bbox 401 522 458 553; x_wconf 83' lang='lat' dir='ltr'>HS</span> <span class='ocrx_word' id='word_1_69' title='bbox 481 523 535 553; x_wconf 89' lang='lat' dir='ltr'>CC</span> <span class='ocrx_word' id='word_1_70' title='bbox 559 523 718 554; x_wconf 80' lang='lat' dir='ltr'>millibus?</span> <span class='ocrx_word' id='word_1_71' title='bbox 747 523 821 553; x_wconf 86' lang='lat' dir='ltr'><strong>Fuit</strong></span> <span class='ocrx_word' id='word_1_72' title='bbox 845 523 932 560; x_wconf 88' lang='lat' dir='ltr'>tanti,</span> <span class='ocrx_word' id='word_1_73' title='bbox 948 523 1137 553; x_wconf 83' lang='lat' dir='ltr'>mihicrede.</span> 
     </span>
     <span class='ocr_line' id='line_1_11' title="bbox 249 564 1139 607; baseline 0.002 -13"><span class='ocrx_word' id='word_1_74' title='bbox 249 564 398 603; x_wconf 84' lang='lat' dir='ltr'>Haberes,</span> <span class='ocrx_word' id='word_1_75' title='bbox 420 566 503 606; x_wconf 90' lang='lat' dir='ltr'>quod</span> <span class='ocrx_word' id='word_1_76' title='bbox 523 566 718 596; x_wconf 84' lang='lat' dir='ltr'>defenderes:</span> <span class='ocrx_word' id='word_1_77' title='bbox 751 576 841 596; x_wconf 86' lang='lat' dir='ltr'>nemo</span> <span class='ocrx_word' id='word_1_78' title='bbox 856 572 1013 607; x_wconf 80' lang='lat' dir='ltr'>quaereret,</span> <span class='ocrx_word' id='word_1_79' title='bbox 1031 565 1139 607; x_wconf 85' lang='lat' dir='ltr'>quanti</span> 
     </span>
     <span class='ocr_line' id='line_1_12' title="bbox 244 607 1137 650; baseline 0.001 -12"><span class='ocrx_word' id='word_1_80' title='bbox 244 607 298 638; x_wconf 84' lang='lat' dir='ltr'>illa</span> <span class='ocrx_word' id='word_1_81' title='bbox 313 618 359 638; x_wconf 88' lang='lat' dir='ltr'>res</span> <span class='ocrx_word' id='word_1_82' title='bbox 371 615 454 639; x_wconf 88' lang='lat' dir='ltr'>esset.</span> <span class='ocrx_word' id='word_1_83' title='bbox 477 609 511 639; x_wconf 90' lang='lat' dir='ltr'>Si</span> <span class='ocrx_word' id='word_1_84' title='bbox 525 609 616 639; x_wconf 90' lang='lat' dir='ltr'>modo</span> <span class='ocrx_word' id='word_1_85' title='bbox 628 615 657 639; x_wconf 90' lang='lat' dir='ltr'>te</span> <span class='ocrx_word' id='word_1_86' title='bbox 666 619 766 650; x_wconf 88' lang='lat' dir='ltr'>posses</span> <span class='ocrx_word' id='word_1_87' title='bbox 777 609 881 639; x_wconf 88' lang='lat' dir='ltr'>docere</span> <span class='ocrx_word' id='word_1_88' title='bbox 893 609 1020 645; x_wconf 77' lang='lat' dir='ltr'>emisse3</span> <span class='ocrx_word' id='word_1_89' title='bbox 1037 609 1137 647; x_wconf 85' lang='lat' dir='ltr'>facile,</span> 
     </span>
     <span class='ocr_line' id='line_1_13' title="bbox 247 650 1137 692; baseline 0.001 -11"><span class='ocrx_word' id='word_1_90' title='bbox 247 650 296 681; x_wconf 93' lang='lat' dir='ltr'>cui</span> <span class='ocrx_word' id='word_1_91' title='bbox 317 652 419 689; x_wconf 88' lang='lat' dir='ltr'>velles,</span> <span class='ocrx_word' id='word_1_92' title='bbox 436 657 522 682; x_wconf 88' lang='lat' dir='ltr'>tuam</span> <span class='ocrx_word' id='word_1_93' title='bbox 539 662 661 682; x_wconf 88' lang='lat' dir='ltr'>causam</span> <span class='ocrx_word' id='word_1_94' title='bbox 678 658 707 682; x_wconf 88' lang='lat' dir='ltr'>et</span> <span class='ocrx_word' id='word_1_95' title='bbox 727 652 841 682; x_wconf 86' lang='lat' dir='ltr'>factum</span> <span class='ocrx_word' id='word_1_96' title='bbox 857 653 1007 692; x_wconf 84' lang='lat' dir='ltr'>probares.</span> <span class='ocrx_word' id='word_1_97' title='bbox 1032 652 1137 689; x_wconf 89' lang='lat' dir='ltr'>Nunc,</span> 
     </span>
     <span class='ocr_line' id='line_1_14' title="bbox 244 693 1138 736; baseline 0.001 -12"><span class='ocrx_word' id='word_1_98' title='bbox 244 693 282 724; x_wconf 91' lang='lat' dir='ltr'>de</span> <span class='ocrx_word' id='word_1_99' title='bbox 304 694 543 736; x_wconf 84' lang='lat' dir='ltr'>peripetasmatis</span> <span class='ocrx_word' id='word_1_100' title='bbox 567 695 827 735; x_wconf 80' lang='lat' dir='ltr'>quemadmodum</span> <span class='ocrx_word' id='word_1_101' title='bbox 852 701 881 725; x_wconf 86' lang='lat' dir='ltr'>te</span> <span class='ocrx_word' id='word_1_102' title='bbox 901 695 1054 736; x_wconf 83' lang='lat' dir='ltr'>expedias,</span> <span class='ocrx_word' id='word_1_103' title='bbox 1076 704 1138 725; x_wconf 85' lang='lat' dir='ltr'>non</span> 
     </span>
     <span class='ocr_line' id='line_1_15' title="bbox 247 737 350 768; baseline 0.01 -1"><span class='ocrx_word' id='word_1_104' title='bbox 247 737 350 768; x_wconf 89' lang='lat' dir='ltr'>habes.</span> 
     </span>
    </p>

    <p class='ocr_par' dir='ltr' id='par_1_4' title="bbox 235 779 1138 1681">
     <span class='ocr_line' id='line_1_16' title="bbox 289 779 1138 821; baseline 0.001 -11"><span class='ocrx_word' id='word_1_105' title='bbox 289 779 399 818; x_wconf 81' lang='lat' dir='ltr'>Quid?</span> <span class='ocrx_word' id='word_1_106' title='bbox 433 790 452 810; x_wconf 90' lang='lat' dir='ltr'>a</span> <span class='ocrx_word' id='word_1_107' title='bbox 478 780 641 810; x_wconf 87' lang='lat' dir='ltr'>Philarcho</span> <span class='ocrx_word' id='word_1_108' title='bbox 667 780 879 821; x_wconf 84' lang='lat' dir='ltr'>Centuripino,</span> <span class='ocrx_word' id='word_1_109' title='bbox 906 780 1030 811; x_wconf 87' lang='lat' dir='ltr'>homine</span> <span class='ocrx_word' id='word_1_110' title='bbox 1053 780 1138 811; x_wconf 88' lang='lat' dir='ltr'>Iocu-</span> 
     </span>
     <span class='ocr_line' id='line_1_17' title="bbox 246 822 1137 864; baseline 0.001 -12"><span class='ocrx_word' id='word_1_111' title='bbox 246 823 327 864; x_wconf 88' lang='lat' dir='ltr'>plete</span> <span class='ocrx_word' id='word_1_112' title='bbox 345 834 380 853; x_wconf 88' lang='lat' dir='ltr'>ae</span> <span class='ocrx_word' id='word_1_113' title='bbox 403 822 510 860; x_wconf 89' lang='lat' dir='ltr'>nobili,</span> <span class='ocrx_word' id='word_1_114' title='bbox 541 822 680 863; x_wconf 84' lang='lat' dir='ltr'>phaleras</span> <span class='ocrx_word' id='word_1_115' title='bbox 710 823 913 864; x_wconf 87' lang='lat' dir='ltr'>pulcherrime</span> <span class='ocrx_word' id='word_1_116' title='bbox 935 823 1040 861; x_wconf 86' lang='lat' dir='ltr'>factas,</span> <span class='ocrx_word' id='word_1_117' title='bbox 1067 834 1137 864; x_wconf 89' lang='lat' dir='ltr'>quae</span> 
     </span>
     <span class='ocr_line' id='line_1_18' title="bbox 245 865 1135 906; baseline 0.001 -10"><span class='ocrx_word' id='word_1_118' title='bbox 245 866 323 906; x_wconf 80' lang='lat' dir='ltr'>regis</span> <span class='ocrx_word' id='word_1_119' title='bbox 340 866 484 896; x_wconf 88' lang='lat' dir='ltr'>Hieronis</span> <span class='ocrx_word' id='word_1_120' title='bbox 507 865 599 896; x_wconf 88' lang='lat' dir='ltr'>fuisse</span> <span class='ocrx_word' id='word_1_121' title='bbox 619 866 773 904; x_wconf 89' lang='lat' dir='ltr'>dicuntur,</span> <span class='ocrx_word' id='word_1_122' title='bbox 799 871 904 896; x_wconf 87' lang='lat' dir='ltr'>utrum</span> <span class='ocrx_word' id='word_1_123' title='bbox 928 866 1051 896; x_wconf 88' lang='lat' dir='ltr'>tandem</span> <span class='ocrx_word' id='word_1_124' title='bbox 1066 866 1135 897; x_wconf 85' lang='lat' dir='ltr'>abs-</span> 
     </span>
     <span class='ocr_line' id='line_1_19' title="bbox 244 908 1134 950; baseline 0.001 -11"><span class='ocrx_word' id='word_1_125' title='bbox 244 909 352 945; x_wconf 80' lang='lat' dir='ltr'>tulisti,</span> <span class='ocrx_word' id='word_1_126' title='bbox 378 919 416 939; x_wconf 87' lang='lat' dir='ltr'>an</span> <span class='ocrx_word' id='word_1_127' title='bbox 435 909 556 939; x_wconf 82' lang='lat' dir='ltr'>emisti?</span> <span class='ocrx_word' id='word_1_128' title='bbox 591 909 629 939; x_wconf 90' lang='lat' dir='ltr'>In</span> <span class='ocrx_word' id='word_1_129' title='bbox 651 909 754 940; x_wconf 71' lang='lat' dir='ltr'>Sicilia</span> <span class='ocrx_word' id='word_1_130' title='bbox 778 908 902 950; x_wconf 88' lang='lat' dir='ltr'>quidem</span> <span class='ocrx_word' id='word_1_131' title='bbox 926 919 997 939; x_wconf 89' lang='lat' dir='ltr'>cum</span> <span class='ocrx_word' id='word_1_132' title='bbox 1027 919 1134 947; x_wconf 89' lang='lat' dir='ltr'>essem,</span> 
     </span>
     <span class='ocr_line' id='line_1_20' title="bbox 244 951 1136 992; baseline 0.001 -10"><span class='ocrx_word' id='word_1_133' title='bbox 244 952 286 982; x_wconf 91' lang='lat' dir='ltr'>sic</span> <span class='ocrx_word' id='word_1_134' title='bbox 297 962 315 982; x_wconf 90' lang='lat' dir='ltr'>a</span> <span class='ocrx_word' id='word_1_135' title='bbox 330 951 549 992; x_wconf 76' lang='lat' dir='ltr'>Centuripinis,</span> <span class='ocrx_word' id='word_1_136' title='bbox 563 951 604 982; x_wconf 85' lang='lat' dir='ltr'>sic</span> <span class='ocrx_word' id='word_1_137' title='bbox 615 963 634 982; x_wconf 90' lang='lat' dir='ltr'>a</span> <span class='ocrx_word' id='word_1_138' title='bbox 648 952 760 983; x_wconf 85' lang='lat' dir='ltr'>caeteris</span> <span class='ocrx_word' id='word_1_139' title='bbox 781 952 942 982; x_wconf 85' lang='lat' dir='ltr'>audiebam</span> <span class='ocrx_word' id='word_1_140' title='bbox 963 955 1036 987; x_wconf 90' lang='lat' dir='ltr'>(non</span> <span class='ocrx_word' id='word_1_141' title='bbox 1053 952 1136 983; x_wconf 89' lang='lat' dir='ltr'>enim</span> 
     </span>
     <span class='ocr_line' id='line_1_21' title="bbox 244 995 1136 1036; baseline 0.001 -11"><span class='ocrx_word' id='word_1_142' title='bbox 244 1005 354 1036; x_wconf 89' lang='lat' dir='ltr'>parum</span> <span class='ocrx_word' id='word_1_143' title='bbox 369 1006 415 1025; x_wconf 91' lang='lat' dir='ltr'>res</span> <span class='ocrx_word' id='word_1_144' title='bbox 427 1001 491 1025; x_wconf 89' lang='lat' dir='ltr'>erat</span> <span class='ocrx_word' id='word_1_145' title='bbox 502 995 611 1032; x_wconf 85' lang='lat' dir='ltr'>clara):</span> <span class='ocrx_word' id='word_1_146' title='bbox 635 1001 698 1025; x_wconf 85' lang='lat' dir='ltr'>tam</span> <span class='ocrx_word' id='word_1_147' title='bbox 714 1000 742 1025; x_wconf 86' lang='lat' dir='ltr'>te</span> <span class='ocrx_word' id='word_1_148' title='bbox 754 995 808 1025; x_wconf 87' lang='lat' dir='ltr'>has</span> <span class='ocrx_word' id='word_1_149' title='bbox 828 995 966 1036; x_wconf 87' lang='lat' dir='ltr'>phaleras</span> <span class='ocrx_word' id='word_1_150' title='bbox 981 1006 999 1025; x_wconf 89' lang='lat' dir='ltr'>a</span> <span class='ocrx_word' id='word_1_151' title='bbox 1015 995 1136 1026; x_wconf 87' lang='lat' dir='ltr'>Philar-</span> 
     </span>
     <span class='ocr_line' id='line_1_22' title="bbox 243 1038 1134 1079; baseline 0.001 -11"><span class='ocrx_word' id='word_1_152' title='bbox 243 1038 300 1068; x_wconf 88' lang='lat' dir='ltr'>cho</span> <span class='ocrx_word' id='word_1_153' title='bbox 316 1038 515 1078; x_wconf 83' lang='lat' dir='ltr'>Centuripino</span> <span class='ocrx_word' id='word_1_154' title='bbox 530 1038 688 1069; x_wconf 83' lang='lat' dir='ltr'>abstulisse</span> <span class='ocrx_word' id='word_1_155' title='bbox 702 1038 852 1076; x_wconf 87' lang='lat' dir='ltr'>dicebant,</span> <span class='ocrx_word' id='word_1_156' title='bbox 866 1048 959 1079; x_wconf 88' lang='lat' dir='ltr'>quam</span> <span class='ocrx_word' id='word_1_157' title='bbox 971 1039 1045 1069; x_wconf 88' lang='lat' dir='ltr'>alias</span> <span class='ocrx_word' id='word_1_158' title='bbox 1059 1038 1134 1069; x_wconf 88' lang='lat' dir='ltr'>item</span> 
     </span>
     <span class='ocr_line' id='line_1_23' title="bbox 243 1081 1134 1122; baseline 0 -11"><span class='ocrx_word' id='word_1_159' title='bbox 243 1081 359 1111; x_wconf 91' lang='lat' dir='ltr'>nobiles</span> <span class='ocrx_word' id='word_1_160' title='bbox 374 1082 412 1111; x_wconf 90' lang='lat' dir='ltr'>ab</span> <span class='ocrx_word' id='word_1_161' title='bbox 424 1081 530 1111; x_wconf 84' lang='lat' dir='ltr'>Aristo</span> <span class='ocrx_word' id='word_1_162' title='bbox 547 1082 775 1119; x_wconf 85' lang='lat' dir='ltr'>Panormitano,</span> <span class='ocrx_word' id='word_1_163' title='bbox 798 1092 891 1122; x_wconf 86' lang='lat' dir='ltr'>quam</span> <span class='ocrx_word' id='word_1_164' title='bbox 907 1081 1007 1111; x_wconf 86' lang='lat' dir='ltr'>tertias</span> <span class='ocrx_word' id='word_1_165' title='bbox 1025 1092 1044 1111; x_wconf 87' lang='lat' dir='ltr'>a</span> <span class='ocrx_word' id='word_1_166' title='bbox 1059 1082 1134 1112; x_wconf 89' lang='lat' dir='ltr'>Cra-</span> 
     </span>
     <span class='ocr_line' id='line_1_24' title="bbox 241 1124 1134 1165; baseline 0.001 -12"><span class='ocrx_word' id='word_1_167' title='bbox 241 1124 326 1165; x_wconf 84' lang='lat' dir='ltr'>tippo</span> <span class='ocrx_word' id='word_1_168' title='bbox 342 1124 563 1165; x_wconf 86' lang='lat' dir='ltr'>Tyndaritano.</span> <span class='ocrx_word' id='word_1_169' title='bbox 587 1124 725 1162; x_wconf 88' lang='lat' dir='ltr'>Etenim,</span> <span class='ocrx_word' id='word_1_170' title='bbox 741 1125 766 1155; x_wconf 87' lang='lat' dir='ltr'>si</span> <span class='ocrx_word' id='word_1_171' title='bbox 783 1124 963 1155; x_wconf 88' lang='lat' dir='ltr'>Philarchus</span> <span class='ocrx_word' id='word_1_172' title='bbox 982 1124 1134 1155; x_wconf 89' lang='lat' dir='ltr'>vendidis-</span> 
     </span>
     <span class='ocr_line' id='line_1_25' title="bbox 242 1167 1134 1208; baseline 0 -11"><span class='ocrx_word' id='word_1_173' title='bbox 242 1173 296 1205; x_wconf 84' lang='lat' dir='ltr'>set,</span> <span class='ocrx_word' id='word_1_174' title='bbox 321 1177 382 1197; x_wconf 89' lang='lat' dir='ltr'>non</span> <span class='ocrx_word' id='word_1_175' title='bbox 407 1167 445 1204; x_wconf 91' lang='lat' dir='ltr'>ei,</span> <span class='ocrx_word' id='word_1_176' title='bbox 467 1173 664 1208; x_wconf 86' lang='lat' dir='ltr'>posteaquam</span> <span class='ocrx_word' id='word_1_177' title='bbox 689 1178 756 1198; x_wconf 89' lang='lat' dir='ltr'>reus</span> <span class='ocrx_word' id='word_1_178' title='bbox 772 1167 868 1197; x_wconf 88' lang='lat' dir='ltr'>factus</span> <span class='ocrx_word' id='word_1_179' title='bbox 883 1178 925 1205; x_wconf 90' lang='lat' dir='ltr'>es,</span> <span class='ocrx_word' id='word_1_180' title='bbox 942 1167 1134 1198; x_wconf 86' lang='lat' dir='ltr'>redditurum</span> 
     </span>
     <span class='ocr_line' id='line_1_26' title="bbox 242 1210 1133 1251; baseline 0 -11"><span class='ocrx_word' id='word_1_181' title='bbox 242 1216 271 1240; x_wconf 87' lang='lat' dir='ltr'>te</span> <span class='ocrx_word' id='word_1_182' title='bbox 295 1210 489 1250; x_wconf 79' lang='lat' dir='ltr'>promisisses.</span> <span class='ocrx_word' id='word_1_183' title='bbox 514 1210 608 1248; x_wconf 88' lang='lat' dir='ltr'>Quod</span> <span class='ocrx_word' id='word_1_184' title='bbox 631 1210 704 1251; x_wconf 91' lang='lat' dir='ltr'>quia</span> <span class='ocrx_word' id='word_1_185' title='bbox 718 1210 819 1240; x_wconf 89' lang='lat' dir='ltr'>vidisti</span> <span class='ocrx_word' id='word_1_186' title='bbox 834 1210 935 1250; x_wconf 88' lang='lat' dir='ltr'>plures</span> <span class='ocrx_word' id='word_1_187' title='bbox 951 1210 1035 1248; x_wconf 84' lang='lat' dir='ltr'>scire,</span> <span class='ocrx_word' id='word_1_188' title='bbox 1052 1210 1133 1251; x_wconf 87' lang='lat' dir='ltr'>cogi-</span> 
     </span>
     <span class='ocr_line' id='line_1_27' title="bbox 242 1253 1133 1291; baseline 0 -8"><span class='ocrx_word' id='word_1_189' title='bbox 242 1253 324 1290; x_wconf 65' lang='lat' dir='ltr'>tasti,</span> <span class='ocrx_word' id='word_1_190' title='bbox 338 1253 363 1283; x_wconf 87' lang='lat' dir='ltr'>si</span> <span class='ocrx_word' id='word_1_191' title='bbox 381 1253 407 1283; x_wconf 90' lang='lat' dir='ltr'>ei</span> <span class='ocrx_word' id='word_1_192' title='bbox 422 1253 612 1290; x_wconf 89' lang='lat' dir='ltr'>reddidisses,</span> <span class='ocrx_word' id='word_1_193' title='bbox 629 1253 780 1284; x_wconf 65' lang='lat' dir='ltr'>teminus</span> <span class='ocrx_word' id='word_1_194' title='bbox 801 1253 989 1291; x_wconf 87' lang='lat' dir='ltr'>habiturum,</span> <span class='ocrx_word' id='word_1_195' title='bbox 1007 1263 1071 1283; x_wconf 91' lang='lat' dir='ltr'>rem</span> <span class='ocrx_word' id='word_1_196' title='bbox 1085 1253 1133 1283; x_wconf 89' lang='lat' dir='ltr'>ni-</span> 
     </span>
     <span class='ocr_line' id='line_1_28' title="bbox 240 1295 1134 1327; baseline 0.001 -1"><span class='ocrx_word' id='word_1_197' title='bbox 240 1296 304 1326; x_wconf 85' lang='lat' dir='ltr'>hilo</span> <span class='ocrx_word' id='word_1_198' title='bbox 319 1296 422 1326; x_wconf 89' lang='lat' dir='ltr'>minus</span> <span class='ocrx_word' id='word_1_199' title='bbox 437 1301 576 1327; x_wconf 84' lang='lat' dir='ltr'>testatam</span> <span class='ocrx_word' id='word_1_200' title='bbox 593 1296 745 1326; x_wconf 89' lang='lat' dir='ltr'>futuram:</span> <span class='ocrx_word' id='word_1_201' title='bbox 770 1306 831 1326; x_wconf 91' lang='lat' dir='ltr'>non</span> <span class='ocrx_word' id='word_1_202' title='bbox 854 1295 1019 1326; x_wconf 88' lang='lat' dir='ltr'>reddidisti.</span> <span class='ocrx_word' id='word_1_203' title='bbox 1044 1295 1134 1327; x_wconf 87' lang='lat' dir='ltr'>Dixit</span> 
     </span>
     <span class='ocr_line' id='line_1_29' title="bbox 241 1338 1133 1380; baseline 0 -11"><span class='ocrx_word' id='word_1_204' title='bbox 241 1338 422 1369; x_wconf 85' lang='lat' dir='ltr'>Philarchus</span> <span class='ocrx_word' id='word_1_205' title='bbox 438 1349 492 1379; x_wconf 92' lang='lat' dir='ltr'>pro</span> <span class='ocrx_word' id='word_1_206' title='bbox 509 1339 692 1377; x_wconf 88' lang='lat' dir='ltr'>testimonio,</span> <span class='ocrx_word' id='word_1_207' title='bbox 709 1350 750 1377; x_wconf 89' lang='lat' dir='ltr'>se,</span> <span class='ocrx_word' id='word_1_208' title='bbox 767 1339 850 1380; x_wconf 92' lang='lat' dir='ltr'>quod</span> <span class='ocrx_word' id='word_1_209' title='bbox 865 1340 964 1369; x_wconf 71' lang='lat' dir='ltr'>nosset</span> <span class='ocrx_word' id='word_1_210' title='bbox 987 1344 1077 1369; x_wconf 89' lang='lat' dir='ltr'>tuum</span> <span class='ocrx_word' id='word_1_211' title='bbox 1092 1338 1133 1369; x_wconf 87' lang='lat' dir='ltr'>is-</span> 
     </span>
     <span class='ocr_line' id='line_1_30' title="bbox 242 1381 1132 1424; baseline -0.001 -12"><span class='ocrx_word' id='word_1_212' title='bbox 242 1390 308 1412; x_wconf 78' lang='lat' dir='ltr'>tum</span> <span class='ocrx_word' id='word_1_213' title='bbox 323 1383 478 1420; x_wconf 86' lang='lat' dir='ltr'>morbum,</span> <span class='ocrx_word' id='word_1_214' title='bbox 497 1381 548 1422; x_wconf 92' lang='lat' dir='ltr'>[ut</span> <span class='ocrx_word' id='word_1_215' title='bbox 563 1382 655 1413; x_wconf 89' lang='lat' dir='ltr'>amici</span> <span class='ocrx_word' id='word_1_216' title='bbox 671 1382 716 1412; x_wconf 90' lang='lat' dir='ltr'>tui</span> <span class='ocrx_word' id='word_1_217' title='bbox 731 1383 897 1424; x_wconf 83' lang='lat' dir='ltr'>appellant,</span> <span class='ocrx_word' id='word_1_218' title='bbox 914 1381 1061 1422; x_wconf 85' lang='lat' dir='ltr'>studiose]</span> <span class='ocrx_word' id='word_1_219' title='bbox 1079 1392 1132 1412; x_wconf 88' lang='lat' dir='ltr'>cu-</span> 
     </span>
     <span class='ocr_line' id='line_1_31' title="bbox 237 1425 1132 1466; baseline 0 -11"><span class='ocrx_word' id='word_1_220' title='bbox 237 1426 318 1466; x_wconf 85' lang='lat' dir='ltr'>pisse</span> <span class='ocrx_word' id='word_1_221' title='bbox 341 1430 370 1455; x_wconf 92' lang='lat' dir='ltr'>te</span> <span class='ocrx_word' id='word_1_222' title='bbox 396 1425 491 1455; x_wconf 85' lang='lat' dir='ltr'>celare</span> <span class='ocrx_word' id='word_1_223' title='bbox 516 1425 554 1456; x_wconf 88' lang='lat' dir='ltr'>de</span> <span class='ocrx_word' id='word_1_224' title='bbox 577 1425 728 1466; x_wconf 85' lang='lat' dir='ltr'>phaleris:</span> <span class='ocrx_word' id='word_1_225' title='bbox 753 1436 823 1456; x_wconf 88' lang='lat' dir='ltr'>cum</span> <span class='ocrx_word' id='word_1_226' title='bbox 843 1426 897 1455; x_wconf 90' lang='lat' dir='ltr'>abs</span> <span class='ocrx_word' id='word_1_227' title='bbox 917 1430 945 1455; x_wconf 87' lang='lat' dir='ltr'>te</span> <span class='ocrx_word' id='word_1_228' title='bbox 961 1425 1132 1466; x_wconf 88' lang='lat' dir='ltr'>appellatus</span> 
     </span>
     <span class='ocr_line' id='line_1_32' title="bbox 240 1468 1130 1509; baseline 0 -11"><span class='ocrx_word' id='word_1_229' title='bbox 240 1474 326 1504; x_wconf 82' lang='lat' dir='ltr'>esset,</span> <span class='ocrx_word' id='word_1_230' title='bbox 352 1468 477 1508; x_wconf 67' lang='lat' dir='ltr'>negasse</span> <span class='ocrx_word' id='word_1_231' title='bbox 491 1468 602 1499; x_wconf 86' lang='lat' dir='ltr'>habere</span> <span class='ocrx_word' id='word_1_232' title='bbox 618 1479 680 1499; x_wconf 89' lang='lat' dir='ltr'>sese</span> <span class='ocrx_word' id='word_1_233' title='bbox 693 1481 701 1498; x_wconf 87' lang='lat'>:</span> <span class='ocrx_word' id='word_1_234' title='bbox 726 1468 808 1509; x_wconf 87' lang='lat' dir='ltr'>apud</span> <span class='ocrx_word' id='word_1_235' title='bbox 823 1468 918 1499; x_wconf 85' lang='lat' dir='ltr'>alium</span> <span class='ocrx_word' id='word_1_236' title='bbox 934 1478 1057 1509; x_wconf 89' lang='lat' dir='ltr'>quoque</span> <span class='ocrx_word' id='word_1_237' title='bbox 1079 1478 1130 1499; x_wconf 84' lang='lat' dir='ltr'>eas</span> 
     </span>
     <span class='ocr_line' id='line_1_33' title="bbox 237 1511 1129 1553; baseline 0 -12"><span class='ocrx_word' id='word_1_238' title='bbox 237 1511 378 1541; x_wconf 87' lang='lat' dir='ltr'>habuisse</span> <span class='ocrx_word' id='word_1_239' title='bbox 392 1511 553 1552; x_wconf 87' lang='lat' dir='ltr'>depositas,</span> <span class='ocrx_word' id='word_1_240' title='bbox 575 1522 612 1542; x_wconf 93' lang='lat' dir='ltr'>ne</span> <span class='ocrx_word' id='word_1_241' title='bbox 633 1511 695 1553; x_wconf 69' lang='lat' dir='ltr'>qua</span> <span class='ocrx_word' id='word_1_242' title='bbox 709 1511 933 1542; x_wconf 85' lang='lat' dir='ltr'>invenirentur:</span> <span class='ocrx_word' id='word_1_243' title='bbox 959 1517 1046 1541; x_wconf 87' lang='lat' dir='ltr'>tuam</span> <span class='ocrx_word' id='word_1_244' title='bbox 1061 1516 1129 1541; x_wconf 87' lang='lat' dir='ltr'>tan-</span> 
     </span>
     <span class='ocr_line' id='line_1_34' title="bbox 238 1553 1128 1595; baseline -0.002 -10"><span class='ocrx_word' id='word_1_245' title='bbox 238 1561 301 1585; x_wconf 88' lang='lat' dir='ltr'>tam</span> <span class='ocrx_word' id='word_1_246' title='bbox 317 1554 408 1584; x_wconf 86' lang='lat' dir='ltr'>fuisse</span> <span class='ocrx_word' id='word_1_247' title='bbox 421 1554 625 1594; x_wconf 84' lang='lat' dir='ltr'>sagacitatem,</span> <span class='ocrx_word' id='word_1_248' title='bbox 643 1561 677 1585; x_wconf 90' lang='lat' dir='ltr'>ut</span> <span class='ocrx_word' id='word_1_249' title='bbox 688 1565 736 1585; x_wconf 80' lang='lat' dir='ltr'>eas</span> <span class='ocrx_word' id='word_1_250' title='bbox 747 1565 801 1595; x_wconf 86' lang='lat' dir='ltr'>per</span> <span class='ocrx_word' id='word_1_251' title='bbox 815 1554 903 1584; x_wconf 84' lang='lat' dir='ltr'>illum</span> <span class='ocrx_word' id='word_1_252' title='bbox 919 1553 1021 1594; x_wconf 87' lang='lat' dir='ltr'>ipsum</span> <span class='ocrx_word' id='word_1_253' title='bbox 1033 1554 1128 1595; x_wconf 89' lang='lat' dir='ltr'>inspi-</span> 
     </span>
     <span class='ocr_line' id='line_1_35' title="bbox 237 1597 1128 1639; baseline -0.002 -11"><span class='ocrx_word' id='word_1_254' title='bbox 237 1608 327 1635; x_wconf 87' lang='lat' dir='ltr'>ceres,</span> <span class='ocrx_word' id='word_1_255' title='bbox 345 1598 397 1627; x_wconf 87' lang='lat' dir='ltr'>ubi</span> <span class='ocrx_word' id='word_1_256' title='bbox 416 1603 501 1627; x_wconf 87' lang='lat' dir='ltr'>erant</span> <span class='ocrx_word' id='word_1_257' title='bbox 515 1598 676 1639; x_wconf 80' lang='lat' dir='ltr'>depositae:</span> <span class='ocrx_word' id='word_1_258' title='bbox 702 1603 769 1628; x_wconf 91' lang='lat' dir='ltr'>tum</span> <span class='ocrx_word' id='word_1_259' title='bbox 785 1608 815 1627; x_wconf 92' lang='lat' dir='ltr'>se</span> <span class='ocrx_word' id='word_1_260' title='bbox 830 1597 1052 1637; x_wconf 85' lang='lat' dir='ltr'>deprehensum</span> <span class='ocrx_word' id='word_1_261' title='bbox 1073 1607 1128 1627; x_wconf 89' lang='lat' dir='ltr'>ne-</span> 
     </span>
     <span class='ocr_line' id='line_1_36' title="bbox 235 1640 1127 1681; baseline 0.001 -11"><span class='ocrx_word' id='word_1_262' title='bbox 235 1651 306 1681; x_wconf 85' lang='lat' dir='ltr'>gare</span> <span class='ocrx_word' id='word_1_263' title='bbox 321 1650 382 1671; x_wconf 81' lang='lat' dir='ltr'>non</span> <span class='ocrx_word' id='word_1_264' title='bbox 404 1641 556 1680; x_wconf 79' lang='lat' dir='ltr'>potuisse:</span> <span class='ocrx_word' id='word_1_265' title='bbox 584 1641 628 1671; x_wconf 85' lang='lat' dir='ltr'>ita</span> <span class='ocrx_word' id='word_1_266' title='bbox 642 1642 680 1671; x_wconf 91' lang='lat' dir='ltr'>ab</span> <span class='ocrx_word' id='word_1_267' title='bbox 697 1651 727 1670; x_wconf 89' lang='lat' dir='ltr'>se</span> <span class='ocrx_word' id='word_1_268' title='bbox 747 1640 842 1671; x_wconf 85' lang='lat' dir='ltr'>invito</span> <span class='ocrx_word' id='word_1_269' title='bbox 856 1640 971 1670; x_wconf 78' lang='lat' dir='ltr'>ablatas</span> <span class='ocrx_word' id='word_1_270' title='bbox 986 1640 1127 1681; x_wconf 87' lang='lat' dir='ltr'>phaleras</span> 
     </span>
    </p>
   </div>
   <div class='ocr_carea' id='block_1_3' title="bbox 236 1684 338 1724">
    <p class='ocr_par' dir='ltr' id='par_1_5' title="bbox 236 1684 338 1724">
     <span class='ocr_line' id='line_1_37' title="bbox 236 1684 338 1724; baseline 0 -11"><span class='ocrx_word' id='word_1_271' title='bbox 236 1684 338 1724; x_wconf 84' lang='lat' dir='ltr'>gratis.</span> 
     </span>
    </p>
   </div>
   <div class='ocr_carea' id='block_1_4' title="bbox 275 1726 1179 1768">
    <p class='ocr_par' dir='ltr' id='par_1_6' title="bbox 275 1726 1179 1768">
     <span class='ocr_line' id='line_1_38' title="bbox 275 1726 1179 1768; baseline 0 -12"><span class='ocrx_word' id='word_1_272' title='bbox 275 1726 375 1757; x_wconf 83' lang='lat' dir='ltr'>XIII.</span> <span class='ocrx_word' id='word_1_273' title='bbox 399 1727 486 1762; x_wconf 75' lang='lat' dir='ltr'>Jam,</span> <span class='ocrx_word' id='word_1_274' title='bbox 504 1734 538 1757; x_wconf 89' lang='lat' dir='ltr'>ut</span> <span class='ocrx_word' id='word_1_275' title='bbox 552 1727 618 1758; x_wconf 82' lang='lat' dir='ltr'>haec</span> <span class='ocrx_word' id='word_1_276' title='bbox 632 1727 736 1758; x_wconf 86' lang='lat' dir='ltr'>omnia</span> <span class='ocrx_word' id='word_1_277' title='bbox 750 1727 880 1768; x_wconf 79' lang='lat' dir='ltr'>reperire</span> <span class='ocrx_word' id='word_1_278' title='bbox 894 1737 929 1757; x_wconf 84' lang='lat' dir='ltr'>ae</span> <span class='ocrx_word' id='word_1_279' title='bbox 943 1726 1127 1767; x_wconf 87' lang='lat' dir='ltr'>perscrutari</span> <span class='ocrx_word' id='word_1_280' title='bbox 1178 1726 1179 1732; x_wconf 59' lang='lat'>ยน</span> 
     </span>
    </p>
   </div>
   <div class='ocr_carea' id='block_1_5' title="bbox 232 1770 1125 1812">
    <p class='ocr_par' dir='ltr' id='par_1_7' title="bbox 232 1770 1125 1812">
     <span class='ocr_line' id='line_1_39' title="bbox 232 1770 1125 1812; baseline 0.001 -13"><span class='ocrx_word' id='word_1_281' title='bbox 232 1770 338 1800; x_wconf 75' lang='lat' dir='ltr'>soli-tus</span> <span class='ocrx_word' id='word_1_282' title='bbox 361 1770 408 1805; x_wconf 76' lang='lat' dir='ltr'>sit,</span> <span class='ocrx_word' id='word_1_283' title='bbox 434 1770 560 1808; x_wconf 70' lang='lat' dir='ltr'>judices,</span> <span class='ocrx_word' id='word_1_284' title='bbox 583 1777 627 1801; x_wconf 88' lang='lat' dir='ltr'>est</span> <span class='ocrx_word' id='word_1_285' title='bbox 646 1782 744 1812; x_wconf 71' lang='lat' dir='ltr'>operte</span> <span class='ocrx_word' id='word_1_286' title='bbox 776 1771 908 1812; x_wconf 80' lang='lat' dir='ltr'>pretium</span> <span class='ocrx_word' id='word_1_287' title='bbox 939 1779 1125 1810; x_wconf 74' lang='lat' dir='ltr'>cognoscere.</span> 
     </span>
    </p>
   </div>
  </div>
 </body>
</html>
