1181 1902
460 333 640 366 ORATIO
663 332 705 365 V.

177 440 491 480 PROOEMIUM
520 442 703 480 PRIMAE
731 441 988 481 ACTIONIS

355 545 422 586 IN
455 545 503 588 C.
537 547 813 587 VERREM.

525 675 644 702 -0-

400 778 753 811 ARGUMENTUM.

133 866 182 896 M.
199 866 349 897 TULLIO
366 873 536 898 accusatore
551 867 724 903 constituto,
744 874 835 909 atque
856 878 893 898 ex
909 866 1024 905 Sicilia,

133 920 206 950 quo,
226 910 420 940 instituendae
439 911 636 941 accusationis
656 910 757 948 causi»,
780 911 929 952 profectus
950 917 1025 948 erat,

133 963 270 989 reverso;
296 954 331 983 C.
349 953 470 991 Verres,
493 964 563 983 cum
580 964 642 983 suae
657 964 754 984 causae
768 964 951 995 magnopere
967 954 1027 983 dif-

133 995 249 1033 fideret,
271 1006 371 1037 neque
391 997 553 1033 dubitaret,
573 997 649 1037 quin
673 997 778 1027 multis
799 1003 828 1027 et
848 997 1028 1027 testimoniis

136 1044 166 1068 et
181 1039 304 1077 tabulis,
322 1046 388 1069 tum
400 1039 541 1081 publicis,
558 1045 624 1070 tum
640 1040 775 1081 privatis,
792 1041 1027 1079 convinceretur,

134 1081 289 1122 duplicem
311 1082 387 1113 inire
408 1083 555 1113 rationem
579 1083 686 1124 coepit:
717 1083 865 1124 primum,
886 1089 921 1114 ut
936 1084 1029 1123 hujus

135 1135 234 1155 causae
258 1126 334 1156 actio
360 1126 392 1155 in
419 1136 535 1156 annum
559 1127 734 1167 proximum
761 1126 885 1167 perduci
908 1132 1028 1167 posset3

135 1169 220 1208 quod
235 1169 345 1199 scilicet
361 1169 392 1199 in
409 1179 479 1199 eum
495 1179 611 1199 annum
627 1175 656 1200 et
671 1169 712 1207 Q.
730 1169 911 1200 Hortensius
933 1170 1029 1210 ipsius

134 1217 292 1251 patronus,
310 1218 338 1243 et
355 1212 395 1250 Q.
414 1213 559 1243 Metellus
575 1212 710 1252 ejusdem
726 1212 936 1251 amicissimus,
959 1223 1030 1243 con-

137 1255 216 1284 sules
232 1255 380 1295 designati
395 1262 507 1286 essent:
530 1255 638 1286 deinde
653 1256 703 1286 M'
721 1256 858 1293 Glabrio,
874 1257 1029 1297 praesentis

136 1297 209 1327 anni
225 1304 345 1338 praetor,
362 1299 445 1329 brevi
461 1299 639 1339 magistratu
655 1299 760 1335 abiret,
774 1299 924 1340 multique
936 1299 1030 1338 hujus

136 1340 254 1370 consilii
271 1341 388 1380 judices
407 1342 619 1382 magistratum
635 1348 793 1383 caperent;
818 1353 880 1382 quo
895 1348 1030 1382 tempore

135 1382 289 1422 judicibus
311 1384 371 1414 illis
394 1395 455 1414 esse
479 1395 539 1415 non
562 1385 687 1420 liceret;
718 1385 749 1414 in
774 1395 905 1426 quorum
928 1386 1030 1415 locum

138 1426 187 1456 M.
205 1427 364 1464 Metellus,
386 1427 477 1458 frater
498 1428 638 1466 consulis,
662 1434 772 1469 praetor
794 1428 978 1469 designatus,
1002 1434 1032 1458 et

138 1469 190 1499 alii
203 1469 331 1508 judices,
347 1480 408 1500 non
424 1476 500 1509 tam,
517 1476 551 1501 ut
562 1472 712 1511 sperabat,
725 1471 763 1501 ad
775 1471 1031 1512 corrumpendum

139 1512 286 1551 difficiles,
312 1513 512 1544 succederent.
547 1514 633 1544 Tum
654 1520 797 1554 praeterea
818 1514 855 1544 L.
873 1515 1030 1552 Metellus,

139 1555 263 1585 iHorum
291 1555 393 1594 frater,
422 1557 557 1587 Siciliam
583 1557 769 1598 provinciam
799 1557 920 1587 sortitus
946 1562 1031 1594 esset,

140 1599 227 1637 cujus
243 1600 418 1630 auctoritate
434 1600 550 1631 Siculos
562 1600 745 1630 commoveri
757 1611 842 1640 posse
855 1600 1031 1630 confidebat.

140 1642 179 1672 Id
203 1648 238 1672 ut
262 1642 400 1681 efficeret,
426 1643 571 1684 quoniam
593 1649 724 1683 quatuor
744 1643 895 1673 duntaxat
914 1653 1033 1674 menses

139 1692 209 1716 ante
225 1686 375 1716 Calendas
390 1686 533 1716 ,Ianuarii
550 1692 734 1727 supererant,
752 1686 901 1727 principio
913 1695 1033 1716 causam

140 1729 263 1761 alterius
278 1729 321 1760 rei
336 1730 526 1771 interponere
542 1735 666 1759 conatus
688 1735 742 1767 est,
760 1740 829 1770 quae
849 1739 939 1759 omne
960 1735 1035 1760 tem-

142 1784 200 1814 pus
215 1773 252 1804 ad
269 1773 422 1814 agendum
439 1774 583 1805 idoneum
597 1773 778 1805 absumeret.
803 1771 863 1804 Sed
875 1773 940 1815 ejus
952 1781 1036 1815 spem
