1181 1902
156 75 220 104 240
330 75 381 105 IN
406 74 602 105 VERREM
628 74 692 104 ΙΙΙ.
717 74 799 105 CAP.
824 75 875 105 29.

156 166 244 200 patro
259 159 351 190 iidem
374 160 489 191 inimici
503 160 541 190 ad
558 160 593 190 C.
610 160 750 197 Verrem,
767 170 838 190 cum
852 160 877 190 is
893 160 1045 192 Sacerdoti

154 203 348 239 successisset,
365 204 501 243 ejusdem
516 203 558 233 rei
573 213 683 233 nomen
699 203 882 233 detulerunt.
908 204 969 234 Res
988 205 1045 235 So-

156 252 242 286 patro
265 246 360 276 facilis
384 247 553 283 videbatur,
586 252 616 276 et
642 246 722 287 quod
751 252 813 276 erat
839 247 993 284 innocens,
1019 254 1048 277 et

154 290 237 330 quod
253 289 418 319 Sacerdotis
431 289 581 328 judicium
605 289 776 329 improbare
791 289 883 319 istum
899 300 1044 320 ausurum

153 341 213 361 non
229 333 441 362 arbitrabatur.
488 333 607 362 Citatur
622 343 708 362 reus:
734 343 824 362 causa
838 332 938 372 agitur
954 335 1044 373 ‚Syra-

153 375 230 405 cusis
245 386 252 404 :
277 375 404 405 crimina
414 381 579 405 tractantur
589 376 626 405 ab
639 381 809 404 accusatore
821 385 867 411 ea,
879 386 947 415 quae
960 383 1044 406 erant

153 423 241 448 antea
256 427 316 448 non
326 418 425 448 solum
435 418 617 456 defensione,
631 428 736 448 verum
747 418 837 448 etiam
846 418 971 457 judicio,
984 418 1045 448 ‹lis-

154 460 261 491 soluta.

197 504 328 534 Causam
353 504 472 545 Sopatri
493 503 673 534 defendebat
696 503 737 541 Q.
755 504 925 541 Minucius,
950 515 1041 545 eques

154 546 312 577 Romanus
327 547 358 577 in
382 547 488 588 primis
512 547 687 587 splendidus
705 553 796 587 atque
820 547 974 585 honestus,
991 558 1043 578 vo-

153 589 270 630 bisque,
293 590 420 630 judices,
446 601 506 620 non
529 590 659 630 ignotus.
685 590 772 619 Nihil
796 597 858 620 erat
880 590 911 619 in
939 591 1040 626 causa,

152 632 234 672 quod
249 633 459 670 metuendum,
471 640 523 663 aut
538 633 661 662 omnino
672 632 754 673 quod
769 633 984 671 dubitandum,
998 634 1042 663 vi-

151 675 279 705 deretur.
306 677 423 706 Interea
436 677 521 706 istius
532 676 669 711 libertus,
684 682 712 705 et
724 686 865 706 accensus
880 675 972 712 idem,
984 677 1041 706 Ti-

151 718 329 756 marchides,
356 720 408 760 qui
433 726 487 755 est,
508 719 563 755 (id,
588 719 670 759 quod
689 729 726 748 ex
751 719 891 759 plurimis
914 720 1040 750 testibus

150 761 251 800 priore
267 763 382 792 actione
400 762 558 799 didicistis)
582 772 683 791 rerum
699 762 875 801 hujusmodi
900 763 1039 793 onmium

150 809 315 835 transactor
331 811 359 835 et
375 805 560 840 administer,
578 804 616 834 ad
628 805 792 845 Sopatrum
808 804 889 834 venit
902 816 910 839 ;
936 811 1039 836 monet

149 846 315 885 hominem,
328 858 365 878 ne
375 848 464 878 nimis
477 847 591 886 judicio
608 847 785 884 Sacerdotis,
802 853 831 877 et
846 858 953 885 causae,
971 859 1041 879 con-

150 889 242 920 fidat:
268 897 451 921 accusatores
471 890 669 930 inimicosque
685 891 751 929 ejus
765 890 875 920 habere
890 890 921 920 in
937 892 1040 921 animo

150 933 309 972 pecuniam
320 934 440 974 praetori
448 934 518 963 dare
529 945 536 963 ε
555 939 714 973 praetorem
722 939 822 963 tamen
833 932 886 972 [ob
894 934 1039 975 salutem]

150 976 241 1007 malle
256 977 407 1018 accipere;
432 983 461 1007 et
477 977 568 1006 simul
584 976 685 1013 malle,
703 977 727 1006 si
751 976 815 1006 fieri
838 983 948 1017 posset,
974 988 1038 1007 reni

146 1019 314 1057 judicatam
330 1031 390 1050 non
406 1020 578 1050 rescindere.
603 1020 740 1059 Sopater,
757 1030 827 1049 cum
850 1019 906 1050 hoc
921 1020 966 1049 iHi
981 1021 1040 1050 im-

149 1062 303 1101 provisum
319 1069 409 1104 atque
425 1063 615 1103 inopinatum
631 1063 794 1097 accidisset,
812 1070 980 1093 commotus
996 1070 1039 1094 est

149 1115 219 1135 sane
231 1128 238 1136 .
264 1117 362 1147 neque
384 1107 415 1136 in
429 1106 596 1147 praesentia,
613 1105 803 1137 Timarchidi
821 1105 894 1146 quid
917 1117 1039 1147 respon-

150 1147 242 1185 deret,
259 1149 376 1187 habuit,
390 1150 458 1187 nisi,
473 1160 502 1179 se
518 1149 786 1185 consideraturum,
800 1149 874 1189 quid
889 1148 944 1179 sibi
957 1150 994 1180 de
1006 1150 1042 1180 ea

150 1201 181 1220 re
202 1198 277 1222 esset
292 1192 484 1223 faciendum:
510 1198 539 1222 et
554 1192 646 1222 simul
669 1192 809 1228 ostendit,
827 1202 857 1221 se
872 1192 903 1221 in
919 1193 1040 1223 summa

152 1233 328 1266 difficultate
344 1247 406 1266 esse
427 1235 610 1265 nummaria.
637 1236 709 1265 Post
724 1235 763 1264 ad
783 1234 895 1264 amicos
917 1236 1038 1270 retulit:

150 1277 289 1317 quicum
314 1279 341 1309 ei
364 1279 491 1309 fuissent
514 1284 648 1309 auctores
663 1277 846 1307 redimendae
861 1278 976 1313 salutis,
1001 1279 1039 1309 ad

151 1319 379 1352 Timarchidem
390 1322 480 1352 venit.
504 1321 659 1362 Expositis
669 1321 730 1351 suis
739 1320 978 1357 difficultatibus,
985 1321 1040 1351 ho-

149 1362 265 1394 minem
276 1365 314 1395 ad
325 1365 380 1396 HS
395 1365 523 1395 LXXX
535 1364 686 1405 perducit:
705 1374 833 1404 eamque
845 1363 1038 1404 eipecuniam

152 1414 302 1438 numerat.

194 1449 322 1481 XXIX.
348 1451 549 1492 Posteaquam
562 1451 600 1481 ad
609 1461 730 1481 causam
741 1450 899 1480 dicendam
915 1456 1039 1480 ventum

150 1497 209 1528 est;
235 1499 301 1523 tum
319 1504 386 1524 vero
402 1495 465 1525 sine
479 1500 574 1528 metu,
591 1495 654 1524 sine
666 1493 749 1530 cura,
763 1503 867 1523 omnes
880 1499 975 1530 erant,
987 1494 1040 1534 qui

150 1535 313 1576 Sopatrum
326 1537 535 1568 defendebant.
561 1538 685 1567 Crimen
701 1537 823 1566 nullum
836 1542 917 1566 erat:
935 1547 980 1566 res
989 1537 1041 1575 ju-

149 1578 263 1609 dicata:
290 1580 398 1610 Verres
411 1591 554 1611 nummos
566 1587 727 1621 acceperat.
752 1579 832 1616 Quis
843 1585 941 1618 posset
951 1579 1041 1609 dubi-

151 1626 224 1659 tare,
249 1623 395 1663 quidnam
412 1630 487 1654 esset
502 1624 666 1654 futurum?
692 1623 753 1652 Res
768 1622 820 1652 illo
835 1622 883 1652 die
898 1632 958 1652 non
973 1632 1041 1663 per-

149 1671 271 1695 oratur:
296 1666 460 1696 dimittitur
482 1667 642 1706 judicium.
676 1666 794 1696 Iterum
816 1665 854 1695 ad
877 1667 1040 1705 Sopatrum

151 1707 361 1740 Timarchides
377 1710 477 1740 venit:
502 1711 554 1744 ait,
571 1715 754 1740 accusatores
777 1709 841 1748 ejus
856 1709 954 1738 multo
976 1718 1042 1738 ma-

146 1755 245 1793 jorcm
261 1755 420 1796 pecuniam
436 1754 555 1795 praetori
568 1753 713 1793 polliceri,
727 1762 820 1792 quam
837 1758 982 1792 quantam
993 1751 1043 1780 hic
