1181 1902
213 147 264 178 IN
288 147 485 178 VERREM
510 147 576 178 111.
600 147 683 178 CAP·
706 147 759 182 71.
868 146 933 181 279

40 229 94 268 est,
112 237 147 262 ut
163 239 260 264 essent
275 234 438 274 permulta,
451 245 521 275 quae
542 244 580 263 ex
602 233 749 264 societatis
773 232 866 262 literis
887 231 934 261 di-

36 284 100 304 cere
115 275 146 305 in
162 275 253 306 istum
271 288 304 307 ac
319 277 452 317 proferre
468 287 633 317 possemus.
673 277 791 306 Verum
814 275 932 311 accidit,

38 323 72 347 ut
97 318 301 359 Carpinatius,
324 320 378 360 qui
396 321 461 359 jam
477 330 548 350 cum
564 320 621 349 isto
637 320 758 349 summa
774 324 934 349 consuetu-

37 359 117 398 dine,
134 368 278 401 praeterea
292 373 324 392 re
345 373 380 393 ac
401 363 528 399 ratione,
552 364 733 401 conjunctus
758 367 845 399 esset,
871 371 934 391 cre-

38 404 107 433 bras
122 411 226 444 postea
241 406 343 436 literas
360 405 398 435 ad
415 406 508 436 socios
527 405 564 435 de
584 406 670 435 istius
687 405 814 434 summis
831 403 935 434 officiis

39 445 70 476 in
87 457 149 477 rem
166 458 373 487 communem,
388 448 612 489 beneficiisque,
629 449 771 478 mitteret.
796 447 934 484 Etenim,

38 499 109 520 cum
124 490 179 520 iste
191 492 304 530 omnia,
318 502 522 533 quaecumque
538 491 733 532 Carpinatius
748 490 933 531 postulabat,

37 532 134 563 facere
155 544 189 564 ac
212 534 370 565 decernere
394 536 525 570 solebat3
561 540 628 564 tum
653 534 703 564 isse
730 534 822 563 etiam
846 533 936 573 plura

38 576 186 607 scribebat
201 577 240 607 ad
252 578 365 614 socios;
390 584 436 616 ut,
456 578 481 608 si
493 584 602 619 posset,
621 588 690 618 quae
706 582 795 606 antea
810 576 935 616 scripse-

38 624 96 657 rat,
114 630 150 650 ea
165 620 255 660 plane
270 621 484 662 exstingueret.
510 621 563 651 Ad
579 627 752 651 extremum
765 630 845 655 vero,
863 629 934 649 cum

37 661 93 692 iste
107 663 173 702 jam
191 663 364 701 decedebat,
382 664 532 704 ejusmodi
548 664 649 694 literas
664 663 702 693 ad
719 673 768 693 eos
783 662 877 699 misit,
900 667 935 691 ut

37 704 108 735 huic
133 706 305 747 frequentes
332 708 454 738 obviam
480 707 647 748 prodirent,
669 706 842 747 gratiasque
864 715 936 745 age-

39 754 122 783 rent;
147 749 278 780 tacturos
291 761 332 788 se,
350 751 375 781 si
393 751 468 791 quid
488 749 674 791 imperasset,
693 749 825 780 studiose
845 748 936 789 polli-

37 798 184 822 cerentur.
212 793 336 834 Ita-que
354 794 425 824 socii
441 794 585 824 fecerunt.
604 793 714 823 Vetere
726 792 864 822 instituto
877 802 935 832 pu-

36 834 238 872 blicanorum,
251 840 324 871 (non
337 837 419 878 quod
429 837 522 867 istum
539 837 603 867 ullo
618 837 732 866 honore
747 836 875 875 dignum
887 845 935 864 ar-

37 877 231 917 bitrarentur,
266 880 317 910 sed
351 880 433 921 quod
464 880 519 910 sust
544 880 686 910 interesse
715 880 876 920 putabant,
904 888 935 908 se

37 930 186 952 memores
206 928 368 964 gratosque
388 923 568 959 existimari)
590 923 701 963 gratias
724 922 773 952 isti
790 927 932 962 egerunt:

37 964 250 1005 Carpinatium
266 976 343 1007 saepe
359 966 398 996 ad
413 977 443 996 se
458 966 496 996 de
508 967 572 1006 ejus
588 966 693 996 officiis
708 965 809 995 literas
819 964 936 994 misisse

36 1007 192 1045 dixerunt,

81 1051 207 1082 LXXI.
233 1051 306 1088 Iste,
324 1063 394 1083 cnm
411 1052 624 1094 respondisset,
644 1062 675 1082 se
697 1062 731 1082 ea
746 1051 875 1081 libenter
890 1050 934 1080 fe-

36 1093 121 1132 cisse,
135 1105 302 1136 operasque
314 1096 484 1137 Carpinatii
500 1105 683 1136 magnopere
698 1094 864 1132 laudasset,
881 1093 934 1123 dat

36 1137 135 1168 amico
149 1149 204 1169 suo
225 1139 346 1169 cuidam
363 1139 532 1179 negotium,
550 1139 603 1179 qui
619 1145 686 1168 tum
707 1138 851 1178 magister
871 1142 935 1167 erat

37 1181 102 1220 ejus
118 1181 276 1219 societatis,
291 1190 324 1212 ut
360 1182 365 1188 '
384 1183 497 1212 ’uenter
510 1188 626 1212 caveret
635 1188 727 1222 atque
739 1180 932 1222 prospiceret,

37 1232 76 1254 ne
91 1224 166 1265 quid
187 1231 262 1255 esset
277 1225 309 1255 in
330 1225 424 1255 literis
439 1225 600 1262 sociorum,
623 1224 705 1266 quod
724 1229 828 1254 contra
842 1233 933 1253 suum

36 1273 128 1307 caput
154 1274 246 1309 atque
276 1268 531 1299 existimationem
558 1269 656 1298 valere
685 1273 793 1308 posset.
824 1267 934 1307 Itaque

35 1309 98 1349 ille,
123 1311 321 1341 multitudine
345 1312 494 1342 sociorum
511 1311 639 1349 remota,
656 1311 840 1340 decumanos
862 1319 934 1340 con-

37 1359 140 1383 vocat:
165 1364 230 1384 rem
245 1354 350 1384 defert.
375 1357 521 1385 statuunt
536 1355 581 1384 illi
596 1360 688 1395 atque
703 1353 879 1389 decernunt,
897 1358 932 1382 ut

35 1405 78 1426 eae
100 1396 206 1435 literae,
230 1398 342 1438 quibus
363 1397 546 1428 existimatio
574 1397 609 1428 C.
633 1397 737 1427 Verris
761 1396 931 1433 laederetur,

35 1447 272 1478 removerentur,
295 1451 446 1482 operaque
471 1441 604 1480 daretur,
621 1450 660 1470 ne
675 1450 710 1470 ea
725 1449 770 1470 res
787 1439 822 1469 C.
840 1438 932 1469 Verri

35 1481 137 1512 fraudi
149 1493 210 1513 esse
220 1490 328 1524 posset.

79 1526 112 1556 si
127 1526 262 1564 ostendo,
279 1527 336 1557 hoc
351 1527 515 1558 decrevisse
535 1526 730 1563 decumanos,
755 1525 779 1555 si
802 1525 933 1566 planum

35 1567 124 1605 facio,
141 1569 197 1599 hoc
213 1569 330 1600 decreto
346 1577 475 1600 remotas
491 1580 552 1600 esse
573 1570 690 1605 literasg
715 1568 790 1609 quid
810 1578 934 1609 exspec-

35 1611 104 1643 tatis
119 1613 271 1653 amplius?
296 1613 465 1643 Possumne
487 1623 550 1643 rem
575 1613 672 1653 magis
694 1611 862 1651 judicatam
887 1611 933 1640 af-

37 1653 126 1691 ferre,
143 1655 240 1696 magis
256 1666 342 1686 reum
358 1656 595 1686 condemnatum
612 1656 643 1685 in
662 1655 814 1694 judicium
835 1654 932 1684 addu-

37 1699 122 1728 cere?
155 1699 202 1728 At
228 1709 358 1739 quorum
383 1699 497 1738 judicio
528 1699 787 1729 condemnatum?
821 1707 933 1737 nempe

37 1749 153 1777 eorum,
170 1751 246 1782 quos
260 1742 292 1780 ii,
310 1743 361 1783 qui
387 1742 533 1773 severiora
545 1742 661 1781 judicia
682 1740 863 1777 desiderant,
884 1750 933 1769 ar-

39 1782 190 1814 bitrantur
215 1795 260 1815 tes
283 1785 420 1825 judicare
440 1792 596 1826 oportere3
628 1785 862 1825 publicanorum
881 1783 934 1822 ju-

36 1825 136 1865 ,dici03
161 1837 236 1868 quos
258 1828 396 1859 videlicet
420 1838 503 1860 nunc
526 1828 659 1870 populus
679 1827 798 1868 judices
820 1825 933 1867 poscitg
