1181 1902
186 51 248 79 254
362 50 412 80 IN
438 49 634 80 VERREM
660 49 725 79 ΠΙ.
749 49 833 79 (ῩΑΡ.
850 46 901 78 44.

180 136 347 166 admodum
362 136 393 166 in
410 137 520 166 tabulis
535 136 679 177 scriptum
695 136 799 173 habes,
818 135 860 165 ita
875 138 993 175 gestum
1010 142 1074 163 esse
1172 149 1174 162 .

180 179 351 209 concedam.

223 222 280 258 At,
298 222 396 256 credo,
413 222 555 252 Sthenius
570 222 626 252 hoc
639 222 695 251 sibi
708 222 846 261 amplum
863 230 924 250 esse
939 218 1070 260 putavit,

181 265 288 305 eligere
306 276 321 294 e
340 265 451 295 civium
469 266 678 295 Romanorum
696 275 833 301 numero,
851 274 887 293 ex
903 263 1071 292 amicorum

180 314 271 348 atque
287 308 441 348 hospitum
458 318 580 337 suorum
598 308 695 348 copist,
713 317 805 347 quem
817 306 1001 346 cognitorem
1018 304 1072 333 da-

179 357 233 380 ret.
258 351 361 387 Quem
382 351 516 391 delegit?
542 351 608 391 quis
624 351 655 380 in
673 351 783 380 tabulis
799 350 926 390 scriptus
942 350 1009 378 est?
1034 347 1070 377 C.

183 394 342 430 Claudius,
367 393 401 423 C.
417 394 451 423 F.
468 394 614 423 Palatina.
652 394 724 423 Non
746 403 859 433 quaero,
883 392 950 432 quis
970 390 1020 421 hic
1036 389 1074 419 sit

184 437 343 473 Clau<lius‚
366 447 459 477 quam
480 437 666 477 splendidus,
689 446 782 476 quam
804 436 958 469 honestus,
979 443 1072 474 quam

182 479 318 516 idoneus,
344 486 466 520 propter
492 481 577 518 cujus
604 479 812 509 auctoritatem
840 484 869 508 et
895 477 1074 517 dignitatem

182 523 325 553 Sthenius
341 524 378 552 ab
395 522 533 552 omnium
556 522 727 552 Siculorum
750 520 965 551 consuetudine
980 519 1075 549 disce-

183 565 276 601 deret,
302 572 330 595 et
346 565 441 595 civem
459 566 635 595 Romanum
652 565 836 604 cognitorem
856 564 948 593 daret.
985 562 1074 592 Nihil

182 608 292 638 horum
309 619 429 648 quaero:
455 608 579 638 fortasse
594 608 675 638 enim
692 608 835 638 Sthenius
851 617 911 637 non
935 605 1076 647 splendo-

182 661 245 681 rem
262 651 405 687 hominis,
430 651 480 681 sed
497 651 745 687 familiaritatem,
763 656 881 680 secutus
903 656 955 679 est.
989 647 1076 686 Quid

181 694 205 723 si
221 695 359 724 omnium
376 694 552 723 mortalium
565 694 689 723 Sthenio
701 704 791 723 nemo
803 692 963 729 inimicior,
981 702 1077 733 quam

181 736 230 767 hic
247 738 281 767 C.
301 737 458 770 Claudiusq
476 742 543 766 tum
560 747 688 776 semper,
706 742 772 766 tum
788 736 819 766 in
836 736 883 765 his
898 735 970 776 ipsis
986 736 1077 764 rebus

180 786 209 809 et
226 780 422 820 temporibus„
438 779 498 809 fuit
509 782 522 809 ἓ
547 780 578 809 si
595 779 632 809 de
646 779 739 809 literis
750 779 896 819 corruptis
907 784 1010 809 contra
1025 788 1077 808 ve-

182 822 226 852 nit
238 825 251 852 Ρ
276 823 299 852 si
311 829 414 852 contra
430 822 513 851 omni
529 823 643 852 ratione
659 822 832 862 pugnavit?
857 828 961 852 utrum
974 820 1075 861 potius

182 876 236 905 pro
249 866 374 895 Sthenio
389 865 547 894 inimicum
564 865 748 905 cognitorem
763 875 824 895 esse
836 865 963 901 factum,
980 874 1017 894 an
1034 870 1075 900 te,

183 909 215 938 in
228 908 345 938 Sthenii
361 908 506 949 periculo,
520 908 635 938 inimici
651 909 715 947 ejus
731 908 854 938 nornine
870 909 1001 938 abusum
1014 917 1077 937 esse

185 951 341 981 credemus
353 953 366 981 Ρ

226 994 350 1024 XLIV.
374 995 434 1030 Ac‚
457 1004 495 1024 ne
510 995 578 1035 quis
593 995 669 1024 forte
688 994 817 1031 dubitet,
840 993 1009 1033 cujusmodi
1031 999 1078 1023 to-

184 1044 250 1067 tum
266 1038 304 1067 sit
316 1038 471 1078 negotium
484 1049 492 1073 3
511 1037 629 1068 tametsi
637 1037 823 1076 jamdudum
835 1037 978 1067 omnibus
990 1037 1078 1067 istius

182 1080 408 1121 improbitatem
424 1080 614 1121 perspicuam
630 1091 692 1110 esse
708 1080 836 1117 confido,
851 1086 952 1110 tamen
965 1080 1077 1120 paulu-

183 1123 248 1153 lum
263 1124 353 1154 etiam
366 1123 519 1153 attendite.
545 1124 574 1154 V
577 1124 663 1154 idetis
676 1124 776 1161 illum,
790 1123 943 1164 subcrispo
956 1123 1076 1164 capillo,

183 1167 317 1206 nigrum,
335 1167 388 1207 qui
404 1177 438 1196 eo
454 1167 540 1196 vultu
556 1177 610 1197 nos
625 1167 771 1203 intuetur,
792 1173 827 1196 ut
851 1166 907 1196 sibi
923 1166 986 1206 ipse
1010 1176 1079 1206 per·
1140 1187 1143 1216 ἃ

182 1216 288 1239 acutus
305 1220 366 1239 esse
381 1209 543 1240 videatur?
568 1210 621 1250 qui
637 1210 754 1239 tabulas
771 1215 870 1244 tenet;
889 1209 942 1250 qui
952 1209 1078 1245 scribit;
1140 1217 1143 1223 ¹

182 1253 236 1293 qui
260 1258 383 1287 monet3
408 1252 461 1293 qui
482 1253 638 1293 proximus
658 1259 712 1290 est-7
745 1253 777 1282 Is
797 1259 841 1282 est
862 1253 897 1282 C.
916 1252 1076 1291 Claudius,

183 1295 236 1336 qui
249 1296 279 1325 in
293 1296 396 1327 Sicilia
406 1302 556 1336 sequester
565 1296 662 1331 istius,
674 1296 830 1336 interpres,
842 1295 991 1325 confector
1003 1305 1077 1335 neg-

183 1338 326 1374 otiorum,
351 1349 444 1379 prope
463 1339 577 1379 collega
603 1339 804 1375 Timarchidi,
838 1336 1076 1368 numerabafur:

184 1391 265 1411 nunc
281 1382 395 1411 obtinet
411 1391 481 1411 eum
497 1382 610 1417 locum,
627 1387 661 1411 ut
677 1381 728 1411 vix
744 1381 884 1422 Apronio
904 1381 949 1410 illi
971 1381 1008 1411 de
1032 1381 1077 1410 fa-

184 1424 358 1454 miliaritate
382 1425 542 1454 concedere
565 1425 721 1459 videatur3
747 1430 775 1454 et
796 1424 849 1465 qui
873 1435 913 1460 se,
938 1433 998 1453 non
1020 1423 1078 1453 'ri-

184 1467 358 1505 marchidis,
372 1467 422 1497 sed
438 1467 531 1508 ipsius
545 1467 660 1505 Verris,
677 1467 823 1507 collegam
840 1473 869 1497 et
885 1467 999 1497 socium
1015 1477 1078 1497 esse

187 1510 314 1540 dicebat.

228 1553 377 1583 Dubitate
398 1553 500 1590 etiam,
527 1553 551 1583 si
571 1554 704 1594 potestiS,
731 1554 805 1594 quin
822 1563 892 1584 eum
909 1553 964 1583 iste
984 1552 1079 1594 potis-

185 1596 297 1626 simum
323 1607 359 1626 ex
387 1597 469 1626 omni
497 1606 623 1626 numero
650 1597 804 1636 delegerit,
832 1597 881 1626 cui
906 1596 985 1626 hanc
1009 1596 1077 1626 falsi

183 1639 343 1678 cognitoris
358 1639 529 1680 improbam
550 1650 709 1680 personam
730 1640 910 1680 imponeret,
933 1649 1025 1680 quem
1047 1645 1077 1669 et

183 1682 254 1712 huic
274 1682 529 1720 inimicissimum,
552 1688 580 1713 et
602 1683 658 1712 sibi
679 1683 811 1713 amicum
835 1693 897 1713 esse
918 1682 1079 1713 arbitrare-

968 1809 1181 1902 4
