1181 1902
227 98 291 130 394
423 97 473 128 IN
499 97 692 129 VERREM
718 97 758 128 V.
777 97 859 128 Cn.
883 100 912 129 9.

221 193 288 214 nae:
323 193 368 213 res
380 183 469 214 illurn
485 183 601 214 divinas
613 184 694 225 apud
704 193 752 214 eos
768 184 850 215 Deos
865 184 894 214 in
913 194 966 214 suo
982 182 1108 213 sacrario
1125 196 1134 210 ι

220 236 315 267 prope
326 226 462 266 quotidie
476 226 573 257 facere
589 227 698 257 vidisti.
716 227 789 257 Non
805 233 943 257 movetur
958 226 1104 267 pecunia:

222 269 361 309 denique,
375 280 444 309 quae
458 270 626 299 ornamenti
642 269 729 300 causii
743 269 877 307 fuerunt,
895 279 955 299 non
971 268 1104 309 requirit.

222 311 312 341 Habe
325 312 533 352 Canephoros:
559 313 695 342 Deorum
710 313 870 343 simulacra
885 312 1014 342 restitue.
1029 312 1108 348 Quae

221 354 294 395 quia
317 354 405 393 dixit,
431 355 513 395 quia,
537 361 671 396 tempore
694 355 775 393 dato,
797 355 930 385 modeste
950 354 1031 395 apud
1055 364 1107 383 vos

222 397 318 427 socius
334 398 509 438 amicusque
524 399 629 438 populi
645 399 777 428 Romani
801 405 924 439 questus
939 404 1004 431 est;
1035 396 1107 437 quia

220 440 358 480 religioni
371 451 433 470 suae
448 451 508 470 non
523 441 632 470 modo'
625 451 655 470 in
670 441 737 471 Diis
749 452 785 482 pa
780 442 852 471 triis
867 421 1045 481 repetentlis,
1057 439 1108 469 sed

222 482 313 512 etiam
331 483 363 513 in
384 483 449 523 ipso
472 484 668 523 jurejurando
689 495 723 514 ac
748 484 929 519 testimonio,
951 482 1109 523 proximus

221 525 301 562 fuit;
325 525 481 556 hominem
500 527 626 556 missum
650 528 688 557 ab
711 527 767 556 isto
792 527 894 557 scitote
913 537 974 556 esse
992 525 1109 555 Messa-

220 578 305 605 nam,
327 568 364 598 de
381 569 487 609 legatis
507 579 615 606 unum,
638 570 726 599 illum
743 570 855 610 ipsum,
872 569 925 610 qui
941 568 1010 598 navi
1025 567 1111 597 istius

223 611 406 641 aedificandae
427 612 548 652 publice
562 613 694 652 praefuit,
712 613 765 653 qui
780 623 798 642 a
813 619 917 642 senatu
933 617 1057 652 peteret,
1074 616 1109 640 ut

223 654 323 684 Heius
338 653 505 694 ignominia
519 655 694 685 afficeretur.

266 697 327 727 IX.
352 697 456 728 Homo
476 698 690 735 amentissime,
713 698 787 738 quid
802 697 938 738 putasti?
962 703 991 727 te
1012 697 1109 735 impe-

222 742 402 770 traturum?
437 740 554 777 Quanti
574 741 598 770 is
616 751 634 770 a
654 741 769 770 civibus
793 741 854 770 suis
880 740 973 777 fieret,
1002 739 1109 779 quanti

223 783 384 813 auctoritas
399 784 464 822 ejus
480 783 650 820 haberetur,
667 783 849 822 ignorabas?
884 783 1002 813 Verum
1018 782 1065 811 fac
1080 787 1110 811 te

222 825 451 865 impetravisse3
475 825 522 855 fac
547 825 662 866 aliquid
683 826 804 865 gravius
824 826 855 855 in
878 826 993 855 Heium
1015 830 1110 854 statu-

224 868 281 897 isse
297 867 518 903 Mamertinos;
543 874 689 908 quantam
710 874 799 908 putas
821 868 1028 898 auctoritatem
1044 867 1110 896 lau-

224 910 353 940 dationis
377 921 481 941 eorum
506 910 653 949 futuram,
679 911 703 941 si
724 911 755 940 in
780 922 862 949 eum,
884 921 975 951 quem
997 915 1111 940 constet

223 963 330 983 verum
345 963 400 993 pro
415 953 585 983 testimonio
601 953 721 991 dixisse,
737 964 857 994 poenam
879 953 1109 984 constituerint?

224 996 363 1026 Tametsi
378 1007 447 1036 quae
462 1002 505 1025 est
519 996 576 1026 ista
597 997 741 1034 laudatio,
767 1007 837 1027 cum
861 996 999 1026 laudator
1022 996 1113 1025 inter-

223 1045 345 1079 rogatus
361 1039 450 1068 laedat
462 1049 578 1068 necesse
590 1040 656 1068 est?
680 1039 765 1076 Quid
774 1040 788 1069 ‚⁹
811 1040 859 1070 isti
875 1039 1043 1069 laudatores
1055 1038 1112 1075 tui,

223 1091 324 1111 nonne
348 1087 435 1112 testes
460 1081 521 1111 mei
539 1082 631 1111 sunt?
663 1082 761 1112 Heius
787 1088 830 1112 est
853 1082 1012 1112 laudator:
1036 1081 1113 1111 laesit

224 1125 408 1164 gravissime.
434 1124 604 1154 Producam
620 1130 758 1155 caeteros:
782 1126 958 1162 reticebunt,
976 1136 1044 1165 quze
1059 1134 1113 1164 po-⁴

224 1173 337 1204 terunt,
363 1167 508 1197 libenter:
543 1167 653 1205 dicent,
670 1178 739 1208 quae
753 1178 870 1198 necesse
892 1168 957 1205 erit,
974 1168 1110 1207 ingratis.

225 1210 350 1250 Negent
370 1210 419 1240 isti
438 1210 605 1240 onerariam
621 1220 729 1240 navem
749 1211 916 1241 maximam
933 1210 1111 1240 aedificatam

226 1263 288 1283 esse
303 1253 482 1283 Messanae?
506 1259 626 1293 negent,
644 1253 668 1283 si
688 1254 810 1294 possint.
846 1254 967 1293 Negent
992 1253 1018 1282 ei
1039 1253 1108 1282 navi

223 1295 368 1326 faciendae
384 1302 549 1326 senatorem
563 1296 785 1326 Mamertinum
800 1297 920 1337 publice
935 1296 1109 1337 praefuissc?

224 1339 343 1369 utinam
358 1339 487 1379 negent!
518 1340 597 1370 Sunt
612 1339 703 1369 etiam
720 1346 835 1376 caetera,
853 1350 921 1380 quae
938 1339 1018 1368 malo
1033 1339 1109 1368 inte-

223 1392 278 1422 gra
301 1392 460 1419 reservare,
476 1388 511 1412 ut
526 1393 619 1422 quam
634 1383 798 1412 minimum
824 1382 861 1412 sit
885 1383 944 1412 illis
968 1381 1112 1422 temporis

225 1424 265 1455 ad
280 1425 490 1455 meditandum
505 1425 806 1466 confirmandumque
821 1425 998 1466 perjurium.

269 1467 346 1498 Haec
370 1468 424 1497 tibi
445 1468 578 1498 laudatio
602 1468 743 1509 procedat
767 1469 798 1498 in
821 1478 1003 1498 numerum:
1028 1467 1060 1497 hi
1081 1473 1110 1497 te

224 1509 363 1540 homines
379 1511 554 1541 auctoritate
569 1512 624 1541 sua
639 1511 811 1547 sublevent;
837 1511 889 1552 qui
904 1517 933 1541 te
948 1521 1046 1550 neque
1057 1510 1109 1540 de-

223 1553 297 1583 bent
312 1553 465 1592 adjuvare,
483 1554 506 1584 si
522 1554 657 1594 pos-sinn
688 1564 785 1594 neque
800 1560 935 1594 possunt,
952 1553 976 1583 si
992 1553 1085 1583 velint
1099 1565 1107 1583 ε

225 1596 336 1636 quibus
352 1602 384 1625 tu
401 1596 541 1636 privatim
557 1597 681 1635 injurias
696 1598 842 1637 plurimas
854 1595 1109 1635 contumeliasque

224 1638 414 1679 imposuisti;
439 1650 500 1679 quo
516 1640 547 1668 in
562 1640 673 1680 oppido
685 1640 797 1669 multas
810 1640 939 1669 familias
955 1640 985 1668 in
1002 1649 1108 1678 perpe-

225 1687 314 1711 tuum
338 1681 464 1711 infames
491 1683 549 1712 tuis
574 1682 684 1722 stupris
708 1683 888 1723 flagitiisque
913 1682 1016 1712 fecisti.
1061 1681 1108 1711 At

224 1724 345 1764 publice
359 1724 565 1755 commodasti.
609 1726 682 1755 Non
703 1725 766 1756 sine
786 1736 897 1766 magno
913 1725 1036 1766 quidem
1051 1724 1109 1753 rei-

224 1767 352 1807 publicae
381 1767 602 1808 provineiaeque
632 1768 741 1799 Sicilia:
771 1768 959 1799 detrimento.
999 1766 1108 1797 Tritici
