1181 1902
181 110 247 139 260
356 107 408 138 IN
433 107 629 139 VERREM
654 106 720 137 111.
746 107 829 137 Cin.
854 109 905 137 50.

182 204 252 225 rum
269 193 391 224 summit
406 194 573 230 voluntate,
585 194 755 223 valuerunt.
779 193 833 223 Ab
843 193 911 230 isto,
925 199 954 223 et
966 204 1075 234 praecO,

182 237 236 278 qui
247 237 353 275 voluit,
361 237 454 267 istum
465 237 602 267 ordinem
614 237 710 277 pretio
719 242 869 266 mercatus
876 242 930 273 est,
940 242 968 265 et
978 237 1075 276 pueri,

183 290 333 311 annorum
360 282 465 310 senum
491 282 709 320 septenumque
736 280 860 317 denum,
893 280 1076 309 senatorium

183 333 294 353 nomen
310 323 471 353 nundinati
487 329 576 353 sunt:
602 329 641 359 et,
659 323 740 363 quod
758 322 908 359 Halesini,
928 323 1076 363 antiquis-

183 366 253 396 simi
268 373 298 397 et
314 366 480 396 fidelissimi
497 366 567 396 socii
583 372 674 407 atque
692 366 792 400 amici,
807 366 916 395 Romae
931 365 1076 405 impeti-{1-

182 415 262 446 rant,
279 415 313 439 ut
329 409 410 450 apud
427 420 456 439 se
472 419 509 439 ne
526 409 675 449 suffragiis
691 409 815 449 quidem
832 408 895 438 fieri
916 408 1027 445 liceret,
1044 408 1075 438 id

181 452 277 493 pretio
293 459 328 482 ut
344 453 407 482 lieri
422 458 531 493 posset,
549 452 654 482 effecit.

226 495 263 525 L.
280 495 476 536 Agrigentini
488 496 525 525 de
537 502 642 525 senatu
655 494 822 535 cooptando
835 494 982 534 Scipionis
994 495 1075 534 leges

183 538 325 579 antiquas
340 539 464 575 habent,
482 539 512 568 in
526 539 636 579 quibus
649 544 678 568 et
693 538 797 567 eadem
810 538 863 567 illa
878 544 979 567 sancta
991 544 1073 573 sunt,

181 582 274 611 ethoc
280 582 412 622 amplius
424 593 431 611 :
450 592 520 611 cum
527 581 801 622 Agrigentinorum
812 580 872 610 duo
885 591 994 620 genera
1005 581 1075 617 sint,

181 635 280 654 unum
292 631 438 661 veterum,
453 625 582 655 alterum
595 625 782 659 colonorum,
797 635 872 664 quos
884 624 924 653 T.
937 623 1076 654 Manlius

181 674 292 708 praetor
308 678 345 698 ex
361 668 633 698 senatus-consulto
652 668 689 697 de
701 667 820 707 oppidis
837 667 1007 697 Siculorum
1024 667 1076 696 de-

181 710 270 740 duxit
281 711 509 751 Agrigentum3
535 717 659 741 cautum
675 716 718 740 est
734 710 764 739 in
782 710 929 750 Scipionis
945 709 1074 750 legibus,

180 763 219 783 ne
243 754 344 794 plures
369 760 466 784 essent
489 754 520 783 in
546 759 651 783 senatu
675 764 712 783 ex
739 753 913 783 colonorum
935 763 1074 790 numero,

181 807 275 837 quam
286 807 323 826 ex
334 803 432 827 vetere
439 797 722 837 Agrigentinorum.
748 796 810 826 Iste
821 796 887 836 (qui
897 796 999 825 onmia
1006 797 1077 834 jura

180 840 276 880 pretio
287 840 484 880 exaequitsset,
496 840 698 880 omniumque
707 849 808 869 rerum
824 839 973 869 delectum
986 846 1077 879 atque

180 883 341 913 discrimen
352 883 480 923 pecunia
492 883 672 919 sustulisset)
681 892 741 912 non
750 881 840 911 modo
846 882 909 917 illa,
917 893 986 922 quae
993 887 1078 912 erant

182 926 289 963 aetatis,
306 926 430 962 ordinis,
449 928 652 967 quaestusque,
669 925 854 965 permiscuit,
872 925 923 955 sed
939 925 1029 954 etiam
1045 925 1077 955 in

180 969 228 999 his
240 969 359 999 duobus
375 969 534 1009 generibus
556 969 680 1005 civium,
697 978 845 998 novorum
867 974 1075 1008 veterumque,

180 1012 332 1042 delectum
348 1012 547 1053 ordinemque
562 1012 703 1042 turbavit.
729 1012 825 1047 Nam,
851 1022 921 1042 cum
942 1017 1017 1041 esset
1040 1022 1077 1041 ex

181 1061 317 1085 veterum
334 1065 461 1085 numero
482 1056 608 1096 quidam
629 1061 746 1085 senator
762 1055 948 1090 demortuus,
963 1060 991 1084 et
1007 1065 1077 1084 cum

182 1108 219 1128 ex
236 1107 365 1139 utroque
376 1109 484 1139 genere
500 1109 555 1139 pai·
570 1109 715 1128 numerus
730 1099 864 1138 reliquus
877 1103 971 1132 esset3
997 1103 1076 1127 vete-

180 1151 246 1172 rem
259 1143 391 1182 cooptari
402 1152 518 1172 necesse
531 1148 594 1172 erat
604 1142 733 1182 legibus,
742 1148 776 1171 ut
787 1142 812 1171 is
827 1141 957 1181 amplior
969 1151 1077 1171 nume-

180 1195 232 1214 rus
245 1191 329 1215 esset.
355 1185 435 1222 Quae
447 1195 516 1215 cum
528 1185 570 1215 ita
580 1196 609 1215 se
620 1196 664 1215 res
676 1185 810 1221 haberet,
823 1190 923 1214 tamen
935 1184 972 1213 ad
983 1184 1075 1213 istum

182 1235 328 1258 venerunt
344 1234 461 1258 emtum
477 1229 578 1258 locum
594 1228 683 1258 illum
700 1228 883 1258 senatorium
899 1237 959 1256 non
976 1227 1075 1256 solum

180 1277 306 1308 veteres,
324 1271 375 1301 sed
391 1272 482 1301 etiam
498 1271 587 1301 novi:
612 1271 657 1307 fit,
678 1277 713 1300 ut
728 1271 823 1312 pretio
846 1281 942 1300 novus
963 1270 1074 1305 vincat,

180 1314 344 1355 literasque
365 1325 383 1344 a
398 1320 525 1355 praetore
547 1315 672 1344 auferat.
710 1313 907 1354 Agrigentini
930 1313 967 1342 ad
984 1313 1076 1342 istum

180 1357 294 1397 legatos
310 1357 448 1394 mittunt,
471 1358 525 1398 qui
546 1368 617 1388 eum
633 1358 713 1397 leges
728 1357 865 1393 doceant,
883 1356 1075 1386 consuetudi-

181 1410 314 1441 nemque
330 1401 468 1431 omnium
486 1411 635 1430 annorum
655 1401 861 1430 demonstrent
875 1411 884 1435 ;
909 1406 943 1429 ut
958 1399 1013 1428 iste
1028 1399 1075 1428 in-

180 1443 340 1483 telligeret,
358 1444 384 1473 ei
401 1455 430 1474 se
453 1444 541 1473 illum
559 1445 659 1474 locum
678 1443 857 1479 vendidisse,
875 1443 923 1472 cui
939 1452 976 1472 ne
992 1452 1075 1472 com*

179 1487 328 1517 mercium
355 1487 479 1527 quidem
496 1498 558 1517 esse
578 1493 735 1527 oporteret.
777 1487 921 1524 Quorum
942 1485 1076 1515 oratione

179 1530 246 1568 iste,
258 1540 328 1559 cum
342 1530 473 1570 pretium
481 1531 547 1569 jam
557 1530 727 1571 accepisset,
739 1540 776 1560 ne
786 1530 939 1559 tantulum
951 1528 1076 1568 quidem

181 1578 351 1604 commotus
367 1579 419 1603 est.

227 1616 314 1646 Idem
331 1616 400 1646 fecit
417 1617 594 1646 Heracleae:
619 1627 691 1646 nam
708 1627 742 1647 eo
762 1626 884 1656 quoque
903 1615 1021 1645 colonos
1038 1615 1074 1644 P.

182 1659 328 1699 Rupih'us
340 1659 487 1695 deduxit3
511 1660 653 1700 legesque
668 1659 780 1689 similes
796 1659 833 1689 de
848 1658 1015 1698 cooptando
1031 1668 1069 1687 se-

179 1708 267 1739 natu,
284 1712 318 1732 ac
333 1702 370 1732 de
383 1712 509 1732 numero
527 1710 663 1733 veterum
676 1713 711 1733 ac
726 1712 886 1737 novorum,
905 1701 996 1731 dedit.
1025 1700 1074 1730 Ibi

183 1755 244 1775 non
261 1745 360 1774 solum
384 1745 450 1783 iste,
473 1751 507 1775 ut
523 1745 605 1786 apud
621 1752 751 1783 caeteros,
772 1745 932 1786 pecuniam
950 1744 1075 1784 accepit,

183 1788 236 1818 sed
252 1788 342 1818 etiam
352 1799 463 1829 genera
475 1795 611 1821 veterum
624 1799 658 1820 ac
667 1799 828 1827 novorum,
839 1797 1077 1828 numerumque,

170 1855 172 1857 »
183 1838 369 1872 permiscuit.
