1216 1907
181 90 213 129 8'
355 90 447 132 PR‘o
472 100 508 130 P.
533 99 747 138 QUINTIO.
764 100 848 132 CAP.
865 102 895 131 5.

178 184 315 216 minibus
329 186 492 226 pecuniam
509 185 620 217 Romae
641 187 740 218 curari
766 192 939 228 oporteret3
964 180 1080 218 auctio-

179 238 250 258 nem
265 228 297 258 in
314 229 418 259 Gallia
434 230 470 260 P.
487 230 537 260 hic
553 230 701 268 Quintius
718 230 866 261 Narbone
878 241 908 260 se
923 230 1078 260 facturum

179 282 242 301 esse
257 272 415 312 proscribit
429 284 535 303 earum
550 284 665 311 rerum,
679 285 749 315 quae
764 274 859 315 ipsius
876 279 961 304 erant
977 273 1079 314 priva-

179 320 228 344 tae.
253 315 304 345 Ibi
327 321 395 345 tum
416 316 462 347 vir
486 316 631 357 optimus,
660 318 730 348 Sex.
756 317 894 355 Naevius,
921 316 1079 347 hominem

179 358 285 388 multis
309 359 407 389 verbis
423 359 564 397 deterret,
580 370 618 391 nc
635 360 825 390 auctionetur
838 371 847 390 z
872 370 942 390 eum
958 370 1020 390 non
1035 359 1080 390 ita

179 401 339 432 commode
369 412 455 442 posse
485 413 520 433 eo
550 409 697 444 tempore,
735 414 804 444 quae
843 402 1077 444 proscripsisset,

180 444 329 475 vendere:
364 445 474 476 Romae
500 446 557 476 sibi
581 456 782 477 nummorum
801 446 976 476 facultatem
1002 456 1076 483 esse,

180 498 286 527 quam,
313 488 337 518 si
352 494 479 529 saperet,
499 499 695 520 communem
719 489 916 525 existimaret,
938 499 994 529 pro
1016 488 1077 519 fra-

180 530 267 560 terna
297 531 350 561 illa
375 532 605 569 necessitudine,
637 539 667 563 et
696 544 752 573 pro
781 533 876 573 ipsius
908 532 1074 562 affinitate:

180 583 253 603 nam
271 574 307 604 Ρ.
325 574 447 612 Quintii
471 576 682 606 consobrinam
705 576 798 606 habet
826 575 857 605 in
883 574 1080 605 matrimonio

180 616 214 646 N
217 628 260 647 aex
263 617 321 656 ius,
344 624 373 648 et
389 629 427 648 ex
443 629 478 648 ea
493 619 612 649 liberos.
637 619 733 657 Quia,
751 619 833 660 quod
847 618 948 648 virum
963 619 1080 648 bonum

180 659 277 690 facere
307 663 476 701 oportebat,
510 662 541 692 id
571 662 754 703 loquebatur
784 662 923 699 Naevius,
955 661 1081 691 credidit

181 702 342 741 Quintius,
359 715 442 741 eum,
460 705 513 745 qui
534 705 701 735 orationem
723 707 873 735 bonorum
895 704 1079 741 imitaretur,

180 745 260 776 facta
284 757 407 788 quoque
434 748 636 778 imitaturum.
669 748 856 778 Auctionem
882 748 959 778 velle
982 747 1081 778 facere

180 789 317 819 desistit:
352 791 487 820 Romam
512 791 732 832 proficiscitur:
767 791 886 822 decedit
912 801 950 821 ex
976 790 1081 821 Gallia

183 832 318 862 Romam
334 833 427 864 simul
444 835 581 864 Naevius.

225 875 307 905 Cum
317 877 479 917 pecuniam
493 878 528 907 (J.
540 877 689 915 Quintius
700 877 737 907 P.
751 877 893 918 Scapulae
902 876 1055 907 debuisset
1069 887 1079 913 ς

181 928 235 967 pter
252 924 290 955 te,
316 920 351 949 C.
368 920 503 961 Aquini,
520 921 631 950 decidit
648 921 684 950 P.
702 920 861 958 Quintius,
879 920 961 961 quod
977 919 1080 950 liberis

181 963 247 1000 ejus
262 962 373 992 (1155011
367 969 445 993 eret
471 963 539 993 Hoc
555 974 589 993 eo
604 974 658 1004 per
670 969 700 993 te
711 974 737 993 a
730 965 869 1004 gebatur,
881 963 975 1004 quod,
987 973 1080 1011 prop-

181 1010 226 1034 ter
242 1005 378 1036 aerariam
399 1006 559 1043 rationem,
576 1016 638 1036 non
661 1007 731 1037 satis
752 1013 816 1036 erat
838 1006 869 1036 in
896 1006 1009 1036 tabulis
1032 1006 1081 1035 in-

181 1048 325 1087 spexisse,
343 1055 495 1090 quantum
511 1050 682 1088 deberetur,
705 1049 763 1079 nisi
784 1049 823 1080 ad
841 1049 973 1080 Castoris
995 1059 1080 1090 quae-

181 1092 279 1128 sisset,
300 1098 451 1133 quantum
479 1093 652 1123 solveretur.
687 1092 812 1123 Decidis
836 1092 1006 1133 statuisque
1031 1098 1079 1129 tu,

182 1140 304 1174 propter
322 1136 574 1166 necessitudinem
601 1147 670 1176 quae
694 1136 749 1166 tibi
774 1146 845 1166 cum
864 1135 1003 1176 Scapulis
1023 1141 1080 1173 est,

183 1177 258 1217 quid
271 1177 306 1208 iis
322 1178 360 1208 ad
372 1178 532 1209 denarium
546 1179 721 1209 solveretur.

228 1220 268 1251 V.
307 1221 385 1252 Haec
400 1222 504 1252 onmia
519 1222 668 1260 Quintius
683 1223 803 1262 agebat,
821 1226 943 1252 auctore
959 1227 989 1251 et
1009 1230 1082 1252 con-

183 1273 303 1294 suasore
319 1265 351 1294 N
355 1265 438 1295 aevio.
474 1266 506 1295 N
509 1275 541 1295 ec
555 1265 681 1302 mirum,
699 1266 724 1295 si
745 1266 810 1304 ejus
826 1266 970 1295 utebatur
985 1264 1083 1295 consi-

182 1306 235 1343 lio,
252 1308 339 1346 cujus
351 1308 502 1338 auxilium
516 1308 572 1338 sibi
584 1314 727 1349 paratum
739 1309 877 1349 putabat.
902 1308 975 1338 Non
988 1308 1082 1338 modo

182 1350 265 1379 enim
281 1351 434 1391 pollicitus
457 1358 521 1381 erat
543 1351 575 1380 in
592 1351 713 1387 Gallia3
739 1351 790 1381 sed
806 1351 916 1381 Romae
932 1350 1080 1391 quotidie,

182 1392 274 1422 simul
290 1399 382 1434 atque
398 1394 454 1424 sibi
469 1395 518 1424 hic
534 1394 700 1432 annuisset,
714 1399 948 1424 numeraturum
959 1404 989 1424 se
1001 1394 1082 1424 dice-

183 1436 245 1466 bat.
279 1436 428 1474 Quintius
453 1448 542 1478 porro
573 1437 667 1468 istum
697 1448 784 1478 posse
813 1437 912 1467 facere
936 1437 1079 1473 videbat3

182 1478 292 1509 debere
307 1479 496 1520 intelligebat
511 1492 518 1510 :
544 1481 678 1518 mentiri,
696 1480 769 1522 quia
784 1491 885 1517 causa,
903 1490 957 1510 cur
971 1479 1084 1510 menti-

182 1527 276 1560 retur,
293 1532 353 1552 non
380 1529 454 1561 erat,
472 1534 533 1554 non
558 1525 706 1564 putabat:
732 1524 819 1564 quasi
839 1523 923 1553 domi
938 1533 1084 1553 nummos

182 1564 318 1603 haberet,
335 1566 378 1596 ita
387 1567 542 1597 constituit
554 1567 693 1607 Scapulis
709 1577 739 1596 se
755 1566 910 1597 daturum.
934 1566 967 1597 N
970 1565 1083 1596 aevium

183 1609 341 1638 certiorem
358 1609 451 1640 facit:
477 1616 573 1650 rogat,
591 1616 625 1640 ut
641 1615 735 1647 curet,
753 1609 835 1650 quod
851 1609 986 1640 dixisset.

227 1651 312 1681 Tum
328 1652 383 1683 iste
399 1653 444 1682 vir
464 1653 598 1693 optimus
621 1654 749 1702 (vereor,
766 1662 804 1682 ne
820 1663 850 1682 se
873 1652 1002 1683 derideri
1023 1662 1083 1693 pu-

185 1699 238 1730 tet,
255 1695 338 1735 quod
361 1696 472 1725 iterum
497 1697 562 1735 jam
586 1696 664 1733 dico,
681 1696 842 1736 optimus),
862 1695 915 1737 qui
940 1695 1025 1725 hunc
1050 1695 1083 1725 in

184 1748 320 1768 summas
341 1739 496 1779 angustias
519 1739 686 1769 adductum
708 1745 850 1787 putaret—3
875 1744 910 1769 ut
926 1749 996 1769 eum
1021 1738 1084 1768 suis

186 1780 433 1813 conditionibus
426 1792 457 1813 m
481 1783 548 1824 ipso
566 1782 693 1814 articulo
713 1781 857 1824 temporis
873 1781 1084 1823 adstringeret,
