1181 1902
225 87 276 118 IN
299 85 495 118 VERREM
523 85 569 117 11.
586 84 670 120 CAP·
686 84 738 115 23.
865 83 926 121 175

35 173 165 214 plurimi
190 173 300 204 Romae
321 179 394 203 tunc
415 172 550 211 fuerunt,
566 172 621 214 qui
642 171 781 203 Deorum
802 170 928 202 simula-

39 227 99 255 cra,
130 227 167 247 ex
191 216 252 247 suis
278 216 356 246 fanis
382 216 510 253 sublata,
535 215 566 245 in
591 215 657 245 foro
682 215 903 245 venerabantur
914 225 926 245 τ

39 260 173 301 itemque
196 265 301 290 caetera
321 259 407 298 signa
429 264 460 289 et
481 264 659 288 ornamenta
678 268 749 288 cum
769 267 930 298 cognosce-

40 309 117 340 rent,
134 303 193 332 alia
207 302 267 332 alio
281 302 312 332 in
328 302 393 332 loco
401 302 602 342 lacrymantes
611 301 817 331 intuebantur.
841 301 931 339 Quo-

40 356 110 376 rum
122 346 261 375 omnium
276 345 357 374 hunc
369 354 538 374 sermonem
548 350 616 374 tum
631 353 694 374 esse
708 343 907 374 audiebamus
918 354 928 374 ε

43 391 65 407 “
79 389 168 419 Nihil
184 398 256 425 esse,
274 387 355 429 quod
371 387 534 428 quisquam
554 387 705 417 dubitaret
720 386 757 417 de
773 387 864 417 exitio
882 397 931 417 so-

41 432 157 462 ciorum
175 438 265 472 atque
287 431 476 466 amicorum3
500 440 571 460 cum
593 429 718 470 quidem
740 428 876 460 viderent
897 429 930 459 in

40 475 106 505 foro
121 474 227 515 populi
240 473 385 511 Romani,
402 483 463 514 quo
475 473 506 502 in
522 473 587 503 loco
603 479 702 509 antea,
718 472 772 513 qui
787 472 872 502 sociis
884 472 932 502 in-

39 518 135 557 jurias
155 518 297 554 fecerant,
319 516 451 546 accusari
473 522 503 546 et
518 515 711 546 condemnari
726 516 872 552 solebant,
888 515 932 545 ibi

40 571 103 591 esse
116 561 217 601 palam
232 559 330 600 posita
344 569 389 598 ea,
406 569 475 600 quae
489 560 528 589 ab
550 559 636 590 sociis
650 568 704 600 per
719 559 814 589 scelus
829 558 932 589 ablata

41 611 203 644 ereptaque
218 602 347 633 essent.”

85 647 148 677 Hic
163 657 219 687 ego
233 655 294 676 non
310 644 437 676 arbitror
451 645 540 675 illum
556 650 750 685 negaturum,
767 644 853 685 signa
868 653 931 674 sese

40 689 185 731 plurima,
202 689 320 719 tabulas
334 688 429 729 pictas
445 688 692 726 innumerabiles,
708 688 818 718 habere
831 699 840 718 ε
864 687 929 724 sed,

41 739 76 763 ut
91 733 207 773 opinor,
223 732 309 769 solet,
325 731 400 769 haec,
417 742 486 771 quae
501 731 602 772 rapuit
617 737 646 761 et
659 731 777 761 furatus
787 737 842 769 est,
853 739 930 760 non-

42 786 202 816 nunquam
227 774 337 813 dicere,
363 785 393 804 se
417 774 524 805 emisse
537 785 546 810 ;
580 774 726 815 quoniam
752 774 878 814 quidem
897 772 930 803 in

40 819 206 856 Achaiam,
220 818 343 856 Asiam,
367 817 595 858 Pamphyliam,
616 823 720 847 sumtu
741 817 876 858 publico,
901 821 932 846 et

40 862 200 902 legationis
210 861 345 899 nomine,
361 866 509 891 mercator
524 860 680 901 signorum
695 861 931 901 tabularumque

41 905 192 946 pictarum
204 904 313 934 missus
328 909 381 934 est.

87 948 221 978 XXIII.
246 947 356 977 Habeo
379 952 409 977 et
430 947 529 984 istius,
551 952 580 977 et
601 947 695 987 patris
715 948 792 986 ejus,
817 945 932 987 accepti

42 991 162 1021 tabulas
183 1000 309 1021 omnes:
334 1000 409 1030 quas
434 990 662 1030 diligentissime
685 990 746 1030 legi
770 996 861 1031 atque
885 991 933 1020 di-

42 1034 143 1075 gessi;
167 1033 272 1074 patris,
297 1032 399 1074 quoad
419 1033 515 1070 vixit3
539 1038 618 1071 tuas,
641 1033 741 1073 quoad
759 1033 802 1063 ais
817 1039 847 1064 te
861 1044 933 1064 con-

43 1077 156 1107 fecisse.
180 1076 265 1106 Nam
281 1076 311 1106 in
327 1076 395 1112 isto,
409 1076 538 1115 judices,
559 1075 616 1106 hoc
636 1085 750 1106 novum
769 1076 932 1117 reperietis.

43 1120 212 1156 Audimus,
225 1119 359 1160 aliquem
371 1119 490 1149 tabulas
498 1129 658 1159 nunquam
668 1119 846 1150 confecisse:
865 1130 935 1160 quae

43 1168 87 1193 est
102 1162 204 1203 opinio
215 1162 376 1192 hominum
391 1161 428 1192 de
440 1162 578 1193 Antonio
593 1162 687 1192 falsa:
712 1172 784 1192 nam
800 1163 870 1193 fecit
888 1162 934 1192 di-

42 1205 259 1246 ligentissime:
284 1215 391 1235 verum
411 1205 449 1235 sit
470 1204 527 1235 hoc
549 1215 644 1245 genus
662 1205 787 1246 aliquod
806 1206 935 1238 minime

43 1249 246 1290 probandum.
283 1248 452 1285 Audimus,
469 1248 564 1278 alium
585 1258 646 1278 non
661 1250 700 1279 ab
715 1248 802 1279 initio
817 1249 933 1289 fecisse,

44 1291 97 1322 sed
112 1301 150 1322 ex
169 1297 304 1332 tempore
319 1290 422 1331 aliquo
437 1291 597 1321 confecisse
609 1294 622 1322 ’ἓ
657 1298 701 1322 est
723 1292 827 1332 aliqua
842 1293 935 1324 etiam

43 1335 171 1374 hujusce
186 1335 228 1365 rei
243 1333 328 1364 ratio.
353 1333 422 1364 Hoc
437 1344 507 1364 vero
522 1343 636 1364 novum
653 1340 682 1364 et
697 1334 861 1365 ridiculum
876 1343 936 1376 est,

43 1377 127 1418 quod
141 1377 191 1408 hic
206 1377 292 1408 nobis
306 1376 470 1417 respondit,
482 1387 551 1407 cum
568 1379 605 1407 ab
618 1388 652 1408 eo
667 1378 786 1408 tabulas
801 1380 937 1419 postula.

43 1430 146 1451 remus
158 1433 165 1450 :
190 1430 290 1461 usque
302 1420 341 1450 ad
357 1420 405 1450 M.
419 1420 600 1450 Terentium
612 1427 643 1450 et
656 1420 694 1451 C.
711 1420 852 1451 Cassium
864 1433 937 1453 con-

44 1464 125 1494 sules
148 1463 331 1499 confecisse;
355 1469 459 1503 postea
484 1463 641 1493 destitisse.
677 1463 753 1493 Alio
776 1464 854 1502 loco,
879 1466 938 1497 hoc

43 1506 217 1546 cujusmodi
243 1506 292 1543 sit,
320 1506 599 1536 considerabimus:
623 1515 706 1536 nunc
726 1506 805 1537 nihil
827 1507 867 1538 ad
887 1519 938 1540 me

44 1549 162 1579 attinet.
187 1549 310 1579 Herum
323 1549 404 1579 enim
416 1555 602 1590 temporum,
612 1549 645 1579 in
657 1549 768 1590 quibus
778 1560 859 1581 nunc
871 1562 939 1582 ver-

45 1603 104 1628 sor,
121 1592 219 1622 habeo
235 1592 365 1629 tabulas,
382 1597 412 1622 et
428 1598 507 1629 tuas,
524 1597 554 1622 et
568 1592 671 1633 patris·
696 1592 838 1624 Plurima
852 1594 939 1635 signa

43 1635 261 1676 pulcherrima,
281 1635 430 1675 plurimas
454 1635 574 1665 tabulas
600 1634 742 1676 optimas,
767 1635 940 1677 deportasse

44 1685 86 1714 te,
103 1687 212 1717 negare
227 1687 287 1707 non
304 1684 407 1718 potes:
433 1684 527 1719 atque
542 1678 662 1708 utinam
677 1688 768 1718 neges
782 1678 790 1709 !
830 1680 939 1711 Unum

44 1720 180 1758 ostende,
203 1720 235 1750 in
258 1721 371 1751 tabulis
397 1727 451 1751 aut
475 1721 535 1751 tuis
557 1726 611 1751 aut
632 1721 727 1762 patris
749 1721 806 1760 tui,
823 1729 940 1754 emtum

44 1773 127 1795 esse:
160 1763 266 1796 vicisti.
301 1764 352 1796 Ne
366 1764 431 1795 haec
446 1763 573 1805 quidem
591 1763 652 1795 duo
668 1763 755 1805 signa
774 1765 941 1806 pulcherri-
