1181 1902
194 152 285 184 PRO
309 152 475 185 ROSCIO
498 152 731 185 AMERINO.
756 153 839 184 CAP.
861 154 908 184 12.
954 155 994 190 47

106 239 261 270 maleficiis
281 239 398 270 sceleris
413 241 515 270 abesse
538 239 657 270 videtur
670 242 683 270 Ρ
714 240 834 271 Tamen
850 240 914 271 haec
928 240 995 270 aliis

106 283 226 313 nefariis
249 283 408 313 cumulant
426 289 517 323 atque
537 283 710 323 adaugent:
735 284 848 313 crimen
867 283 996 314 incredi-

105 327 165 356 bile
175 326 365 366 confingunt:
378 331 466 356 testes
477 326 509 355 in
519 325 611 362 hunc,
623 332 652 355 et
662 332 857 364 accusatores,
867 327 994 365 hujusce

104 369 233 410 pecunia
245 374 420 409 comparant
434 380 442 398 ι
460 368 538 398 hanc
549 368 750 398 conditionem
761 369 871 399 misero
881 370 994 407 ferunt,

102 419 137 442 ut
152 418 246 453 optet,
260 418 363 442 utrum
372 411 460 441 malit
475 411 601 442 cervices
619 412 728 442 Roscio
748 412 829 447 dare,
844 423 894 449 an,
911 412 995 442 insu·-

104 461 152 485 tus
163 456 191 485 in
204 455 348 493 culleum,
362 465 415 495 per
430 465 587 484 summum
600 454 729 485 dedecus
742 455 835 485 vitam
847 455 994 486 amittere.

107 498 254 529 Patronos
280 498 352 528 huic
375 497 532 527 defuturos
557 504 761 539 putaverunt:
787 497 905 528 desunt.
929 498 995 536 Qui

104 542 198 572 libere
216 541 305 579 dicat,
323 541 376 582 qui
399 551 469 570 cum
493 540 551 570 fide
567 540 720 576 defendat,
741 540 773 570 id
788 541 870 581 quod
886 541 917 570 in
938 541 995 571 hac

103 585 194 615 caus-51
214 591 258 614 est
279 584 360 621 satis,
381 584 526 623 quoniam
545 583 670 624 quidem
689 584 815 624 suscepi,
832 593 893 614 non
912 584 995 614 deest

102 627 244 668 profectO,
256 627 381 666 judices.
726 624 730 627 ’

145 670 188 700 Et
203 670 364 707 forsitan,
356 680 388 699 111
401 669 584 718 suscipienda*
582 682 591 699 ι
606 680 707 707 causa,
722 675 834 700 temere
843 670 995 711 impulsus

101 712 293 744 adolescenti
283 726 300 743 1
311 712 454 744 fecerim.
473 712 617 753 quoniam
628 712 752 754 quidem
764 714 856 743 semel
866 713 994 762 suscepi,

100 757 180 794 licet,
197 755 328 793 hercule,
346 756 481 796 undique
496 766 600 786 omnes
616 756 647 785 in
668 766 718 786 me
734 763 858 786 terrores
877 757 995 797 pericu-

101 800 191 841 laque
215 798 411 840 impendeant
430 799 543 836 onmia,
561 809 745 836 succurram,
763 805 854 840 atque
876 799 994 830 subibo.

100 843 227 873 Certum
257 848 301 874 est
319 842 591 882 deliberatumque,
611 853 681 883 quae
703 842 741 871 ad
756 853 878 872 causam
901 843 994 883 perti-

101 896 171 916 nere
186 886 325 923 arbitror,
342 885 445 916 omnia
465 895 525 915 non
541 885 633 915 modo
649 885 756 922 dicere,
777 896 882 915 verum
901 886 993 916 etiam

101 929 239 967 libenter,
257 929 409 965 audacter,
425 928 578 969 libereque
594 928 700 958 dicere.
731 928 830 958 Nulla
849 939 895 959 res
910 934 995 959 tanta

100 972 234 1008 exsistat,
248 971 376 1011 judices,
393 977 428 1001 ut
443 971 536 1012 possit
554 972 616 1001 vim
637 971 714 1001 mihi
737 972 885 1010 majorem
906 972 993 1002 adhi-

99 1016 169 1045 bere
189 1022 300 1053 metus,
317 1025 411 1056 quam
427 1014 509 1044 fides.
534 1014 659 1044 Etenim
679 1014 746 1055 quis
769 1020 832 1044 tam
848 1015 994 1045 dissoluto

100 1057 203 1088 animo
219 1064 273 1093 est
293 1058 357 1099 qui,
379 1058 444 1087 haec
459 1067 530 1088 cum
546 1057 657 1094 videat,
674 1063 770 1088 tacere
785 1068 819 1088 ae
841 1058 993 1098 negligere

99 1101 219 1141 possit?
246 1102 368 1131 Patrem
386 1111 503 1137 meum,
528 1110 598 1131 cum
620 1100 803 1141 proscriptus
824 1111 885 1131 non
906 1108 992 1138 esset,

97 1144 280 1184 jugulastis3
305 1144 436 1174 occisum
452 1144 482 1173 in
500 1143 736 1184 proscriptorum
759 1153 922 1174 numerum
947 1154 993 1174 re-

98 1187 228 1217 tulistis:
253 1198 303 1218 me
319 1187 409 1217 domo
421 1197 490 1216 mea
505 1197 558 1227 per
574 1186 635 1216 vim
648 1186 823 1226 expulistis:
848 1187 994 1227 patrimo-

99 1230 185 1260 nium
202 1241 306 1261 meum
318 1230 485 1271 possidetis.
510 1229 594 1267 Quid
606 1230 696 1259 vultis
707 1229 839 1270 amplius
848 1230 862 1258 Ρ
886 1231 993 1260 etiam-

98 1283 136 1303 ne
151 1273 189 1304 ad
205 1274 347 1304 subsellia
362 1284 433 1304 cuni
454 1273 532 1303 ferro
547 1279 639 1313 atque
654 1273 721 1302 telis
742 1273 876 1310 venistis,
893 1280 928 1304 ut
942 1273 993 1304 hic

97 1323 150 1347 aut
159 1317 306 1357 juguletis
321 1323 374 1347 aut
389 1315 594 1347 condemnetis
610 1318 679 1346 Sex.
698 1316 845 1346 Roscium
859 1318 873 1346 ?

139 1360 219 1390 XII.
246 1360 414 1390 Hominem
441 1360 531 1399 longe
553 1359 790 1389 audacissimum
815 1369 913 1400 nuper
936 1359 991 1390 ha-

96 1402 220 1433 buimus
232 1401 263 1433 in
274 1403 394 1434 civitate
406 1403 442 1433 C.
454 1402 637 1439 Fimbriam,
649 1408 678 1432 et
690 1402 787 1443 (quod
796 1402 874 1433 inter
885 1413 991 1433 omnes

95 1452 220 1483 constat,
237 1447 295 1476 nisi
309 1446 387 1476 inter
408 1456 456 1476 eos
480 1446 533 1487 qui
549 1445 606 1486 ipsi
622 1456 744 1486 quoque
758 1446 927 1483 insaniunt)
942 1446 991 1476 in-

94 1487 297 1520 sanissimum.
323 1490 354 1519 Is
370 1500 440 1520 cum
457 1490 589 1520 curasset
603 1488 634 1518 in
650 1489 756 1519 funere
771 1489 807 1519 C.
831 1489 937 1528 Marii,
953 1495 990 1520 ut

95 1531 136 1569 Q.
154 1533 289 1563 Scaevola
303 1533 522 1569 vulneraretur,
539 1532 585 1563 vir
605 1532 810 1562 sanctissimus
830 1538 921 1573 atque
941 1543 990 1563 or-

94 1575 267 1606 natissimus
289 1582 399 1606 nostrae
420 1575 548 1606 civitatis
571 1575 622 1609 ((18
649 1576 735 1614 cujus
761 1575 863 1612 laude,
888 1585 988 1616 neque

94 1617 142 1648 hic
157 1619 241 1649 locus
257 1625 301 1649 est
321 1625 356 1648 ut
378 1619 477 1649 multa
498 1619 648 1655 dicantur,
665 1628 764 1659 neque
778 1619 868 1659 plura
884 1624 988 1649 tamen

94 1659 153 1691 dici
173 1668 310 1702 possunt,
327 1672 421 1703 quam
442 1662 575 1703 populus
598 1662 758 1691 Romanus
778 1661 926 1692 memoria
941 1672 988 1692 re-

91 1704 192 1742 tinet),
216 1704 297 1735 diem
324 1706 465 1736 Scaevolae
489 1705 578 1741 dixit,
604 1711 802 1745 posteaquam
827 1705 985 1745 comperit,

93 1756 165 1777 eum
180 1757 266 1788 posse
281 1749 390 1779 vivere.
415 1748 497 1779 Cum
512 1750 551 1778 ab
571 1757 605 1778 eo
620 1753 816 1789 quaereretur,
828 1747 902 1789 quid
918 1753 987 1777 tan-

93 1789 163 1820 dem
177 1797 371 1822 accusaturus
386 1797 461 1822 esset
476 1801 559 1829 eum,
576 1801 680 1832 quem,
697 1801 752 1832 pro
767 1791 924 1831 dignitate,
948 1800 987 1821 ne

93 1832 217 1864 laudare
245 1834 370 1876 quidem
400 1834 563 1876 quisquam
588 1833 659 1865 satis
683 1834 841 1866 commode
861 1839 983 1875 posset;
