1181 1902
199 67 242 97 26
377 68 470 101 PRO
493 69 530 100 P.
547 68 665 108 QUIN
668 68 760 101 ΤΙΟ.
777 69 862 100 CAP.
873 69 926 100 23.

199 157 271 184 ante
284 153 342 184 hoc
356 159 478 196 tempus
493 165 532 186 ne
545 155 638 187 fando
653 155 778 198 quidem
793 155 906 186 audita.
929 154 980 186 De
990 164 1023 186 re
1036 164 1091 196 pea

152 201 154 203 ’
198 196 336 227 οιιῐιὶατίἲι
350 198 440 238 cupio
454 199 632 230 contendere
644 211 652 230 ε
677 210 739 230 non
753 199 833 230 licet.
858 199 906 229 At
921 209 956 228 ea
971 206 1090 229 contro-

199 239 296 270 versia
307 246 359 271 est.
385 241 475 272 Nihil
486 242 524 272 ad
534 253 584 273 me
593 243 700 273 attinet
710 254 720 279 ς
744 252 866 273 causam
878 241 984 282 capitis
996 242 1089 280 dicas,

196 288 324 323 oportet.
356 284 489 324 Accusa,
515 286 568 316 ubi
588 286 630 316 ita
652 296 769 316 necesse
792 291 855 315 est:
879 295 953 323 non,
975 285 1087 325 inquit,

200 325 258 355 nisi
274 331 308 356 tu
323 333 405 365 ante,
421 338 499 359 novo
514 329 617 366 modo,
634 329 732 370 priore
746 330 811 358 loco
826 327 946 358 dixeris.
975 327 1089 357 Dicen-

197 368 273 398 dum
289 372 452 401 necessario
465 377 526 402 est:
551 372 774 412 praestituendae
787 371 870 401 horae
879 370 918 401 ad
929 370 1089 401 arbitrium

199 417 337 443 nostrum
350 424 358 443 ε
380 414 477 453 judex
492 415 556 455 ipse
571 415 729 445 arcebitur.

241 455 328 492 Quid
348 459 441 488 tum?
465 458 517 487 Tu
541 458 675 498 aliquem
690 463 855 498 patronum
872 456 1017 494 invenies,
1033 456 1089 487 ho-

201 497 317 528 minem
344 500 462 541 antiqui
484 501 585 538 officii,
608 502 662 542 qui
686 501 876 541 splendorem
899 506 1037 530 nostrum
1060 504 1090 530 et

197 541 327 580 gratiam
348 544 510 584 negligat?
533 554 588 584 pro
608 554 658 574 me
677 543 828 584 pugnabit
850 543 887 573 L.
911 543 1086 583 Philippus,

198 584 382 625 eloquentia,
405 587 562 626 gravitate,
586 587 710 625 honore,
734 586 963 616 florentissimus
985 586 1090 616 civita-

198 626 259 657 tis:
284 628 363 659 dicet
378 629 573 668 Hortensius,
594 630 743 660 excellens
761 628 895 670 ingenio,
917 628 1086 667 nobilitate,

197 669 439 702 existimatione:
464 673 592 703 aderunt
618 679 720 703 autem
744 673 883 702 homines
908 671 1088 702 nobih'ssimi

197 723 233 743 ac
254 715 465 754 potentissimi,
486 727 617 757 quorum
639 715 841 756 frequentiam
864 720 894 745 et
916 725 1088 745 consessum

198 765 259 786 non
280 758 372 788 modo
389 759 424 788 P.
442 759 600 797 Quintius,
621 760 676 800 qui
696 759 734 789 de
754 759 851 799 capite
871 758 1013 794 decernit,
1036 757 1088 788 sed

197 799 308 839 quivis,
325 801 379 842 qui
400 808 484 832 extra
504 802 673 842 periculum
694 802 743 839 sit,
765 802 978 843 perhorrescat.
1011 801 1089 831 Haec

197 847 241 872 est
256 843 361 884 iniqua
377 845 509 883 certatio,
521 855 581 875 non
593 845 657 882 illa,
669 843 730 886 quai
745 850 779 875 tu
791 850 894 875 contra
904 844 1088 884 Alphenum

197 885 379 917 velitabaris.
416 888 511 925 Huic,
528 898 566 918 ne
584 888 638 918 ubi
655 888 827 918 consisteret
842 887 966 928 quidem
986 891 1090 917 contra

197 933 238 966 te,
255 929 357 960 locum
373 931 530 971 reliquisti.
563 931 679 969 Quare,
695 937 749 961 aut
763 931 869 961 doceas
884 936 1011 971 oportet,
1027 929 1088 959 Al-

195 971 334 1011 plienum
350 972 473 1014 negasse
488 985 519 1004 se
533 980 759 1015 procuratorem
774 984 847 1011 esse,
864 983 925 1003 non
945 972 1088 1012 dejecisse

194 1013 325 1053 libellos,
346 1017 497 1055 judicium
519 1017 652 1058 accipere
672 1017 826 1052 noluisse;
850 1022 914 1053 aut,
931 1026 1003 1046 cum
1023 1016 1088 1046 haec

195 1056 239 1087 ita
253 1058 332 1089 facta
347 1060 418 1097 sint,
435 1071 472 1090 ex
489 1060 585 1091 edicto
600 1066 630 1091 te
644 1061 725 1091 bona
740 1060 777 1090 P.
794 1059 917 1097 Quintii
936 1069 998 1089 non
1018 1069 1088 1100 pos-

196 1100 307 1132 sedisse
321 1103 475 1133 concedas.

238 1144 372 1176 XXIII.
398 1146 523 1176 Etenim
545 1146 570 1176 si
592 1157 630 1177 ex
651 1145 747 1176 edicto
769 1144 946 1186 possedisti3
971 1154 1086 1186 qrraero,

194 1198 248 1219 cur
262 1189 343 1219 bona
358 1199 418 1219 non
436 1189 602 1226 veniet-inm
627 1200 681 1219 cur
696 1189 795 1219 caeteri
810 1199 965 1229 sponsores
981 1194 1010 1218 et
1025 1198 1088 1218 cre-

194 1230 305 1261 ditores
326 1241 387 1262 non
408 1232 610 1263 convenerint.
644 1233 786 1262 Nemone
805 1232 874 1268 fuit,
897 1231 946 1261 cui
966 1231 1090 1261 deberet,

194 1273 342 1311 Quintius
354 1277 368 1306 ‚⁹
392 1275 542 1312 Fuerunt,
560 1282 589 1305 et
609 1275 779 1316 complures
793 1275 928 1313 fuerunt,
951 1279 1088 1314 propter-

194 1327 229 1347 ea
249 1317 332 1358 quod
353 1318 389 1348 C.
406 1318 498 1348 frater
518 1318 711 1359 aliquantum
726 1318 793 1348 aeris
807 1317 898 1348 alieni
913 1317 1086 1358 reliquerat.

193 1360 282 1398 Quid
296 1371 367 1401 ergo
382 1363 450 1392 est?
475 1361 626 1392 Homines
644 1367 730 1392 erant
749 1362 788 1391 ab
808 1361 866 1391 hoc
886 1370 992 1391 ornnes
1012 1359 1088 1390 alie-

193 1403 330 1440 nissimi;
355 1409 384 1434 et
406 1404 442 1434 iis
464 1404 653 1441 debebatur;
678 1414 777 1445 neque
799 1410 900 1434 tamen
921 1403 1086 1444 quisquam

192 1446 333 1479 inventus
348 1453 393 1477 est
413 1453 475 1477 tam
492 1447 634 1488 insignite
652 1447 822 1488 improbus,
839 1447 893 1488 qui
913 1446 1025 1476 violare
1047 1446 1084 1476 P.

192 1488 316 1526 Quintii
331 1490 585 1521 existimationem
601 1490 732 1521 absentis
748 1490 881 1520 auderet.
905 1489 995 1520 Unus
1010 1488 1085 1527 fuit,

191 1532 300 1570 affinis,
318 1533 425 1570 socius,
447 1534 639 1572 necessarius,
662 1534 732 1563 Sex.
750 1532 899 1568 Naevius3
924 1532 989 1573 qui,
1010 1542 1083 1562 cum

190 1574 256 1616 ipse
272 1575 352 1606 ultro
367 1576 499 1614 deberet,
517 1577 604 1617 quasi
619 1576 732 1607 eximio
751 1576 878 1617 praemio
897 1574 1014 1606 sceleris
1029 1585 1083 1605 ex-

191 1618 301 1659 posito,
317 1619 511 1660 cupidissime
532 1619 733 1657 contenderet,
756 1625 789 1649 ut
809 1629 863 1660 per
883 1628 914 1649 se
934 1618 1082 1648 afflictum

192 1667 284 1703 atque
295 1672 431 1693 eversum
444 1662 652 1704 propinquum
664 1673 767 1699 suum,
781 1672 841 1692 non
855 1661 948 1692 modo
959 1661 1083 1691 honeste

191 1704 285 1744 partis
308 1705 405 1743 bonis,
426 1716 531 1736 verum
553 1705 644 1737 etiam
664 1705 821 1736 communi
840 1705 919 1741 luce,
941 1704 1082 1745 privaret.

193 1747 254 1780 Ubi
277 1755 361 1789 erant
385 1749 482 1780 caeteri
505 1749 690 1781 creditores?
714 1748 845 1790 denique
867 1748 924 1780 hoc
948 1753 1086 1788 tempore
