1181 1902
298 50 349 81 IN
374 49 568 82 VERREM
596 50 660 81 III.
685 49 769 80 [um.
786 50 838 79 39.
949 49 1011 78 249

123 141 218 172 ratur,
242 142 312 167 ante
331 137 436 167 horam
452 137 571 168 tertiam
586 137 681 168 noctis
696 136 733 166 de
747 136 813 166 foro
826 144 887 165 non
903 134 1012 164 disces-

122 179 172 208 sit.
198 179 345 210 Postridie
368 190 459 210 mane
478 180 650 211 descendit:
674 178 870 220 Agathinum
891 177 930 207 ad
951 187 1013 207 sese

124 228 229 252 vocat:
256 223 344 261 jubet
369 233 440 253 eum
466 223 504 254 de
528 223 622 254 literis
645 222 775 264 publicis
798 221 831 251 in
856 222 1013 251 absentem

123 264 286 295 Sthenium
311 265 416 296 dicere.
454 267 531 296 Erat
551 266 700 305 ejusmodi
721 275 822 302 causa,
844 270 879 294 ut
899 263 951 294 ille
974 273 1013 293 ne

123 307 187 337 sine
201 308 368 339 adversario
383 309 518 349 quidem,
535 309 618 350 apud
632 309 791 339 inimicum
803 307 950 347 judicem,
966 316 1013 336 16-

122 350 219 390 perire
230 358 338 391 posset,
351 352 426 392 quid
441 352 560 382 diceret.
600 353 710 393 Itaque
724 357 845 381 tantum
857 350 948 380 verbo
958 359 1014 389 po-

122 393 194 430 suit,
216 394 374 425 Sacerdote
396 401 533 435 praetore‚
560 395 724 426 Sthenium
749 394 850 424 literas
875 392 1013 434 publicas

121 437 295 477 corrupisse.
321 437 383 468 vix
396 438 447 468 ille
462 438 519 468 hoc
530 438 658 476 dixerat,
675 449 744 469 cum
757 437 813 467 iste
823 435 1012 477 pronuntiat,

123 482 146 495 “
163 479 324 510 Sthenium
346 481 448 511 literas
471 481 608 522 publicas
631 481 797 522 corrupisse
823 479 936 509 videri.
941 479 960 491 ''
984 485 1014 508 et

121 521 185 552 haec
208 530 352 563 praeterea
373 524 490 554 addidit
508 524 601 555 homo
622 525 783 561 Venerius,
806 532 885 553 novo
908 521 1012 559 modo,

121 565 207 595 nullo
227 567 378 607 exemplo,
403 570 425 584 “
438 567 490 599 Ob
506 578 574 598 eam
589 578 653 598 rem
670 568 726 599 HS
743 564 934 621 quingenties
949 564 1013 595 Ve-

121 608 186 638 neri
200 608 342 649 Erycinae
356 610 394 640 de
405 611 523 641 Sthenii
535 611 621 642 bonis
633 618 831 642 exacturum·
824 609 856 627 ·‘'
872 609 1013 649 bonaque

121 651 186 690 ejus
195 652 297 682 statim
309 653 398 694 coepit
407 654 554 685 v:endere
572 660 601 685 et
607 654 802 703 'vendidissess
819 651 845 682 si
856 651 1011 682 tantulum

122 703 215 724 morae
248 695 365 735 fuisset,
400 697 565 737 quominus
589 697 615 728 ei
638 697 768 739 pecunia
791 695 845 725 illa
868 704 1010 725 numera-

122 743 212 768 tetur.

163 780 212 811 Ea
231 788 428 824 posteaquam
450 791 609 815 numerata
629 790 684 821 est,
706 788 863 814 contentus
880 782 937 812 hac
953 781 1011 811 1111-

121 824 236 864 quitate
253 835 313 855 non
337 827 415 856 fuit:
440 827 543 867 palam
564 827 602 857 de
625 827 700 857 sella
720 837 754 857 ac
775 825 920 856 tribunali
940 835 1011 865 pro-

120 867 251 904 nuntiat,
276 871 298 885 “
316 869 349 899 Si
370 869 438 910 quis
459 871 614 900 absentem
635 870 797 900 Sthenium
818 868 860 898 rei
875 867 1012 908 capitalis

119 920 206 940 reum
221 910 317 941 facere
332 912 432 950 vellet,
450 923 512 943 sese
523 914 588 952 ejus
603 923 715 943 nomen
729 918 922 953 recepturum
933 911 965 940 :''
982 917 1012 941 et

121 953 225 990 simul,
248 960 283 984 ut
303 955 342 984 ad
361 966 482 986 causam
498 956 659 994 accederet,
677 965 850 996 nomenque
870 954 1010 991 deferret,

119 996 326 1036 Agathinum,
349 1008 462 1029 novum
484 998 606 1029 affinem
625 1005 717 1040 atque
736 998 898 1039 hospitem,
922 997 1011 1038 coepit

120 1039 242 1070 hortari.
280 1040 364 1071 Tum
386 1042 437 1072 ille
458 1042 547 1079 clare,
569 1042 711 1073 omnibus
727 1041 930 1079 audientibus,
947 1051 1010 1071 sese

119 1082 151 1112 id
166 1092 227 1113 non
239 1094 301 1114 esse
315 1084 479 1122 facturum,
496 1095 595 1126 neque
606 1096 637 1115 se
652 1095 748 1126 usque
763 1095 797 1115 eo
807 1084 933 1115 Sthenio
948 1094 1010 1114 esse

120 1125 291 1165 11111111611111,
315 1133 350 1157 ut
365 1138 435 1158 eum
451 1128 493 1158 rei
508 1129 644 1169 capitalis
664 1128 787 1158 affinem
807 1137 869 1158 esse
887 1126 1008 1157 diceret.

116 1168 184 1199 Hic
207 1176 275 1200 tum
295 1178 417 1220 repente
437 1171 569 1202 Pacilius
590 1171 728 1212 quidam,
753 1171 846 1201 homo
871 1180 960 1210 egens
980 1176 1009 1200 et

115 1211 204 1249 levis,
227 1213 359 1244 accedit:
385 1215 437 1251 ait,
454 1214 479 1245 si
493 1214 606 1253 liceret,
623 1225 734 1245 nomen
748 1213 879 1245 absentis
894 1213 1009 1244 deferre

120 1265 151 1285 se
165 1256 250 1286 velle.
278 1256 342 1287 Iste
356 1268 436 1296 vero,
453 1263 483 1287 et
502 1257 602 1296 licere,
622 1264 651 1288 et
667 1257 850 1305 11611501616,
868 1262 897 1286 et
911 1267 942 1286 se
962 1267 1009 1287 te-

118 1305 287 1338 cepturum.
321 1300 431 1342 Itaque
454 1300 596 1331 defertur.
629 1300 731 1331 Edicit
751 1300 864 1338 statim,
890 1306 925 1329 ut
949 1299 1008 1330 Ca-

119 1341 214 1372 lendis
229 1342 408 1374 Decembris
422 1343 500 1374 adsit
515 1343 658 1374 Sthenius
668 1343 832 1384 Syracusis.
868 1342 941 1381 Hic,
954 1343 1008 1383 qui

120 1384 253 1415 Romam
269 1386 407 1424 venisset,
430 1387 561 1427 satisque
580 1386 706 1417 feliciter
720 1386 792 1416 anni
804 1387 870 1425 jam
885 1385 1010 1416 adverso

120 1433 253 1468 tempore
268 1429 448 1470 navigasset,
470 1430 633 1470 omniaque
653 1430 806 1460 habuisset
826 1429 959 1470 aequiora
979 1435 1008 1460 et

118 1470 311 1510 placabiliora
333 1483 427 1513 quam
448 1473 587 1503 animum
611 1473 747 1514 praetoris
762 1479 853 1513 atque
868 1472 1006 1512 hospitis⁷

119 1523 182 1543 rem
194 1514 233 1544 ad
244 1515 356 1546 amicos
376 1526 445 1546 suos
457 1516 584 1546 detulit:
609 1527 689 1557 quae,
702 1521 737 1545 ut
763 1514 879 1556 [erant]
900 1516 1008 1545 acerba

119 1562 208 1597 atque
222 1557 358 1598 indigna,
375 1559 417 1588 sic
434 1558 645 1600 [videbantur]
662 1558 813 1589 omnibus.

162 1600 324 1631 XXXIX.
342 1602 452 1643 Itaque
466 1602 498 1632 in
510 1608 616 1632 senatu
626 1602 770 1633 continuo
786 1602 844 1633 Cn.
856 1600 1008 1631 Lentulus

119 1648 149 1672 et
172 1642 210 1673 L.
227 1643 345 1675 Gellius
369 1646 505 1676 consules
528 1645 644 1675 faciunt
666 1645 863 1681 mentionem,
890 1644 1008 1685 placere

119 1686 220 1725 statui,
244 1687 268 1717 si
292 1687 428 1728 patribus
450 1688 623 1729 conscriptis
646 1688 807 1725 videretur,
832 1690 854 1705 ‘⁸
872 1687 922 1718 Ne
937 1688 989 1717 abs
977 1698 1005 1712 -

119 1734 200 1760 entes
219 1729 356 1762 homines
379 1731 410 1761 in
423 1731 582 1772 provinciis
598 1731 639 1762 rei
655 1732 759 1763 flerent
776 1741 874 1761 16111111
890 1730 1004 1770 capita-
