1216 1907
271 93 362 136 PRO
385 102 753 142 P.QU1NT10.CA1›.
774 104 822 134 14.
957 93 996 138 17

96 191 249 229 confitear,
265 190 420 232 postulas:
453 194 499 227 ut,
516 188 599 230 quod
613 199 776 231 nunquam
790 189 907 221 factum
928 198 992 220 esse

93 235 208 276 judicio
223 233 426 271 defendimus,
442 232 473 262 id
476 232 623 273 ,proinde
635 233 722 274 quasi
732 233 849 265 factum
860 233 911 271 sit,
922 242 992 263 nos-

96 284 166 318 troJ
159 277 269 308 udicio
285 276 509 307 continuemus.

139 290 198 352 IJnv
199 320 274 351 eniri
285 319 373 357 ratio,
390 319 426 350 C.
442 318 577 360 Aquini,
591 314 652 349 non
668 324 776 360 potest,
789 325 825 350 ut
840 319 879 350 ad
897 329 990 350 suum

95 364 225 406 quisque
251 362 517 411 quamprimum,
539 362 603 392 sine
626 363 809 404 cujusquam
835 362 989 400 dedecore,

96 407 234 445 infamia,
256 405 457 447 pernicieque,
483 405 662 446 perveniat?
695 406 846 443 Profecto,
872 405 896 435 si
917 405 994 446 quid

96 451 266 488 deberetur,
282 455 415 490 peteret:
449 458 510 478 non
532 448 636 478 omnia
655 449 772 498 judicia
792 449 857 479 fieri
871 448 990 485 mallet,

95 504 190 535 quam
205 503 303 523 unum
318 491 407 529 illud,
420 491 502 521 unde
521 491 587 522 haec
606 492 710 522 omnia
725 498 901 523 nascuntur.
926 491 992 529 Qui

95 537 174 567 inter
188 541 233 566 tot
242 545 336 566 annos
351 545 389 565 ne
404 534 564 576 appellarit
580 535 705 575 quidem
722 535 902 573 Quintium,
919 544 991 564 cum

94 585 226 623 potestas
240 584 316 609 esset
327 578 437 619 agendi
449 577 604 618 quotidje;
629 578 694 619 qui,
708 589 770 619 quo
784 584 920 619 tempore
929 577 993 618 pri-

95 632 184 653 mum
210 622 290 652 male
314 632 401 662 agere
424 621 524 662 coepit,
554 621 587 651 in
612 622 792 652 vadimoniis
819 620 993 652 differendis

96 671 217 706 tempus
238 675 329 695 omne
351 664 570 701 consumserit3
595 675 649 706 qui
659 671 764 706 postea
778 664 992 695 vadimonium

96 715 219 750 quoque
233 708 362 738 missum
378 707 493 745 fecerit,
513 707 597 738 hunc
616 718 670 748 per
684 708 808 738 insidias
824 708 854 739 vi
865 708 903 738 de
917 717 992 748 agro

95 751 252 782 communi
263 751 425 791 dejecerit;
450 750 515 792 qui,
528 761 599 781 cum
615 751 653 781 de
668 762 700 781 re
711 751 832 792 agendi,
847 751 932 781 nullo
943 760 992 780 re-

94 801 229 832 cusante,
240 800 372 835 potestas
386 794 504 831 fuisset,
517 794 710 835 sponsionem
721 795 758 825 de
769 796 881 835 probro
896 794 994 825 facere

94 838 258 874 maluerit,
250 849 258 856 ·
283 837 348 879 qui,
365 848 436 868 cum
452 843 607 867 revocetur
621 837 660 867 ad
681 837 713 868 id
725 838 889 877 judicium,
909 835 993 867 unde

94 881 158 912 haec
174 887 246 911 nata
261 887 331 911 sunt
348 881 463 918 omnia,
485 880 690 911 conditionem
710 881 919 922 aequissimam
943 889 992 909 re-

93 924 220 966 pudiet;
256 924 398 962 fateatur,
421 934 452 954 se
475 933 537 954 non
560 924 735 965 pecuniam,
762 924 813 954 sed
840 924 935 954 vitam
955 929 989 953 et

95 967 288 1008 sanguinem,
304 972 414 1008 petere.
439 967 471 997 Is
483 976 544 997 non
559 967 617 997 hoe
631 967 735 1008 palam
751 967 848 997 dicit?
872 965 949 997 mihi
965 966 991 997 si

96 1011 172 1052 quid
186 1010 355 1043 deberetur
368 1015 514 1050 peterem,
532 1016 624 1051 atque
638 1010 713 1040 adeo
726 1010 912 1051 jampridem
923 1013 992 1042 abs-

95 1054 242 1084 tulissem.
267 1053 357 1084 Nihil
371 1053 428 1083 hoe
440 1059 524 1083 tanto
544 1053 677 1093 negotio,
688 1054 766 1084 nihil
783 1062 845 1084 tam
860 1053 992 1085 invidio-

95 1107 129 1127 so
148 1096 273 1136 judicio,
290 1096 368 1126 nihil
388 1102 452 1126 tam
478 1096 599 1137 copiosa
619 1096 814 1127 advocatione
834 1102 948 1147 uterer,
970 1096 996 1129 si

96 1138 264 1188 Petendum
279 1145 363 1169 esset.
396 1139 655 1180 Extorquendum
669 1146 713 1170 est
727 1140 823 1170 invito
836 1146 928 1181 atque
939 1141 990 1171 in-

96 1182 209 1224 gratiis.
247 1182 342 1220 Quod
363 1192 424 1213 non
449 1183 549 1220 debet,
572 1182 763 1223 eripiendum
784 1189 876 1224 atque
892 1184 994 1225 expri-

97 1225 243 1256 mendum
261 1232 325 1256 est:
351 1224 388 1256 de
402 1225 531 1256 fortunis
547 1226 691 1256 omnibus
710 1226 747 1256 P.
770 1226 919 1264 Quintius
940 1227 994 1258 de-

96 1268 265 1299 turbandus
286 1274 348 1299 est:
372 1274 520 1310 potentes,
541 1268 655 1307 diserti,
672 1270 789 1300 nobiles
812 1279 918 1300 omnes
938 1270 994 1300 ad-

95 1312 224 1343 vocandi
248 1318 340 1342 sunt:
376 1312 550 1342 adhibenda
572 1312 618 1342 vis
644 1318 688 1343 est
718 1313 860 1349 veritati3
898 1313 993 1344 minae

92 1355 263 1395 jactentur:
296 1355 431 1396 pericula
448 1355 665 1385 intendantur:
701 1355 879 1386 formidines
897 1366 994 1398 oppo-

96 1404 218 1436 nantur,
235 1404 270 1429 ut
284 1398 321 1428 iis
343 1400 433 1429 rebus
454 1398 619 1439 aliquando
641 1398 739 1429 victus
763 1405 792 1429 et
815 1400 994 1440 perterritus

96 1441 160 1482 ipse
175 1441 268 1472 cedat.
285 1441 378 1480 Quae,
393 1441 578 1479 mehercule,
589 1441 693 1472 omnia
705 1444 803 1477 (cum,
815 1442 869 1483 qui
884 1448 991 1473 contra

95 1490 245 1526 pugnent,
262 1485 360 1523 video,
382 1490 412 1515 et
432 1495 504 1516 cum
524 1484 614 1514 illum
630 1495 803 1516 consessum
819 1486 990 1522 considero)

96 1527 200 1558 adesse
222 1533 314 1569 atque
336 1528 512 1569 impendere
534 1527 686 1567 videntur,
710 1538 810 1569 neque
824 1528 913 1559 vitari
927 1529 994 1558 ullo

95 1570 187 1600 modo
204 1581 299 1612 posse.
337 1571 420 1602 Cum
439 1577 542 1602 autem
558 1570 597 1601 ad
618 1577 658 1609 te,
684 1571 720 1602 C.
737 1571 872 1613 Aquini,
890 1572 994 1602 oculos

96 1613 297 1655 animumque
317 1614 426 1650 retuli,
418 1625 426 1633 ·
465 1624 527 1655 quo
552 1615 668 1654 majore
695 1621 806 1645 conatu
830 1614 996 1656 studioque

95 1662 240 1697 aguntur,
257 1667 290 1687 eo
304 1657 417 1688 leviora
431 1657 660 1698 infirmioraque
682 1657 832 1688 existimo.

138 1699 227 1729 Nihil
241 1700 335 1740 igitur
349 1701 466 1739 debuit,
483 1706 518 1730 ut
538 1707 572 1731 tu
595 1701 659 1741 ipse
679 1700 834 1742 praedicas.
867 1700 953 1739 Quid
969 1700 994 1731 51

94 1725 272 1773 debuisset?
295 1743 479 1774 continuone
501 1754 592 1774 causa
612 1743 730 1782 fuisset,
754 1754 808 1775 cur
828 1755 847 1774 a
866 1749 996 1785 przetore

94 1785 274 1826 postulares,
291 1792 327 1817 ut
343 1787 424 1817 bona
438 1786 628 1828 possideres?
658 1787 731 1816 Non
753 1787 860 1829 opinor
880 1786 912 1818 id
927 1787 999 1828 qui·

672 1839 690 1860 c
716 1830 736 1860 3
