1181 1902
273 105 326 136 IN
350 104 546 136 VERREM
573 103 618 135 11.
643 102 728 134 CAP.
744 103 774 133 8.
909 103 965 133 161

79 191 170 225 eausa
183 191 322 222 accedere
337 191 375 221 ad
391 189 594 222 accusandum
606 201 614 219 ι
639 199 709 230 quae
723 199 814 219 causa
827 188 887 219 fuit
903 189 970 228 jus-

80 237 148 273 tior,
165 245 258 276 quam
274 245 292 264 a
307 240 370 264 tam
387 234 498 264 illustri
518 232 673 273 provincia
692 232 878 262 defensorem
900 242 971 262 con-

81 278 166 310 stitui
191 284 222 308 et
247 277 361 317 deligi?
391 276 580 317 Reipublicae
605 275 779 306 consulere:
808 275 882 315 quid
904 275 969 314 jam

81 321 254 362 reipublicae
269 319 435 357 honestius,
452 329 558 360 quam,
572 318 603 348 in
620 318 705 348 tanta
715 317 831 348 invidia
843 317 973 357 judicio-

81 374 163 402 rum,
188 363 336 394 adducere
361 362 529 399 hominem,
556 362 644 400 cujus
670 360 864 391 damnatione
890 366 970 392 totus

82 407 155 438 ordo
170 417 240 437 cum
255 406 370 447 populo
391 406 533 436 Romano
555 410 584 434 et
603 404 635 433 in
655 403 747 434 laude
770 409 800 433 et
819 403 851 433 in
873 404 972 444 gratia

81 450 175 492 possit
190 452 276 480 esse?
301 448 469 480 Ostendere
484 458 518 478 ac
537 446 728 488 persuadere,
744 446 901 476 hominem
917 457 971 477 no.

81 499 198 524 centem
213 492 379 522 adductum
395 501 475 521 esse:
500 491 569 532 quis
583 496 628 520 est
641 489 674 519 in
689 489 803 530 populo
816 490 969 527 Romano,

81 536 136 577 qui
158 536 215 566 hoc
239 545 300 565 non
324 545 362 565 ex
386 534 484 575 priore
504 534 621 564 actione
641 532 809 569 abstulerit,
830 532 970 563 omnium

80 585 151 609 ante
166 579 379 609 damnatorum
395 577 515 615 scelera,
532 576 626 614 furta,
642 575 768 616 flagitia,
785 575 810 605 si
824 574 856 604 in
872 585 970 605 unum

79 622 182 652 locum
194 621 398 659 conferantur,
409 620 462 651 vix
471 630 542 651 cum
553 619 647 659 hujus
655 617 749 660 parva
760 623 846 660 parte
858 619 972 659 aequari

81 664 270 706 conferrique
283 674 370 705 posse
378 664 392 693 Ρ

124 707 200 745 Vos,
225 707 308 749 quod
334 706 372 737 ad
397 711 528 737 vestram
551 705 679 743 famam,
705 704 971 743 existimationem,

81 751 273 792 salutemque
292 760 487 781 communem
508 749 649 790 pertinet,
664 748 791 788 judices,
813 747 975 788 prospicite

82 800 175 835 atque
194 793 349 824 consulite.
383 792 533 833 Splendor
556 798 652 822 vester
675 791 758 829 facit,
780 797 815 821 ut
838 801 972 831 peccare,

82 837 147 868 sine
163 847 284 867 summo
299 836 472 877 reipublicae
492 835 674 865 detrimento
696 844 729 864 ac
749 834 895 874 periculo,
911 843 973 863 non

81 880 210 921 possitis.
235 879 308 910 Non
318 879 400 909 enim
415 884 513 919 potest
525 888 642 919 sperare
653 877 785 918 populus
797 877 970 914 Romanus,

83 933 147 954 esse
161 923 235 953 alios
249 923 281 952 in
297 928 414 959 senatu,
430 921 484 962 qui
499 928 577 952 recte
591 921 707 961 possint
719 919 865 959 judicare,
882 930 934 950 vos
950 919 975 949 si

83 976 146 996 non
157 965 323 1006 potueritis.
347 965 478 995 Necesse
487 970 541 1002 est,
553 973 622 995 cum
633 963 670 994 de
682 968 745 993 toto
755 962 860 993 ordine
870 962 976 1003 despe-

82 1009 168 1047 rarit,
190 1008 274 1039 aliud
294 1018 390 1049 genus
406 1007 581 1044 hominum,
600 1012 691 1047 atque
711 1005 803 1035 aliam
827 1005 975 1036 rationem

81 1051 279 1092 judiciorum,
295 1051 438 1092 requirat.
473 1050 543 1080 Hoc
558 1049 583 1080 si
597 1049 681 1080 vobis
696 1049 764 1079 ideo
779 1048 875 1079 levius
891 1048 975 1079 vide-

83 1101 145 1131 tur,
162 1095 244 1136 quod
259 1094 373 1135 putatis
392 1103 469 1123 onus
490 1103 552 1123 esse
572 1103 663 1133 grave
683 1097 712 1122 et
731 1091 973 1129 incommodum,

80 1138 233 1177 judicare:
250 1137 417 1177 intelligere
427 1136 552 1173 debetis,
563 1135 698 1176 primum
709 1135 860 1171 interesse,
868 1139 973 1164 utrum

83 1181 115 1211 id
129 1191 206 1211 onus
221 1186 337 1211 vosmet
351 1180 409 1220 ipsi
418 1178 596 1218 rejeceritis;
622 1188 672 1215 an,
683 1177 765 1218 quod
780 1178 907 1218 probare
918 1188 974 1219 po-

83 1224 157 1264 pulo
172 1224 315 1254 Romano
330 1223 422 1253 fidem
444 1228 574 1252 vestram
593 1227 622 1251 et
641 1220 818 1261 religionem
837 1230 898 1250 non
918 1231 973 1261 po-

83 1267 211 1304 tueritis,
223 1277 257 1297 eo
266 1266 349 1296 vobis
359 1265 517 1305 judicandi
528 1270 657 1305 potestas
670 1269 771 1304 erepta
782 1263 829 1294 sit.
853 1263 974 1293 Deinde

83 1310 175 1340 etiam
190 1309 268 1339 illud
288 1309 428 1350 cogitate,
450 1314 565 1348 quanto
585 1307 719 1348 periculo
739 1306 860 1337 venturi
879 1307 975 1336 simus

84 1353 122 1383 ad
137 1363 187 1383 eos
199 1352 327 1392 judices,
344 1361 431 1392 quos,
454 1356 577 1392 propter
597 1350 702 1380 odium
722 1349 825 1388 vestri,
841 1349 974 1390 populus

83 1396 244 1427 Romanus
259 1395 296 1425 de
311 1395 395 1425 vobis
409 1394 538 1425 voluerit
549 1393 694 1434 judicare.

126 1439 247 1469 Verum
270 1438 355 1468 vobis
379 1437 479 1468 dicam
502 1436 545 1474 id,
570 1436 652 1477 quod
676 1434 825 1473 intellexi,
847 1435 974 1475 judices.

84 1482 236 1513 Homines
256 1482 360 1512 scitote
379 1491 442 1511 esse
462 1479 622 1522 quosdam,
644 1489 719 1520 quos
734 1484 855 1508 tantum
870 1478 975 1508 odium

85 1525 176 1556 vestri
190 1524 303 1556 ordinis
318 1529 429 1562 teneat,
445 1530 482 1553 ut
500 1523 557 1553 hoc
572 1523 674 1563 palam
693 1522 758 1561 jam
780 1521 928 1560 dictitent,
945 1532 976 1552 se

84 1568 189 1607 istum,
213 1578 306 1609 quem
328 1567 423 1597 sciant
445 1576 507 1596 esse
526 1565 683 1596 hominem
701 1564 973 1605 improbissimum,

85 1611 142 1642 hoc
157 1621 220 1641 uno
235 1610 359 1641 nomine
379 1609 495 1640 absolvi
514 1609 602 1647 velle,
624 1614 659 1638 ut
679 1609 717 1638 ab
738 1613 843 1637 senatu
862 1607 977 1646 judicia

86 1665 139 1695 per
153 1653 355 1695 ignominiam
375 1651 659 1693 turpitudinemque
679 1650 863 1680 auferantur.
898 1650 976 1680 Haec

86 1707 146 1735 me,
167 1697 296 1737 judices,
317 1696 457 1737 pluribus
476 1695 575 1726 verbis
595 1694 751 1724 vobiscum
772 1703 860 1734 agere
880 1693 978 1733 coegit

85 1749 146 1771 non
161 1740 253 1770 timor
267 1749 354 1769 meus
369 1739 406 1769 de
418 1738 516 1769 vestra
530 1737 602 1775 fide,
613 1737 664 1767 sed
674 1747 740 1777 spes
750 1736 873 1767 illorum
885 1746 975 1772 nova,

86 1794 154 1825 quae
164 1793 233 1814 cum
244 1783 373 1814 Verrem
389 1793 407 1812 a
417 1780 503 1823 port&
513 1780 613 1812 subito
624 1779 662 1810 ad
676 1779 827 1819 judicium
837 1778 978 1810 retraxis-

659 1832 677 1853 1¹
694 1823 714 1852 3
