1181 1902
298 73 348 105 IN
373 73 571 106 VERREM
594 73 655 106 IV.
678 72 763 105 CAP.
784 73 837 104 41„
951 71 1015 107 327

167 158 259 190 XLI.
285 159 380 190 Hunc
395 160 534 190 ordinem
549 160 574 191 si
589 159 737 200 dignitate
758 158 936 190 antecellere
955 167 1017 188 non

122 202 328 240 existimabas,
337 213 374 233 ne
384 203 440 233 hoc
450 203 574 244 quidem
587 204 710 241 sciebas,
725 203 882 242 judicare?
898 202 1013 240 Antea,

123 255 195 275 cum
212 253 349 286 equester
364 246 437 276 ordo
449 246 610 285 judicaret,
627 246 757 287 improbi
773 252 802 276 et
817 255 937 286 rapaces
952 255 1019 275 ma—

122 288 266 327 gistratus
282 289 313 318 in
330 289 500 338 provinciis
506 289 708 319 inserviebant
722 288 906 330 publicanis:
931 298 1020 318 orna-

122 332 197 361 bant
212 341 272 368 eos,
286 333 473 372 quicumque
493 332 524 362 in
545 332 642 380 operis
663 339 768 362 erant·
793 341 1019 373 quemcumque

125 374 259 414 equitem
276 376 453 405 Romanum
478 375 508 404 in
525 375 680 415 provincia
696 375 842 412 viderant,
868 374 1020 405 beneficiis

121 427 158 446 ac
171 417 349 448 liberalitate
364 419 642 459 prosequebantur:
661 428 759 458 neque
771 424 891 447 tantum
903 417 957 447 issa
972 427 1018 447 res

123 461 301 491 nocentibus
311 461 463 502 proderat,
475 467 625 502 quantum
638 460 737 491 obfuit
752 461 869 496 multis,
882 470 953 490 cum
964 460 1020 490 ali-

125 503 200 543 quid
216 510 319 533 contra
335 504 498 534 utilitatem
514 505 579 543 ejus
589 503 701 534 ordinis
714 504 964 544 voluntatemque
976 503 1021 533 fe-

124 547 242 576 cissent.
261 547 463 577 Retinebatur
478 547 535 577 hoc
551 553 629 584 tum,
641 547 739 577 nescio
754 546 919 588 quomodO,
933 546 1020 587 quasi

125 590 283 619 communi
299 590 434 627 consilio,
457 591 495 620 ab
510 590 571 620 ilh's
592 590 762 630 diligenter,
779 596 825 628 ut,
851 589 904 630 qui
920 599 1019 619 unum

122 632 255 672 equitem
273 633 451 663 Romanum
467 633 652 664 contumelia
667 633 796 673 dignum
812 633 959 673 putasset,
979 633 1018 662 ab

123 675 264 706 universo
279 676 383 707 ordine
398 677 480 706 malo
501 676 612 716 dignus
629 676 838 715 judicaretur:
865 682 896 705 tu
914 675 955 705 sic
970 685 1019 705 or-

121 717 226 748 dinem
242 719 426 749 senatorium
437 719 610 760 despexisti,
623 719 664 749 sic
675 719 714 749 ad
725 719 852 758 injurias
862 718 1019 749 libidines-

121 771 185 802 que
201 768 267 792 tuas
282 762 385 792 omnia
395 763 568 804 coaequasti,
580 763 621 793 sic
636 762 770 792 habuisti
786 768 935 792 statutum
947 771 1020 792 cum

123 804 227 835 animo
239 816 273 836 ac
288 806 500 843 deliberatum,
513 816 629 841 omnes,
641 805 695 846 qui
710 805 883 835 habitarent
897 805 929 834 in
942 804 1018 835 Siei-

121 847 177 883 Jia,
201 855 254 878 aut
278 849 332 890 qui
348 849 482 879 Siciliam
500 855 530 879 te
545 855 671 889 praetore
686 848 866 888 attigissent,
888 847 1018 887 judices,

125 891 257 930 rejicere,
275 898 309 921 ut
324 892 402 921 illud
412 902 472 922 non
485 892 640 932 cogitares,
658 897 760 921 tamen
774 891 814 921 ad
826 891 962 930 ejusdem
972 901 1021 921 or-

122 933 204 964 dinis
219 934 357 965 homines
378 941 407 965 te
420 935 536 974 judjoes
551 945 613 965 esse
629 941 792 965 venturum
804 936 818 964 Ρ
841 934 873 964 in
896 934 1020 974 quibus,

123 977 149 1006 si
161 987 197 1007 ex
213 978 350 1018 ipsorum
366 978 530 1008 domestico
546 977 740 1008 incommodo
755 977 859 1007 nullus
874 977 960 1007 dolor
972 977 1023 1006 in-

122 1020 243 1058 sideret,
261 1027 363 1051 tamen
380 1028 455 1051 esset
475 1021 528 1051 issa
548 1020 700 1061 cogitatio,
716 1020 747 1050 in
764 1020 887 1051 alterius
907 1019 1022 1059 injuria

125 1073 189 1094 sese
210 1064 374 1105 despectos,
396 1064 637 1105 dignitatemque
659 1063 773 1093 ordinis
789 1069 973 1093 contemtam
995 1068 1025 1093 et

123 1107 290 1145 abjectam:
316 1107 409 1148 quod,
431 1107 614 1145 mehercule,
635 1106 763 1146 judices,
788 1106 865 1136 mihi
881 1116 942 1136 non
957 1116 1023 1136 me-

122 1149 265 1180 diocriter
280 1150 439 1181 ferendum
460 1150 588 1181 videtur.
625 1150 729 1180 Habet
751 1149 832 1179 enim
855 1149 1021 1190 quemdam

124 1193 266 1223 aculeum
279 1194 473 1233 contumelia,
487 1204 580 1235 quem
595 1193 660 1234 pati
672 1192 822 1234 pudentes
834 1203 869 1223 ac
880 1192 937 1223 viri
949 1192 1021 1223 boni

127 1235 306 1267 difficillime
320 1243 456 1278 possunt.

168 1280 312 1320 Spoliasti
328 1280 464 1311 Siculos:
490 1280 587 1310 solent
602 1278 684 1309 enim
704 1278 795 1309 inulti
810 1289 873 1309 esse
892 1278 924 1308 in
939 1278 1022 1318 inju-

125 1323 178 1353 riis
201 1323 262 1353 suis
284 1323 492 1364 provinciales.
530 1322 658 1353 Vexasti
684 1322 902 1362 negotiatores:
935 1322 1023 1352 inviti

125 1366 210 1396 enim
221 1367 355 1396 Romam
365 1376 493 1407 raroque
504 1366 662 1397 decedunt.
684 1365 832 1406 Equitem
843 1365 1022 1395 Romanum

128 1409 167 1439 ad
183 1410 315 1450 Apronii
330 1409 457 1449 injurias
478 1409 606 1439 dedisti:
631 1409 706 1449 quid
729 1408 811 1438 enim
831 1409 898 1447 jam
916 1418 1023 1439 nocere

128 1458 266 1493 possunt,
280 1452 392 1493 quibus
407 1462 467 1482 non
482 1453 552 1483 licet
564 1450 722 1491 judicare?
756 1451 867 1489 Quid?
891 1461 963 1481 cum
978 1462 1024 1482 se-

130 1502 267 1525 natorem
280 1496 408 1526 summis
422 1496 541 1535 injuriis
557 1495 660 1533 afficis,
678 1493 752 1535 quid
767 1494 852 1524 aliud
867 1494 952 1532 dicis,
965 1494 1024 1525 nisi

128 1538 187 1569 hoc
196 1538 210 1567 ?
245 1538 328 1569 Cedo
343 1539 421 1568 mihi
432 1539 524 1569 etiam
540 1538 633 1568 istum
650 1544 830 1575 senatorem,
843 1543 878 1567 ut
889 1537 946 1567 hoc
958 1548 1025 1567 am-

128 1582 302 1623 plissimum
319 1591 429 1612 nomen
445 1581 630 1611 senatorium
645 1590 705 1611 non
717 1580 809 1610 modo
824 1580 863 1610 ad
878 1580 1026 1610 invidiam

129 1625 352 1665 imperitorum,
364 1625 414 1656 sed
427 1625 519 1655 etiam
529 1624 567 1654 ad
577 1624 793 1654 contumeliam
802 1623 1025 1664 improborum,

131 1674 239 1698 natum
252 1678 314 1698 esse
325 1668 471 1698 videatur.
497 1668 608 1708 Neque
619 1667 719 1697 hocin
731 1676 794 1696 uno
807 1666 879 1697 fecit
887 1666 1024 1705 Anneio,

131 1710 184 1741 sed
198 1711 231 1741 in
246 1711 389 1741 omnibus
404 1710 612 1746 senawribus;
645 1716 680 1740 ut
699 1709 813 1740 ordinis
835 1719 946 1740 nomen
966 1719 1028 1739 non

131 1759 251 1785 tantum
272 1754 311 1785 ad
332 1754 490 1792 honorem,
506 1759 658 1795 quantum
678 1752 717 1784 ad
737 1752 951 1794 ignominiam,
976 1762 1028 1784 va·
