1181 1902
287 68 339 99 IN
363 65 561 99 VERREM
586 65 632 97 11.
657 66 808 97 CAP.33.
935 65 995 97 185

94 165 165 186 rum
186 154 333 191 evolari53
358 154 410 185 hic
430 154 485 184 tibi
505 153 682 194 perfugium
703 164 804 194 speras
824 153 966 184 futurum
978 154 992 183 Ρ

95 199 198 229 Erras.
231 200 277 229 Ut
296 199 356 228 huc
376 197 532 235 incideres,
554 207 615 227 non
637 202 671 226 ut
691 196 742 227 hic
757 196 992 238 conquhzsceres,

94 242 141 272 illi
156 248 185 272 te
200 241 305 273 vivum
321 241 403 271 exire
418 240 498 281 passi
514 246 593 270 sunt.

139 285 308 315 XXXIII.
329 284 372 314 Et
384 284 437 320 ais,
452 283 604 322 judicium
620 294 682 313 esse
694 283 821 320 factum,
834 289 863 313 te
878 282 992 323 injuria¹

93 328 324 359 circumsessum
341 338 404 358 esse
420 327 593 367 Lampsaci,
608 326 691 367 quod
708 326 908 357 Philodamus
920 336 991 357 cum

94 372 159 401 filio
185 372 404 402 condemnatus
429 370 475 400 sit.
514 369 612 408 Quid,
638 369 663 399 si
685 369 787 406 doceo,
814 369 838 399 si
862 370 992 410 planum

94 415 183 451 facio,
210 421 285 445 teste
309 414 433 444 homine
457 423 602 454 nequam,
629 422 736 443 verum
759 412 798 442 ad
821 413 899 443 hanc
926 422 992 443 rem

93 463 196 488 tamen
206 458 325 496 idoneo,
342 463 372 487 te
385 457 451 498 ipso
466 457 620 497 (inquam)
632 461 718 493 teste,
734 455 836 493 doceO,
853 462 882 486 te
898 456 992 495 hujus

92 501 346 532 circumsessionis
361 506 423 530 tuae
437 510 560 530 causam
577 505 607 529 et
622 499 744 539 culpam
760 499 792 528 in
808 499 882 529 alios
894 504 992 529 trans-

92 544 217 580 tulisse3
242 554 341 585 neque
356 543 387 573 in
405 554 465 580 eos,
482 554 558 584 quos
574 548 608 572 tu
624 541 830 580 insimularas,
847 552 909 572 esse
924 542 990 572 ani-

92 588 310 618 madversum?
329 588 395 627 jam
410 586 488 616 nihil
504 592 532 616 te
545 585 697 625 judicium
710 585 842 615 Neronis
853 585 989 625 adjuvat.

93 631 214 669 Recita,
231 642 306 672 quas
322 630 361 661 ad
378 631 532 660 Neronem
548 629 649 659 literas
664 628 756 658 misit.

137 676 293 715 (Epistola
307 675 342 705 C.
361 675 467 704 Verris
479 674 518 703 ad
536 673 577 703 N
576 682 707 702 oronam.
717 692 761 698 --
776 673 990 712 lecmistagon

92 728 146 747 ras
161 722 190 747 et
212 718 375 748 Thessalus
397 722 448 753 ...)

135 761 402 801 'l'hemistagoram
429 767 459 790 et
489 759 675 789 Thessalum
705 758 808 789 scribis
837 759 989 800 populum

90 804 264 835 concitasse.
288 805 392 842 Quem
407 802 582 844 populum?
602 803 656 844 qui
670 807 700 832 te
716 802 918 839 circumsedit,
936 802 990 843 qui

91 853 121 878 te
147 848 252 877 vivum
279 848 456 877 comburere
480 851 604 876 conatus
627 851 680 875 est.
718 845 783 876 Ubi
809 845 863 876 hos
889 856 991 886 perse-

90 891 218 932 queris?
250 890 304 921 ubi
328 891 473 920 accusas?
506 889 561 919 ubi
584 888 721 919 defendis
741 889 793 928 jus
816 899 991 930 nomenque

92 934 185 974 legati
199 936 213 965 P

138 978 176 1007 In
194 976 369 1007 Philodami
382 975 497 1015 judicio
512 975 591 1006 dices
607 975 639 1005 id
657 975 783 1005 aetum?
810 975 894 1006 Cedo
912 974 990 1005 mihi

91 1020 186 1061 ipsius
211 1020 316 1051 Verris
342 1019 574 1050 testimonium:
608 1018 777 1057 videamus,
805 1018 881 1060 quid
907 1018 990 1049 idem

91 1064 148 1094 iste
160 1065 281 1103 juratus
296 1063 415 1093 dixerit.
440 1062 557 1092 Recita.

136 1107 200 1141 (Ab
214 1110 389 1136 accusatore
413 1109 541 1145 rogatus
561 1105 730 1145 respondit,
747 1106 781 1134 'in
799 1105 855 1134 hoc
865 1106 990 1145 jndicio

91 1160 151 1180 non
164 1151 309 1190 persequi
322 1161 332 1179 .·
356 1150 413 1180 sibi
429 1150 463 1178 in
478 1150 582 1178 animo
598 1159 670 1186 esse,
687 1150 747 1178 alio
763 1152 898 1188 tempore
914 1159 990 1189 pcr-

91 1195 205 1234 sequi.)

136 1236 223 1275 Quid
250 1236 345 1277 igitur
371 1241 401 1266 te
428 1236 517 1275 juvat
542 1234 675 1265 Neronis
701 1234 854 1274 judicium
866 1236 880 1265 ,⁹
914 1235 990 1276 quid

93 1279 270 1310 Philodami
291 1279 473 1309 damnatio?
507 1278 642 1319 Legatus
666 1289 738 1308 cum
759 1289 836 1309 esses
860 1278 990 1308 circum-

91 1334 201 1360 sessus,
226 1333 359 1364 cumque
383 1321 660 1363 (quemadmodum
685 1327 749 1351 tute
773 1321 812 1351 ad
834 1322 990 1352 Neronem

92 1366 249 1407 scripsisti)
270 1366 385 1407 populo
407 1366 549 1395 Romano
565 1364 782 1405 communique
797 1375 894 1395 causae
908 1366 992 1406 lega..

91 1415 193 1440 torum
210 1409 289 1439 facta
304 1414 380 1439 esset
395 1408 507 1448 injuria
521 1408 659 1448 insignis,
672 1418 733 1438 non
750 1418 780 1438 es
795 1415 968 1448 persecutus
980 1421 989 1439 :

91 1453 166 1483 dicis
182 1452 237 1483 tibi
252 1453 284 1482 in
300 1452 403 1482 animo
419 1462 481 1482 esse
496 1451 556 1481 alio
571 1457 706 1492 tempore
721 1451 871 1492 persequi.
896 1452 991 1490 Quod

90 1496 152 1526 fuit
167 1495 199 1526 id
211 1497 357 1537 tempus?
382 1495 506 1536 quando
522 1505 552 1525 es
571 1500 745 1535 persecutus
757 1496 771 1524 ?
804 1496 868 1525 Cur
888 1495 992 1525 immi-

92 1539 187 1569 nuisti
210 1540 261 1578 jus
285 1538 468 1579 legationis?
501 1549 555 1568 cur
578 1548 700 1568 causam
726 1538 833 1578 populi
856 1538 991 1571 Romani

93 1582 263 1621 deseruisti,
290 1592 325 1612 ac
350 1581 509 1622 prodidisti
523 1583 536 1612 Ρ
570 1591 624 1611 cur
653 1581 780 1620 injurias
809 1586 888 1620 tuas,
919 1592 992 1613 con-

91 1626 215 1665 junctas
231 1635 301 1656 cum
316 1625 458 1666 publicis,
475 1624 645 1665 reliquisti?
670 1624 743 1654 Non
757 1629 785 1653 te
797 1624 836 1654 ad
851 1632 991 1657 senatum

94 1679 219 1699 causam
235 1668 372 1704 deferre3
396 1678 457 1698 non
478 1668 516 1698 de
536 1674 598 1698 tam
621 1667 772 1697 atrocibus
787 1667 906 1706 injuriis
921 1680 992 1700 con-

95 1712 203 1752 queri;
228 1722 290 1742 non
309 1722 359 1741 eos
381 1711 530 1747 homines,
548 1711 602 1751 qui
623 1711 773 1751 populum
794 1711 992 1754 concitarant,

95 1755 257 1787 consulum
273 1754 367 1787 literis
383 1754 549 1787 evocandos
565 1764 680 1791 curare,
697 1753 856 1794 oportuit?

672 1806 694 1827 R
716 1798 737 1826 3
