1181 1902
220 86 283 117 404
408 84 459 115 IN
484 84 681 116 VERREM
706 84 747 115 V.
772 84 856 116 CAP-
881 85 932 114 20.

213 170 384 211 suspicione
401 171 662 202 remotissimum:
686 170 795 201 deinde
819 179 882 200 esse
900 169 1108 211 perspicuum,

213 213 280 244 fieri
309 214 413 245 omnia
435 213 490 245 issa
513 219 637 255 propter
660 219 832 255 argentum.
876 212 940 243 Iste
964 221 1026 242 non
1049 212 1108 243 du-

214 257 292 287 bitat
306 258 415 297 jubere
429 267 541 288 nomen
561 256 690 287 desei-rit
714 262 744 287 et
757 262 826 288 tum
841 255 979 298 primum
1000 255 1110 296 opinor

212 299 307 330 istum
322 300 453 331 absentis
465 310 576 331 nomen
591 300 744 341 recepisse.

256 344 319 374 Res
334 343 415 374 clara
430 343 533 374 Sicilia
548 343 622 381 tota,
638 348 761 384 propter
776 342 873 373 caelati
889 340 1006 382 argenti
1021 341 1109 382 cupi-

210 385 340 416 ditatem
363 396 429 417 reos
452 386 518 417 fieri
542 396 645 417 rerum
665 386 863 427 capitalium;
887 394 987 425 neque
1005 384 1106 415 solum

212 439 278 460 reos
300 428 366 459 fieri
388 435 560 470 praesentes,
585 429 637 460 sed
661 429 753 460 etiam
772 430 918 460 absentes.
951 427 1106 458 Diodorus

214 472 325 503 Romae
333 472 503 503 sordidatus
513 472 626 503 circum
640 477 782 513 patronos
793 479 885 512 atque
894 470 1027 511 hospites
1039 480 1107 500 cur-

214 525 298 546 sare:
322 525 388 546 rem
403 515 545 546 omnibus
560 525 690 546 narrare.
716 515 828 545 Literae
843 513 1009 544 mittuntur
1023 512 1074 543 isti
1087 524 1107 544 a

212 564 298 599 patre
313 558 516 597 vehementes,
532 559 570 589 ab
586 557 690 589 amicis
701 557 788 595 item,
804 556 929 595 videret,
945 555 1021 597 quid
1035 566 1107 596 age-

212 606 259 632 ret
273 601 311 631 de
326 600 474 640 Diodoro,
491 612 553 642 quo
567 600 817 642 progrederetur:
841 610 907 630 rem
918 599 1032 630 claram
1043 609 1107 630 esse

211 649 242 674 et
265 644 447 675 invidiosam
459 656 467 674 :
492 645 623 675 insanire
648 644 826 674 hominem:
851 642 1023 684 periturum
1048 641 1108 672 hoc

213 696 276 717 uno
290 687 428 725 crimine,
444 687 503 718 nisi
514 688 649 719 cavisset.
673 687 736 718 Iste
748 686 840 717 etiam
855 692 922 716 tum
936 690 1067 726 patrem,
1081 684 1106 715 si

212 739 274 760 non
289 730 321 760 in
336 731 480 771 parentis,
493 736 524 760 at
535 730 567 760 in
579 729 752 767 hominum,
763 739 892 759 numero
902 728 1049 770 putabat:
1067 727 1107 758 ad

210 772 363 812 judicium
375 773 513 803 nondum
529 783 559 804 se
571 773 641 803 satis
650 773 853 803 instruxerat:
877 771 996 812 primus
1007 781 1107 801 annus

212 821 277 846 erat
291 816 474 856 provinciae3
498 826 572 855 non,
584 821 620 846 ut
634 816 665 845 in
681 815 818 853 Sthenio,
832 815 898 854 jam
912 813 1039 844 refertus
1053 824 1107 854 pe-

211 858 313 889 cunia.
337 859 448 899 Itaque
462 858 547 889 furor
563 860 628 898 ejus
641 858 817 899 paululum,
833 867 894 893 non
909 856 1036 898 pudore,
1053 856 1105 887 sed

211 907 297 931 metu
312 912 347 932 ac
367 901 486 941 timore,
502 912 653 943 repressus
668 907 721 932 est.
754 900 965 932 Condemna're
988 898 1105 930 Diodo-

212 954 283 974 rum
298 954 360 975 non
375 944 485 975 audetz
510 946 665 975 absentem
680 944 718 975 de
733 944 790 975 reis
805 943 922 974 eximit.
949 942 1104 973 Diodorus

210 987 336 1026 interea,
352 993 480 1028 praetore
494 987 563 1027 is'to,
578 998 673 1029 prope
687 987 854 1018 triennium
872 985 1028 1027 provincia
1050 985 1104 1015 do-

211 1039 324 1071 moque
339 1030 446 1061 caruit.
470 1030 590 1069 Caeteri,
612 1041 674 1061 non
694 1030 794 1061 solum
817 1028 923 1065 Siculi,
945 1028 997 1058 sed
1012 1028 1103 1058 etiam

210 1073 289 1103 cives
306 1073 451 1112 Romani,
468 1074 525 1104 hoc
540 1079 718 1111 statuerant,
736 1073 896 1114 (quoniam
911 1071 967 1102 iste
982 1076 1103 1101 tantum

210 1116 375 1157 cupiditate
389 1117 631 1157 progrederetur)
647 1116 725 1146 nihil
745 1126 819 1153 esse,
841 1114 924 1156 quod
938 1114 1103 1155 quisquam

209 1165 341 1200 putaret,
355 1170 396 1197 se,
408 1160 491 1200 quod
499 1159 550 1190 isti
558 1160 651 1201 paulo
661 1159 759 1201 magis
768 1159 910 1201 placeret,
917 1167 1102 1195 conservare,

211 1208 265 1232 aut
279 1202 364 1233 domi
375 1203 513 1241 retinere,
529 1213 626 1244 posse.
1089 1230 1092 1234 .

253 1245 330 1275 XX.
355 1245 466 1276 Postea
480 1256 562 1283 vero,
579 1256 674 1286 quam
688 1245 915 1282 intellexerunt,
936 1243 987 1274 isti
1002 1243 1103 1274 virum

209 1287 331 1326 fortem,
350 1299 442 1330 quem
459 1299 580 1319 summe
594 1288 749 1330 provincia
764 1288 968 1328 exspectabat,
985 1285 1027 1324 Q.
1039 1286 1105 1317 At-

208 1331 301 1369 rium,
310 1341 371 1362 non
381 1332 554 1369 succedere3
571 1336 754 1368 statuerunt,
762 1341 793 1361 se
804 1330 882 1360 nihil
891 1336 955 1360 tam
964 1329 1103 1360 clausurn

208 1383 307 1415 neque
324 1380 387 1404 tam
402 1374 592 1405 reconditum
606 1385 693 1416 posse
706 1374 829 1411 habere,
842 1373 926 1414 quod
941 1380 1001 1402 non
1016 1371 1104 1402 istius

208 1416 369 1457 cupiditati
384 1417 609 1458 apertissimum
623 1416 926 1459 promtissimumque
941 1420 1027 1446 esset.

250 1459 337 1490 Tum
352 1460 408 1490 iste
423 1462 461 1491 ab
476 1461 578 1502 equite
591 1461 733 1491 Romano
745 1458 903 1501 splendido
914 1463 943 1489 et
957 1457 1101 1498 gratioso,

207 1502 266 1533 Cn.
284 1502 414 1540 Calidio,
438 1504 525 1543 cujus
547 1503 648 1534 filium
669 1503 782 1534 sciebat
804 1507 973 1533 senatorem
994 1500 1102 1542 populi

206 1546 341 1576 Romani
357 1551 386 1576 et
398 1546 534 1585 judicem
552 1557 625 1586 esse,
642 1546 786 1588 equuleos
801 1550 958 1586 argenteos
972 1544 1100 1581 nobiles,

205 1588 260 1628 qui
275 1588 316 1626 Q.
334 1589 470 1620 Maximi
490 1589 626 1627 fuerunt,
642 1589 751 1620 aufert.
776 1587 963 1629 Imprudens
977 1586 1039 1617 huc
1053 1586 1102 1616 in-

204 1631 275 1669 cidi,
289 1631 426 1671 judiees:
451 1633 525 1663 emit
537 1633 630 1671 enim,
647 1642 709 1663 non
720 1631 856 1662 abstulit.
888 1630 1014 1661 Nollem
1029 1629 1100 1659 dix-

203 1673 272 1704 isse.
303 1674 327 1705 J
328 1675 440 1705 actabit
451 1685 482 1706 se
493 1686 503 1713 3
527 1681 556 1706 et
567 1676 600 1706 in
611 1676 660 1706 his
671 1674 820 1716 equitabit
834 1673 980 1715 equuleis.
1004 1671 1096 1702 Emi:

202 1717 365 1757 pecuniam
387 1718 472 1749 solvi.
506 1718 617 1757 Credo,
639 1718 731 1749 etiam
755 1717 870 1748 tabulae
893 1715 1097 1756 proferentur.

202 1760 261 1791 Est
276 1760 362 1792 tanti.
387 1761 471 1793 Cedo
486 1761 625 1799 tabulas3
649 1761 733 1793 dilue
748 1770 820 1792 sane
834 1759 950 1791 crimen
964 1758 1022 1789 hoc
1038 1757 1098 1789 Ca—
