1181 1902
181 84 242 114 428
367 84 417 115 IN
443 84 639 117 VERREM
663 85 704 116 V.
729 84 813 116 CAl’.
830 88 881 117 43.

189 170 269 222 tatis,
286 171 488 212 requirebant.
513 171 624 213 Itaque
646 174 684 202 ab
704 171 776 209 illis,
800 174 854 214 qui
877 173 1028 215 principes
1046 174 1078 203 in

189 213 225 243 ea
239 213 360 245 civitate
375 221 470 252 erant,
484 214 670 256 praecipitur,
683 220 713 245 et
722 217 879 255 negotium
891 216 980 246 datur
995 226 1080 257 quae-

192 257 322 288 storibus
345 263 375 288 et
401 238 550 296 aedilibuS,
577 263 613 288 ut
636 264 727 288 noctu
750 258 868 299 vigilias
892 264 1015 300 agerent
1041 258 1082 289 ad

192 299 271 330 aedes
294 310 399 330 sacras.
423 301 549 331 Etenim
570 301 625 331 iste
643 301 807 341 Agrigenti
829 302 942 340 (credo,
957 308 1082 342 propter

193 343 423 373 multitudinem
444 344 567 373 illorum
587 344 748 373 hominum
769 350 859 385 atque
879 345 1034 382 virtutem,
1054 350 1084 374 et

193 386 278 426 quod
293 386 370 416 cives
392 386 537 424 Romani,
554 387 610 417 viri
625 387 716 417 fortes
731 397 764 417 ac
781 388 895 418 strenui
910 394 940 418 et
954 387 1085 424 honesti,

195 429 342 469 permulti
362 429 394 459 in
414 430 467 460 illo
483 429 605 470 oppido,
630 430 876 469 conjunctissimo
898 431 1000 460 animo
1015 440 1086 460 cum

193 471 266 512 ipsis
278 472 489 513 Agrigentinis
500 473 608 503 vivunt
619 483 653 503 ac
662 474 866 513 negotiantur)
879 483 940 504 non
952 473 1084 504 audebat

194 515 299 555 palam
315 516 429 553 tollere,
446 522 500 545 aut
514 526 644 556 poscere,
661 526 730 556 quae
745 517 913 557 placebant.

242 558 383 588 Herculis
410 559 560 599 templum
586 564 630 589 est
657 558 740 599 apud
763 559 993 600 Agrigentinos,
1025 567 1087 589 non

197 601 287 641 longe
302 611 320 631 a
339 600 415 639 foro,
432 612 503 632 sane
518 607 657 632 sanctum
672 601 755 642 apud
769 602 837 632 illos
852 608 881 632 et
901 602 1088 643 religiosum.

198 643 250 674 Ibi
265 650 309 674 est
323 654 361 675 ex
381 655 439 675 aere
454 644 650 675 simulacrum
665 645 760 685 ipsius
781 645 934 681 Herculis,
952 656 1012 686 quo
1028 655 1090 675 non

197 686 286 717 facile
300 687 469 728 quidquam
482 687 612 718 dixerim
627 697 677 717 me
693 688 801 718 vidisse
815 688 984 728 pulchrius,
996 691 1091 721 (tam-

200 730 255 760 etsi
275 740 336 760 non
363 736 426 760 tam
442 731 577 760 multum
592 730 624 760 in
640 730 704 760 istis
718 732 808 761 rebus
823 731 970 771 intelligo,
995 741 1088 772 quam

199 773 298 803 multa
323 773 400 811 vidi)
424 783 521 813 usque
548 783 592 810 eo,
617 773 745 812 judiees,
770 779 805 803 ut
831 774 941 803 rictum
965 774 1030 812 ejus
1055 784 1089 804 ac

198 822 339 846 mentum
354 815 447 856 paulo
463 816 501 846 sit
515 816 657 852 attritius,
675 816 757 857 quod
772 816 803 846 in
824 817 963 857 precibus
978 822 1007 846 et
1022 827 1091 856 gra-

200 858 399 889 tulationibus
422 869 484 889 non
511 859 610 889 solum
639 858 671 888 id
695 859 839 898 venerari,
870 869 975 889 verum
1000 859 1091 889 etiam

201 901 339 939 osculari,
364 901 470 932 solent.
493 901 547 931 Ad
568 902 625 932 hoc
648 902 812 943 templum,
837 912 908 932 cum
938 907 1013 932 esset
1036 902 1093 932 iste

201 944 377 985 Agrigenti,
394 944 471 975 duce
491 944 699 983 Timarchide,
721 950 853 985 repente,
875 951 962 975 nocte
981 945 1092 974 intem-

201 987 299 1028 pesta,
321 997 475 1017 servorum
490 995 676 1018 armatorum
694 988 729 1018 fit
744 998 905 1018 concursus
927 993 1018 1028 atque
1033 988 1092 1018 im-

201 1036 299 1071 petus.
317 1030 440 1061 Clamor
453 1040 471 1060 a
482 1030 624 1071 vigilibus
635 1030 760 1072 fanique
771 1031 944 1061 custodibus
955 1030 1072 1060 tollitur
1083 1042 1091 1061 ε

202 1073 257 1114 qui
280 1073 380 1114 primo
405 1083 476 1103 cum
498 1073 641 1103 obsistere
661 1083 695 1104 ac
717 1073 876 1104 defendere
899 1079 1091 1111 conarentur,

202 1116 284 1146 male
298 1116 424 1146 mulcati
445 1116 536 1146 clavis
556 1126 591 1146 ac
613 1116 744 1146 fustibus
763 1117 960 1157 repelluntur.
985 1116 1095 1146 Postea

203 1159 354 1190 convulsis
368 1158 531 1199 repagulis,
549 1159 738 1200 effractisque
757 1159 864 1197 valvis,
880 1159 1020 1189 demoliri
1035 1158 1095 1200 sig-

204 1212 292 1239 num,
309 1212 343 1232 ac
363 1202 497 1232 vectibus
517 1202 709 1240 labefactare,
729 1208 885 1233 conantur.
909 1203 1040 1239 Interea,
1057 1212 1095 1232 ex

203 1246 348 1282 clamore,
386 1245 469 1275 fama
497 1245 561 1275 tota
596 1246 671 1275 urbe
706 1245 887 1286 percrebuit,
927 1245 1096 1286 expugnari

206 1288 289 1318 Deos
314 1287 438 1329 patrios,
465 1297 526 1318 non
555 1287 691 1318 hostium
717 1288 849 1318 adventu
875 1298 930 1319 nec
957 1288 1093 1329 opinato,

206 1341 306 1372 neque
331 1330 488 1371 repentino
505 1330 684 1371 praedonum
704 1331 835 1371 impetu,
858 1331 921 1369 sed,
943 1341 981 1361 ex
1004 1330 1095 1361 domo

206 1379 298 1415 atque
314 1374 434 1404 cohorte
448 1372 597 1414 praetoria,
613 1383 742 1404 manum
757 1374 957 1415 fugitivorum
968 1373 1096 1405 instruc-

207 1423 270 1448 tam
286 1421 497 1457 armatamque
512 1416 636 1447 venisse.

248 1460 352 1490 Nemo
374 1459 538 1500 Agrigenti
559 1469 659 1501 neque
674 1464 761 1490 aetate
776 1464 840 1490 tam
861 1460 979 1497 affecta,
996 1469 1095 1501 neque

206 1503 321 1534 viribus
347 1508 411 1532 tam
437 1502 565 1533 infirmis
588 1502 659 1541 fuit,
687 1502 741 1544 qui
765 1512 825 1533 non
851 1503 905 1533 ina
934 1508 1032 1541 nocte,
1060 1513 1095 1533 eo

206 1546 326 1581 nuntio,
344 1545 491 1576 excitatus
511 1546 684 1582 surrexerit,
701 1546 868 1587 telumque,
885 1546 966 1587 quod
988 1545 1098 1586 cuique

202 1590 264 1621 fors
289 1588 442 1625 offerebat,
468 1589 636 1630 arripuerit.
662 1590 770 1630 Itaque
791 1589 873 1619 brevi
899 1594 1034 1629 tempore
1058 1588 1097 1618 ad

204 1633 313 1664 fanum
330 1642 367 1662 ex
381 1633 456 1662 urbe
472 1632 536 1662 tota
556 1632 751 1662 concurritur.
777 1632 865 1662 Hora
879 1632 1012 1672 amplius
1029 1632 1096 1670 jam

205 1677 236 1706 in
253 1674 443 1706 demoliendo
459 1675 545 1715 signo
560 1676 704 1715 permulti
718 1675 857 1705 homines
869 1675 1075 1705 moliebantur
1085 1685 1094 1703 :

202 1718 280 1749 illud
295 1718 408 1748 interea
423 1718 507 1747 nulla
522 1718 646 1749 lababat
661 1728 699 1748 ex
720 1724 825 1759 parte3
850 1728 921 1748 cum
937 1718 988 1748 alii
1004 1717 1096 1747 vecti-

202 1764 260 1793 bus
274 1761 416 1801 subjectis
436 1767 615 1793 conarentur
636 1771 836 1800 commovere,
853 1761 905 1793 alii
927 1761 1095 1802 deligatum
