1181 1902
172 141 232 172 112
287 138 337 172 IN
364 140 604 173 CAECILIUM
628 141 776 174 DIVIN.
801 141 885 173 CAP.
901 142 933 174 4.

168 228 227 258 tius
243 237 305 259 esse
319 227 437 266 debeat,
458 234 512 258 aut
527 228 612 259 sociis
632 229 801 270 exterisque
815 228 988 259 nationibus
1001 229 1058 269 op-

166 271 259 301 tatius
273 281 335 301 esse
349 271 454 312 possit,
468 277 521 302 aut
535 272 626 302 saluti
640 272 828 312 fortunisque
839 271 977 302 omnium
988 281 1056 301 ma-

164 314 211 355 gis
227 314 489 344 accommodatum
499 314 537 344 sit
550 317 564 345 :³
589 315 759 355 Populatae‚
772 320 898 351 vexatae,
914 314 1054 344 funditus

164 367 285 394 eversae,
302 357 485 398 provinciam
510 358 580 388 socii
601 358 846 398 stipendiariique
868 357 975 398 populi
990 357 1055 387 Ro-

163 400 258 436 mani,
276 400 390 438 afflicti,
407 400 518 438 miseri,
532 402 668 440 jamnon
678 401 782 431 salutis
795 411 891 441 spem,
905 400 956 430 sed
968 399 1053 430 exitii

162 443 316 480 solatium,
333 450 483 484 quaerunt.
518 444 584 481 Qui
595 443 710 483 judicia
724 454 846 474 manere
864 443 946 484 apud
968 442 1051 473 ordi-

161 496 233 516 nem
258 487 440 517 senatorium
466 487 584 524 volunt,
610 493 789 527 queruntur,
817 492 1000 517 accusatores
1020 496 1052 516 se

160 529 283 560 idoneos
304 539 364 559 non
380 530 512 560 habere:
537 529 590 570 qui
605 540 743 560 accusare
765 536 901 570 possunt,
920 528 1050 568 judicio-

161 582 231 602 rum
247 572 435 603 severitatem
451 572 629 603 desiderant.
668 573 805 613 Populus
828 573 987 602 Romanus
1002 571 1052 601 in-

158 620 250 653 terea,
271 616 390 646 tametsi
414 616 518 646 multis
541 615 739 646 incommodis
761 615 1051 655 difficultatibusque

160 658 284 689 affectus
311 665 365 697 est,
390 665 491 689 tamen
518 659 595 688 nihil
620 669 705 700 aeque
725 659 757 688 in
781 658 936 699 republica
959 664 1051 698 atque

157 701 244 731 illam
260 708 390 732 veterem
409 702 593 741 judiciorum
614 702 677 732 vim
695 702 934 742 gravitatemque
948 700 1050 741 requi-

159 744 208 775 rit.
231 745 254 775 J
257 745 310 774 ud
312 745 426 775 ciorum
443 744 588 775 desiderio
610 745 772 775 tribunicia
786 750 917 786 potestas
933 743 1050 784 efflagi-

157 793 221 818 tata
239 794 303 818 est:
325 788 510 827 judiciorum
529 788 651 818 levitate
670 787 743 818 ordo
765 798 888 829 quoque
909 787 987 817 alius
1008 787 1048 816 ad

156 841 203 861 res
215 831 395 871 judicandas
413 832 601 872 postulatur:
624 830 763 870 judicum
778 831 869 871 culp&
888 836 979 871 atque
994 829 1047 859 de-

155 873 272 913 decore,
289 874 380 905 etiam
396 874 564 905 censorium
579 883 701 911 nomen,
715 874 797 914 quod
809 874 942 914 asperius
957 879 1047 904 antea

155 917 271 958 populo
286 917 381 947 videri
396 917 521 953 solebat,
538 917 570 946 id
590 926 672 947 nunc
692 917 846 957 poscitur;
869 916 900 946 id
909 917 975 956 jam
990 926 1046 958 po-

154 960 261 1001 pulare
272 966 364 1001 atque
378 960 538 1001 plausibile
549 960 664 991 factum
681 966 733 990 est.

197 1003 236 1032 In
252 1003 308 1033 hac
323 1003 448 1034 libidine
463 1003 624 1033 hominum
640 1002 932 1040 nocentissimorum,
943 1001 975 1032 in
987 1012 1044 1043 po-

152 1046 219 1087 puli
235 1046 369 1076 Romani
384 1046 561 1087 quotidiana
576 1046 776 1087 querimonia,
790 1045 975 1085 judiciorum
996 1046 1044 1075 in-

151 1089 257 1127 famia,
275 1090 367 1120 totius
384 1089 496 1120 ordinis
512 1089 686 1126 offensione,
703 1099 773 1119 cum
795 1089 852 1120 hoc
873 1098 971 1118 unum
994 1088 1043 1118 his

151 1138 196 1163 tot
210 1133 411 1163 incommodis
426 1132 595 1163 remedium
616 1143 678 1162 esse
699 1133 869 1170 arbitrarer,
884 1137 919 1162 ut
941 1132 1042 1162 homi-

150 1185 203 1206 nes
214 1175 314 1206 idonei
323 1182 415 1217 atque
430 1175 540 1216 integri
555 1186 675 1205 causam
688 1175 861 1216 reipublicae
869 1175 1037 1215 legumque

151 1219 355 1260 susciperent;
378 1219 484 1256 fateor,
500 1229 560 1257 me,
586 1218 692 1248 salutis
712 1218 851 1248 omnium
877 1218 978 1255 causis,
1001 1217 1040 1247 ad

151 1272 219 1292 eam
240 1268 358 1303 partem
382 1262 536 1293 accessisse
558 1261 731 1303 reipublicae
750 1261 954 1299 sublevandae,
971 1271 1042 1302 quae

151 1305 288 1335 maxime
302 1306 461 1335 laboraret.

194 1348 225 1377 N
229 1358 299 1385 unc,
313 1348 469 1388 quoniam,
483 1347 594 1388 quibus
606 1348 694 1378 rebus
706 1347 854 1377 adductus
866 1346 904 1376 ad
916 1356 1038 1377 causam

148 1391 334 1428 accesserim,
351 1391 564 1428 demonstravi,
581 1390 742 1420 dicendum
759 1390 921 1420 necessario
937 1396 980 1420 est
1003 1389 1042 1420 de

150 1434 341 1464 contentione
361 1434 473 1470 nostra,
495 1439 540 1471 ut,
563 1434 595 1463 in
622 1433 830 1464 constituendo
856 1439 1038 1471 accusatore,

149 1476 226 1518 quid
241 1476 325 1517 sequi
340 1476 469 1516 possitis,
485 1476 631 1506 habeatis.

191 1519 261 1559 Ego
276 1519 317 1549 sic
332 1519 479 1559 intelligo,
494 1519 630 1558 judices:
656 1529 726 1549 cum
748 1518 786 1549 de
803 1518 938 1559 pecuniis
952 1528 1038 1558 repe-

148 1562 252 1592 tundis
268 1572 378 1592 nomen
394 1562 563 1602 cujuspiam
579 1562 740 1599 deferatur,
757 1562 782 1591 si
794 1568 943 1593 certamen
958 1561 1037 1592 inter

147 1606 266 1646 aliquos
281 1605 330 1643 sit,
346 1605 395 1635 cui
410 1605 601 1645 potissimum
616 1605 726 1640 delatio
738 1605 836 1643 detur,
852 1605 916 1634 haec
932 1604 1009 1634 duo
1002 1613 1034 1634 m

147 1648 254 1689 primis
269 1647 394 1688 spectari
409 1653 563 1688 oportere:
588 1658 679 1689 quem
696 1648 830 1678 maxime
845 1647 938 1677 velint
953 1653 1034 1676 acto-

148 1701 213 1721 rem
232 1702 294 1721 esse
315 1691 347 1728 ii,
369 1691 481 1731 quibus
501 1691 588 1721 factae
608 1701 670 1721 esse
693 1690 832 1720 dicantur
852 1689 983 1729 injuriae,
1004 1696 1034 1720 et

145 1744 238 1775 quem
259 1734 385 1769 minime
409 1734 480 1764 velit
505 1733 542 1771 is,
558 1733 612 1776 qui
633 1744 683 1764 eas
707 1733 833 1773 injurias
856 1733 960 1768 fecisse
985 1743 1033 1762 ar-

138 1783 267 1818 'guatur-

187 1820 247 1852 IV.
272 1821 310 1851 In
325 1819 381 1851 hac
397 1819 496 1857 causa,
506 1819 633 1860 judices,
653 1818 772 1853 tametsi
787 1825 952 1860 utrumque
967 1827 1030 1850 ffise
