1181 1902
221 74 284 104 400
408 74 460 104 IN
484 73 682 105 VERREM
706 74 746 105 V.
771 74 854 106 CAP.
876 76 923 105 15.

221 159 393 200 quiescebat
404 171 412 190 ε
437 159 543 190 fratres
552 159 597 190 ilii
607 160 759 202 Cybiratae
770 160 1019 191 inambulabam:
1044 160 1111 201 qui,

221 212 271 232 me
287 202 341 232 ubi
355 202 506 239 viderunt,
518 203 580 234 Ubi
596 210 677 241 sunt,
691 204 863 245 Pamphile,
880 203 1034 244 inquiunt,
1048 214 1114 244 scy-

220 245 300 285 phi?
325 245 462 275 Ostendo
483 246 584 276 tristis.
613 246 764 276 Laudant.
798 247 914 287 Incipio
941 246 1036 286 queri,
1062 256 1113 275 me

221 287 299 317 nihil
319 288 508 325 habiturum,
526 289 608 329 quod
629 289 756 328 alicujus
775 296 850 319 esset
865 289 964 330 pretii,
981 289 1005 318 si
1021 289 1113 329 etiam

222 330 328 371 scyphi
343 337 440 361 essent
455 332 557 361 ablati.
582 332 667 362 Tum
686 332 742 369 illi,
759 333 812 362 ubi
833 342 882 362 me
898 333 1112 361 conturbatum

221 372 336 410 vident,
361 376 384 391 “
401 374 486 411 Quid
501 375 545 404 vis
561 375 645 405 nobis
661 375 741 411 dare,
758 381 793 405 ut
808 375 857 404 isti
873 376 926 404 abs
940 380 969 404 te
978 384 1016 404 ne
1027 374 1113 404 aufe.-

221 421 328 445 rantur
340 416 377 447 ?'’
401 417 451 447 Ne
466 418 575 455 multa,
589 418 735 447 sestertios
747 418 800 447 CC
810 428 871 454 me,
882 417 992 458 inquit,
1003 427 1113 457 popos-

222 464 347 489 cerunt:
372 459 436 489 dixi
451 470 501 490 me
515 460 659 490 dat-urum
675 460 710 490 C.
744 460 842 491 Vocat
857 460 970 490 interea
984 465 1110 500 praetor:

222 501 350 542 scyphos
365 503 469 543 poscit.
493 503 578 532 Tum
590 503 657 533 illos
669 503 791 544 coepisse
801 503 921 544 praetori
933 503 1041 539 dicere,
1054 513 1112 542 pu·-

222 544 301 575 tasse
316 555 346 575 se
371 545 426 583 (id,
444 546 526 586 quod
541 546 708 582 audissent)
732 546 860 585 alicujus
881 546 969 586 pretii
985 546 1112 586 scyphos

222 597 285 617 esse
301 588 455 629 Pamphili
469 600 476 618 ;
494 589 612 619 luteum
627 590 783 629 negotium
796 599 878 624 esse;
896 598 955 618 non
971 588 1112 628 dignum,

222 630 304 670 quod
325 631 357 661 in
373 642 426 661 suo
442 638 565 672 argento
581 633 691 663 Verres
706 632 838 662 haberet.
872 631 930 661 Ait
945 631 1007 667 ille,
1030 631 1112 661 idem

223 673 280 703 sibi
296 673 409 709 videri;
433 674 475 704 ita
496 675 677 715 Pamphilus
698 674 826 715 scyphos
850 674 980 714 optimos
1004 674 1111 704 aufert.

222 715 267 746 Et
289 717 501 752 (mehercules)
522 728 577 757 ego
592 723 691 755 antea,
714 718 833 747 tametsi
853 717 910 747 hoc
925 717 1023 747 nescio
1039 716 1114 757 quid

224 759 419 799 nugatorium
430 759 560 789 sciebam
573 770 646 796 esse,
660 760 717 789 ista
731 760 918 799 intelligere:
943 765 1045 789 tamen
1057 759 1115 788 mi-

224 803 283 831 rari
299 803 443 840 solebam,
453 802 546 832 istum
556 802 588 832 in
604 802 650 832 his
662 803 733 843 ipsis
745 804 834 832 rebus
847 802 979 842 aliquem
992 812 1113 832 sensum

224 844 346 880 habere,
364 855 455 885 quem
472 845 589 883 scirem,
606 845 693 875 nulla
708 845 739 875 in
755 856 796 884 re,
822 845 990 886 quidquam
1016 844 1114 875 simile

225 887 358 918 hominis
373 888 492 918 habere.

268 930 343 961 XV.
367 930 453 960 Tum
477 931 612 971 primum
636 931 783 969 intellexi,
808 931 846 961 ad
869 941 935 961 eam
957 941 1022 961 rem
1042 930 1114 960 istos

223 972 330 1003 fratres
346 973 504 1014 Cybiratas
520 974 622 1011 fuisse,
639 980 674 1004 ut
685 974 750 1012 iste,
767 975 799 1004 in
814 973 954 1011 furando,
971 974 1113 1004 manibus

225 1016 298 1053 suis,
315 1017 409 1047 oculis
432 1016 565 1054 illorum,
583 1022 726 1047 uteretur.
760 1018 806 1047 At
830 1017 872 1046 ita
897 1016 1047 1047 studiosus
1069 1023 1114 1046 est

224 1059 318 1098 hujus
333 1060 484 1100 praeclarae
498 1060 738 1096 existimationis,
750 1066 784 1090 ut
796 1066 920 1100 putetur
935 1060 966 1089 in
978 1059 1059 1089 hisce
1069 1070 1115 1089 re-

223 1103 282 1132 bus
297 1101 467 1142 intelligens
483 1113 555 1141 esse,
573 1109 606 1133 ut
622 1113 718 1142 nuper
734 1103 844 1135 (videte
859 1102 991 1132 hominis
1007 1112 1113 1132 amen-

224 1145 313 1182 tiam)
329 1151 525 1186 posteaquam
542 1152 585 1176 est
595 1146 888 1186 comperendinatus,
900 1155 969 1175 cum
979 1146 1044 1184 jam
1057 1155 1112 1185 pro

223 1187 369 1218 damnato
383 1194 564 1229 mortuoque
580 1194 666 1225 esset,
692 1188 772 1219 ludis
798 1188 1000 1225 Circensibus,
1025 1198 1116 1218 mane

226 1231 308 1271 apud
325 1231 362 1260 L.
385 1231 555 1269 Sisennam,
580 1232 680 1261 virum
704 1232 895 1272 primarium,
923 1240 993 1261 cum
1017 1236 1114 1261 essent

222 1274 353 1303 triclinia
369 1279 471 1312 strata,
488 1281 709 1315 argentumque
725 1274 897 1315 expositum
921 1274 952 1303 in
977 1273 1113 1310 aedibus3

223 1327 306 1353 cum,
332 1328 387 1358 pro
410 1317 557 1357 dignitate
580 1317 618 1347 L.
636 1317 781 1353 Siseunae,
805 1317 913 1346 domus
929 1323 1003 1346 esset
1022 1317 1113 1357 plena

224 1359 386 1390 homiuum
397 1360 687 1397 honestissimorum,
705 1360 856 1390 accesserit
881 1359 919 1389 ad
940 1365 1117 1399 argentum„

225 1403 423 1443 contemplari
438 1403 680 1444 unumquodque
695 1403 787 1433 otiose
802 1409 830 1432 et
850 1402 1035 1432 considerare
1056 1413 1114 1432 coe-

225 1446 313 1486 perit.
347 1446 457 1476 Mirari
480 1446 638 1476 stultitiam
662 1446 724 1483 alii,
748 1446 840 1486 quod,
863 1446 892 1474 in
909 1446 973 1486 ipso
985 1445 1111 1484 judicio,

226 1489 291 1528 ejus
306 1489 400 1529 ipsius
415 1489 598 1529 cupiditatis,
615 1490 700 1528 cujus
716 1489 952 1525 insimularetur,
970 1487 1114 1527 suspicio-

226 1541 297 1561 nem
324 1538 465 1571 augeret3
501 1532 552 1562 alii
576 1532 751 1568 amentiam,
776 1531 825 1561 cui
851 1531 1114 1571 comperendinato

227 1576 311 1608 (cum
327 1580 389 1604 tam
406 1575 496 1604 multi
512 1580 599 1604 testes
617 1574 775 1611 dixissent)
799 1574 966 1615 quidquam
990 1573 1112 1603 illorum

226 1617 341 1648 veniret
354 1617 385 1646 in
401 1624 544 1647 mentem.
570 1618 661 1647 Pueri
674 1623 775 1647 autem
789 1618 922 1647 Sisenuae
935 1616 1045 1653 (credo,
1060 1616 1113 1656 qui

226 1660 421 1698 audivissent,
447 1671 516 1701 quae
539 1661 570 1690 in
594 1661 687 1691 istum
708 1659 879 1690 testimonia
900 1665 997 1689 essent
1019 1659 1112 1696 dicta)

226 1703 328 1733 oculos
343 1703 381 1733 de
395 1703 452 1733 isto
475 1713 626 1744 nusquam
649 1703 786 1742 dejicere,
808 1712 906 1743 neque
928 1703 966 1732 ab
988 1707 1113 1741 argento

225 1746 356 1788 digitum
371 1746 530 1777 discedere.
562 1746 619 1776 Est
634 1746 705 1777 boni
718 1745 838 1786 judicis,
854 1745 954 1786 parvis
970 1755 1007 1775 ex
1022 1745 1112 1774 rebus
