1181 1902
201 90 265 120 446
399 90 449 120 IN
475 89 671 121 VERREM
692 92 733 122 V.
757 91 840 122 CAP.
858 92 907 122 (32.

203 175 319 206 civibus
335 175 483 206 Romanis
498 186 578 206 eram
591 188 600 212 ς
624 187 727 207 eorum
741 178 858 208 tabulas
873 176 1068 218 exquirebam
1081 188 1091 213 ς

204 218 331 257 injurias
347 220 570 259 cognoscebam.
595 219 676 250 Cum
693 221 806 250 diutius
822 220 852 250 in
869 220 989 260 negotio
1004 221 1091 250 curfi-

205 271 266 302 que
282 261 420 297 fueram;
446 268 480 292 ut
500 262 728 303 requiescerem,
752 273 916 304 cui-amque
936 263 1030 292 animi
1046 273 1092 293 re-

204 304 367 341 mitterem,
384 305 422 334 ad
433 305 601 345 Carpinatii
611 306 766 346 praeclaras
778 307 896 336 tabulas
906 306 1088 341 revertebam

204 347 269 383 ubi,
287 357 355 376 cum
367 347 519 388 equitibus
536 348 683 378 Romanis
701 359 737 378 ex
754 349 806 379 isso
821 354 968 379 conventu
984 348 1092 378 hones-

204 389 340 428 tissimis,
357 390 423 420 illos
436 391 604 429 Veri-utios,
617 391 655 421 de
669 392 780 432 quibus
794 398 863 422 ante
874 392 947 426 dixi,
960 391 1092 431 explica-

204 433 296 462 bam:
320 443 338 462 a
353 433 546 473 Syracusanis
566 444 689 474 prorsus
709 434 785 464 nihil
805 434 974 474 adjumenti
992 443 1092 474 neque

204 475 325 516 publice
340 485 439 516 neque
456 477 598 517 privatim
614 479 823 517 exspectabam
836 488 845 513 3
870 487 969 517 neque
984 482 1046 506 erat
1060 476 1092 505 in

207 518 310 548 animo
324 518 484 558 postulare.
510 519 590 550 Cum
614 520 678 550 haec
700 531 832 560 agerem,
848 525 971 560 repente
991 519 1029 548 ad
1044 529 1095 548 me

205 561 289 591 venit
304 561 465 591 Heraclius
480 562 516 598 is,
540 562 594 602 qui
615 568 681 592 tum
702 563 915 603 magistratum
939 562 1095 602 Syracusis

205 604 348 641 habebat,
359 604 451 634 homo
466 605 586 643 nobilis,
600 606 653 645 qui
663 606 796 635 sacerdos
807 606 829 636 J
832 606 895 635 ovis
904 605 1026 640 fuisset3
1041 604 1095 645 qui

205 647 301 677 honos
316 647 398 687 apud
415 647 617 687 Syracusanos
638 654 681 678 est
696 649 910 688 amplissimus.
936 648 1009 688 Agit
1031 658 1096 677 me-

209 700 291 727 cum,
308 696 338 719 et
353 700 422 720 cum
435 690 525 720 fratre
539 700 618 727 meo,
636 696 681 727 ut,
695 691 719 721 si
731 691 817 721 nobis
828 692 989 727 videretur,
1001 690 1097 720 adire-

208 743 278 763 mus
293 732 332 762 ad
347 743 451 762 eorum
473 739 633 763 senatum:
661 733 833 773 frequentes
854 744 916 763 esse
936 734 967 762 in
988 733 1094 768 curi32;

207 786 250 812 se,
265 776 351 814 jussu
367 777 497 813 senatus,
514 786 532 805 a
546 775 632 805 nobis
655 782 755 816 petere
774 782 808 805 ut
824 777 1004 806 veniremus.
1029 775 1097 805 Pri-

208 828 261 848 mo
276 818 362 848 nobis
376 818 435 848 fuit
449 818 591 855 dubium,
613 818 687 858 quid
708 828 883 858 ageremus:
910 818 1017 848 deinde
1040 818 1098 848 cito

207 862 290 891 venit
304 861 336 890 in
351 867 497 899 mentem,
510 871 571 891 non
587 872 648 892 esse
660 860 818 891 vitandum
829 862 915 892 nobis
926 861 1015 891 illum
1027 870 1098 891 con-

207 910 333 935 ventum
349 909 379 934 et
393 904 506 934 locum.

251 946 362 977 LXII.
394 948 505 988 Itaque
530 947 561 977 in
591 948 706 978 curiam
735 948 884 978 venimus.
922 946 1097 978 Honorifice

208 1000 280 1022 sane
305 990 514 1031 consurgitur:
539 1000 604 1028 nos,
625 996 732 1032 rogatu
756 991 959 1031 magistratus,
986 990 1097 1020 assedi-

208 1043 287 1064 mus.
313 1033 426 1074 Incipit
440 1033 465 1063 is
479 1033 574 1074 loqui,
591 1034 645 1075 qui
664 1040 693 1064 et
712 1034 888 1064 auctoritate
903 1040 932 1064 et
952 1039 1050 1069 aetate,
1067 1038 1097 1062 et

210 1078 261 1118 (ut
275 1076 352 1106 mihi
368 1076 468 1106 visum
484 1083 540 1114 est)
556 1088 613 1107 usu
631 1087 744 1113 rerum,
761 1076 964 1113 antecedebat,
980 1075 1097 1106 Diodo-

209 1130 261 1150 rus
284 1118 513 1156 Timarchides3
548 1121 635 1159 cujus
658 1120 757 1150 omnis
777 1120 871 1150 oratio
890 1120 968 1149 hanc
988 1118 1096 1148 habuit

209 1162 310 1204 primo
325 1162 523 1193 sententiam:
548 1163 694 1193 Senatum
710 1163 920 1203 populumque
935 1164 1098 1202 Syracusa-

212 1215 289 1236 num
312 1206 437 1236 moleste
460 1205 651 1247 graviterque
666 1206 754 1243 ferre,
778 1205 861 1247 quod
876 1215 942 1246 ego,
965 1215 1047 1241 cum,
1064 1204 1095 1233 in

211 1248 325 1279 caeteris
346 1248 455 1279 Siciliae
470 1248 651 1286 civitatibus,
667 1255 804 1279 senatum
820 1249 1031 1289 populumque
1046 1247 1100 1276 do-

212 1291 353 1328 cuissem,
366 1291 441 1332 quid
457 1291 498 1321 eis
513 1292 662 1329 utilitatis,
679 1292 754 1332 quid
769 1291 873 1322 salutis
887 1291 1024 1321 afferrem
1038 1300 1047 1325 ς
1071 1295 1100 1319 et

211 1345 282 1365 cum
295 1336 333 1364 ab
343 1334 484 1364 omnibus
494 1335 649 1371 mandata,
657 1335 782 1375 legatos,
789 1334 901 1372 literas,
912 1332 1097 1364 testimonia-

211 1387 272 1418 que
287 1377 473 1414 sumsissem,
489 1377 520 1407 in
536 1377 590 1407 ills
609 1378 728 1408 civitate
747 1377 824 1407 nihil
848 1376 997 1416 ejusmodi
1019 1376 1098 1406 face-

211 1430 286 1450 rem.
310 1420 478 1460 Respondi,
498 1430 597 1461 neque
620 1421 740 1457 Romae,
759 1421 790 1450 in
814 1426 961 1450 conventu
981 1419 1098 1450 Siculo-

209 1473 292 1499 rum,
308 1473 379 1493 cum
395 1474 412 1493 a
423 1473 473 1493 me
487 1463 636 1493 auxilium
650 1463 805 1493 communi
820 1463 957 1493 omnium
973 1462 1099 1502 legatio-

210 1516 287 1536 num
303 1506 425 1535 consilio
441 1507 609 1546 petebatur,
627 1516 775 1547 causaque
797 1506 889 1536 totius
904 1505 941 1535 ad
957 1515 1007 1535 me
1022 1505 1098 1535 Sici-

211 1549 260 1579 liae
271 1548 471 1585 deferebatur,
485 1549 598 1589 legatos
614 1550 872 1590 Syracusanorum
883 1548 1025 1583 affuisse3
1045 1558 1097 1577 ne-

211 1601 272 1632 que
286 1601 336 1621 me
359 1592 523 1643 postulare,
546 1598 580 1622 ut
595 1592 764 1632 quidquam
791 1598 893 1622 contra
917 1591 952 1621 C.
970 1591 1000 1620 V
1002 1600 1098 1620 errem

210 1635 440 1664 decerneretur
433 1645 463 1664 m
485 1645 520 1665 ea
540 1635 634 1673 curia,
654 1635 684 1664 in
709 1646 771 1676 qua
785 1634 954 1664 inauratam
970 1633 1005 1664 C.
1018 1633 1049 1664 V
1052 1643 1098 1663 er-

211 1677 252 1707 ris
268 1683 398 1707 statuam
413 1677 556 1708 viderem.

255 1719 349 1758 Quod
364 1726 560 1762 posteaquam
576 1720 651 1759 dixi,
676 1726 778 1752 tantus
795 1726 838 1751 est
853 1719 983 1760 gemitus
1003 1718 1100 1748 factus

214 1762 356 1805 adspectu
372 1769 479 1794 statuae
494 1769 522 1795 et
546 1764 840 1803 commemoratione,
862 1769 895 1793 ut
910 1761 1009 1793 illud
1002 1771 1033 1791 1n
1049 1771 1101 1791 cu
