1181 1902
247 102 311 138 376
419 102 472 133 IN
495 101 690 133 VERREM
715 101 775 132 IV.
799 101 882 132 CAP.
904 102 956 132 90.

247 192 370 228 quatur,
384 198 489 229 quam,
500 193 530 218 te
544 188 691 225 absoluto,
708 187 770 224 ahi,
787 187 869 228 quod
883 185 1080 217 audacissime
1087 185 1132 217 fe-

249 236 365 267 cerunt,
382 237 459 261 recte
475 232 576 261 fecisse
592 231 809 261 existimentur.

291 273 484 304 LXXXIX.
510 274 632 314 Lugent
645 284 748 303 omnes
759 273 938 313 provinciae:
963 278 1132 313 queruntur

248 326 352 346 omnes
376 317 463 346 liberi
487 317 611 357 populi:
636 327 727 356 regna
749 316 879 357 denique
898 317 963 354 jam
978 315 1080 345 omnia
1094 315 1132 345 de

248 359 356 388 nostris
372 360 587 399 cupiditatibus
608 366 637 389 et
657 360 774 398 injuriis
795 359 996 399 expostulant.
1031 358 1132 388 Locus

247 401 327 431 intra
333 402 492 432 Oceanum
501 404 566 442 jam
578 403 680 432 nullus
693 408 746 439 est,
755 412 852 442 neque
861 408 923 431 tam
935 401 1131 441 longinquus,

247 453 346 484 neque
370 451 433 475 tam
458 446 637 481 reconditus,
660 456 721 486 quo
736 455 808 480 non7
832 455 884 485 per
906 445 970 474 haec
985 450 1132 484 tempora,

247 494 418 518 nostrorum
434 488 594 518 hominum
616 488 710 518 libido
733 488 936 528 iniquitasque
960 486 1131 527 pervaserit.

246 530 400 561 Sustinere
412 532 477 570 jam
493 532 623 572 populus
643 532 800 561 Romanus
816 531 954 560 omnium
974 529 1132 559 nationum

246 582 306 602 non
320 573 393 610 vim,
418 584 478 604 non
494 585 589 611 arma,
606 584 666 604 non
682 574 808 610 bellum,
826 573 876 603 sed
891 573 1020 608 luctum,
1036 572 1134 611 lacry-

246 625 323 651 mas,
345 617 559 656 querimonias,
589 628 649 647 non
676 622 782 657 potest.
818 616 856 646 In
878 615 1027 655 ejusmodi
1047 625 1079 644 re
1099 624 1133 644 ac

246 658 391 695 moribus,
409 660 433 689 si
454 661 490 697 is,
512 661 566 701 qui
584 660 640 690 erit
660 660 807 689 adductus
829 659 860 688 in
882 658 1043 698 judicium,
1061 667 1132 687 cum

246 702 412 732 manifestis
428 703 459 732 in
481 703 601 743 flagitiis
621 702 781 739 tenebitur‚
807 702 879 731 alios
902 701 1007 731 eadem
1030 700 1134 730 fecisse

246 743 343 780 dicet;
367 745 412 774 illi
437 746 577 785 exempla
599 755 659 774 non
683 744 827 774 deerunt:
853 744 1026 784 reipublicae
1051 743 1133 773 salus

245 786 350 823 deerit,
367 788 392 817 si
412 788 621 828 improborum
642 787 788 827 exemplis
810 787 941 827 improbi
963 786 1076 825 judicio
1098 796 1133 816 ac

246 830 380 869 periculo
395 830 614 860 liberabuntur.

290 872 416 903 Placent
442 874 525 903 vobis
551 873 713 903 hominum
737 873 859 902 mores?
882 872 980 912 placet
1002 871 1045 902 ita
1069 871 1132 912 geri

246 915 452 955 magistratus,
469 922 504 946 ut
519 918 690 956 geruntur?
717 915 815 956 placet
837 915 929 945 socios
952 914 992 944 sic
1012 915 1132 944 tractari

246 958 343 998 (quod
358 965 473 996 restat),
496 966 531 989 ut
552 970 605 999 per
624 959 688 988 haec
699 965 835 998 tempora
850 962 988 987 tractatos
1000 957 1106 987 videtis
1117 958 1132 987 ?

246 1010 299 1030 cur
314 1001 378 1031 haec
394 1012 412 1031 a
427 1012 476 1032 me
492 1012 582 1042 opera
597 1001 809 1032 consumitur?
833 1000 907 1041 quid
923 1000 1030 1030 sedetis
1041 1002 1055 1031 ἒ
1079 1010 1132 1030 cur

245 1053 305 1073 non
322 1044 353 1073 in
369 1045 470 1075 media
485 1045 618 1074 oratione
632 1044 701 1074 mea
716 1043 904 1083 consurgitis,
927 1049 1018 1084 atque
1038 1043 1132 1073 disce-

245 1086 315 1116 ditis
324 1087 338 1115 ?
362 1088 466 1118 Vultis
481 1094 583 1118 autem
595 1088 722 1118 istorum
734 1087 872 1116 audacias
882 1096 916 1116 ac
926 1086 1065 1116 libidines
1077 1086 1132 1116 ali-

245 1130 307 1170 qua
323 1141 360 1160 ex
380 1136 465 1171 parte
480 1141 609 1162 resecare
623 1132 636 1161 Ρ
660 1130 796 1160 Desinite
812 1129 961 1167 dubitare,
977 1135 1081 1159 utrum
1094 1129 1132 1159 sit

244 1173 361 1211 utilius,
388 1179 509 1214 propter
535 1174 647 1203 multos
673 1173 825 1213 improbos
855 1171 909 1201 uni
934 1182 1065 1212 parcere,
1092 1181 1132 1202 an

244 1215 335 1245 unius
352 1216 483 1257 improbi
498 1216 645 1257 supplicio
660 1216 827 1245 multorum
843 1215 1067 1256 improbitatem
1083 1225 1132 1245 co-

245 1269 352 1289 ercere.

288 1302 426 1332 Tametsi
447 1313 515 1343 quae
530 1302 587 1332 ista
601 1307 671 1332 sunt
686 1301 825 1342 exempla
844 1301 1035 1331 multorum?
1058 1310 1131 1331 nam

243 1355 325 1382 cum,
343 1345 374 1375 in
390 1346 479 1375 causa
496 1346 591 1382 tanta,
608 1355 678 1375 cum
694 1345 725 1374 in
738 1344 862 1374 crimine
877 1344 1023 1381 maximo,
1040 1343 1099 1373 dici
1113 1354 1132 1374 a

243 1387 396 1418 defensore
419 1395 550 1429 coeptum
573 1394 627 1425 est,
644 1388 814 1418 factitatum
838 1397 899 1417 esse
918 1386 1056 1427 aliquid;
1081 1396 1133 1416 ex-

242 1437 378 1470 spectant
393 1431 425 1468 ii,
442 1432 495 1472 qui
511 1431 649 1468 audiunt,
667 1431 806 1470 exempla
821 1440 857 1459 ex
874 1436 971 1460 vetere
986 1430 1133 1459 memoria

242 1479 272 1502 et
285 1474 479 1504 monimentis
491 1484 525 1504 ac
540 1475 644 1511 literis,
661 1474 750 1514 plena
766 1473 931 1513 dignitatis,
948 1473 1038 1513 plena
1053 1473 1131 1502 anti-

243 1516 377 1556 quitatis.

286 1559 355 1589 XU.
384 1560 461 1590 Haec
485 1560 566 1590 enim
592 1560 760 1600 plurimum
785 1559 881 1589 solent
901 1564 930 1588 et
947 1558 1132 1589 auctoritatis

243 1601 354 1632 habere
380 1603 418 1632 ad
442 1603 645 1643 probandum,
677 1608 706 1633 et
727 1602 924 1641 jucunditatis
948 1601 986 1631 ad
1005 1601 1131 1631 audien-

242 1644 327 1674 dum.
361 1646 523 1675 Africanos
550 1645 637 1679 mihi,
655 1651 683 1676 et
700 1645 841 1681 Catones,
859 1651 887 1674 et
904 1644 1025 1681 Laelios,
1047 1654 1129 1674 com-

240 1689 421 1718 memorabis
434 1691 447 1719 ?
471 1695 500 1718 et
515 1699 564 1719 eos
579 1688 682 1718 fecisse
702 1688 783 1718 idem
804 1687 906 1717 dices?
930 1687 1069 1728 quamvis
1083 1697 1131 1717 res

238 1730 315 1760 mihi
336 1741 397 1761 non
419 1732 546 1772 placeat,
572 1737 674 1762 tamen
696 1739 799 1762 contra
819 1730 980 1760 hominum
1001 1730 1131 1760 auctori-
