1181 1902
0 0 1181 35 ———

208 157 301 190 PRO
325 157 494 190 ROSCIO
517 156 738 190 COMOEDO.
755 156 839 189 CAP.
855 156 886 186 6.
943 155 990 187 93

102 247 158 273 aut
172 242 316 284 stipulata
331 244 378 274 sit.
416 243 532 275 Datam
552 254 613 275 non
633 255 696 275 esse
712 243 849 274 Fannius
866 241 989 273 confite-A

102 291 173 316 tur:
196 297 361 328 expensam
380 287 474 318 latam
494 298 555 318 non
573 298 648 325 esse,
663 287 778 318 codices
794 286 905 316 Fannii
919 295 992 315 con-

100 328 242 360 firmant:
268 330 443 371 stipulatam
469 340 531 361 non
557 341 631 370 esse,
656 329 844 360 taciturnitas
867 329 990 359 testium

100 372 246 402 concedit.

144 415 230 453 Quid
245 426 316 456 ergo
331 418 399 447 est?
423 416 516 455 Quod
529 422 558 447 et
568 427 637 447 reus
648 416 673 446 is
684 421 739 452 est,
756 415 805 446 eui
820 421 848 445 et
863 414 993 456 pecunia

99 457 261 497 levissima,
279 465 308 489 et
322 459 505 490 existimatio
520 459 706 490 sanctissima
721 459 780 488 fuit
800 468 937 498 semper:
962 462 996 487 et

97 500 194 540 judex
206 507 250 532 est
264 502 300 540 is,
314 513 406 543 quem
418 513 472 533 nos
487 513 547 533 non
563 503 665 532 minus
677 503 753 532 bene
768 501 804 531 de
816 502 902 531 nobis
914 499 993 530 exis-

100 543 219 581 timare,
241 555 335 585 quam
351 545 517 576 secundum
533 556 588 576 nos
599 545 746 585 judicare,
766 544 913 574 velimus:
939 543 993 572 ad-

100 586 218 617 vocatio
238 598 273 617 ea
287 594 342 626 est,
367 598 472 629 quam,
488 595 611 630 propter
627 589 775 619 eximium
790 587 993 628 splendorem,

100 634 137 659 ut
148 629 283 668 judicem
298 641 409 667 unum,
425 632 519 662 vereri
534 632 716 662 debeamus:
741 630 866 671 perinde
881 639 914 659 ac
926 629 950 659 si
961 628 994 658 in

99 670 180 702 hanc
194 672 359 704 formulam
373 675 477 704 onmia
488 674 603 714 judicia
622 674 769 715 legitima,
791 672 893 703 omnia
914 671 995 702 arbi-

101 714 160 745 tria
179 715 349 754 honoraria,
372 717 476 747 omnia
495 718 593 748 officia
610 717 784 753 domestica,
805 715 946 746 conclusa
966 720 997 744 et

102 759 319 799 comprehensa
342 759 412 795 sint,
437 760 562 801 perinde
584 760 729 790 dicemus.
775 759 836 788 Illa
861 756 997 798 superior

101 799 163 830 fuit
185 802 281 832 oratio
300 803 476 839 necessaria,
499 803 564 833 haec
588 803 644 833 erit
668 801 856 833 voluntaria:
882 801 935 830 illa
955 799 996 830 ad

98 843 247 884 judicem,
263 845 328 876 haec
343 845 382 875 ad
397 846 434 876 C.
451 846 614 876 Pisonem:
639 845 693 875 illa
707 855 762 885 pro
776 854 838 881 reo,
854 844 919 874 haec
938 853 994 884 pro

102 886 233 918 Roscio:
250 888 304 919 illa
318 888 461 929 vietoriae,
476 889 541 920 haec
552 890 639 920 bonae
650 887 880 919 existimationis
891 886 995 925 causa,

101 937 287 971 comparata.

145 973 208 1005 VI.
232 974 399 1006 Pecuniam
424 976 514 1017 petis,
540 975 653 1015 Fanni,
676 986 695 1005 a
718 974 849 1006 Roscio:
873 983 967 1015 quam
978 974 994 1004 ἲ

101 1014 151 1047 dic
166 1016 308 1049 audacter
323 1024 352 1049 et
367 1025 478 1060 aperte.
516 1019 631 1050 Utrum
647 1029 716 1060 quae
731 1018 788 1048 tibi
803 1028 839 1048 ex
856 1017 996 1048 societate

100 1058 246 1090 debeatur
258 1062 272 1092 ἓ
295 1071 345 1099 an,
361 1072 432 1102 quae
446 1073 484 1093 ex
495 1062 674 1093 liberalitate
688 1060 741 1101 huj
747 1072 781 1091 us
795 1060 943 1102 promissa
958 1059 998 1090 sit

101 1107 132 1132 et
143 1108 291 1134 ostentata
302 1106 316 1135 ?
332 1115 464 1145 quorum
477 1106 607 1136 alterum
619 1110 663 1135 est
673 1104 795 1145 gravius
811 1110 840 1134 et
851 1103 995 1141 odiosius,

100 1145 231 1177 alterum
245 1147 342 1178 levius
358 1154 387 1178 et
400 1148 530 1179 facilius.
568 1148 650 1186 Quae
670 1157 708 1178 ex
729 1147 867 1178 societate
887 1146 997 1176 debea-

100 1190 177 1220 tur?
209 1189 296 1227 Quid
320 1190 388 1221 ais?
424 1192 494 1222 Hoc
511 1193 576 1231 jam
597 1201 696 1231 neque
711 1190 817 1221 leviter
835 1189 996 1220 ferendum

100 1237 157 1269 est,
177 1242 277 1273 neque
296 1233 485 1274 negligenter
505 1234 741 1265 defendendum.
775 1233 807 1264 Si
832 1243 894 1274 qua
913 1231 995 1262 enim

100 1281 173 1305 sunt
192 1276 310 1316 privata
327 1277 443 1316 judicia
463 1288 592 1308 summae
607 1276 848 1313 existimationiS,
865 1282 894 1305 et
909 1285 997 1316 paene

99 1317 201 1348 dicam
222 1319 338 1360 capitiS,
362 1320 420 1350 tria
438 1320 504 1351 haec
525 1326 607 1357 sunt,
627 1319 756 1357 fiduciae,
773 1319 887 1357 tutelae,
904 1318 997 1348 socie-

100 1360 180 1391 tatis.
204 1362 309 1403 AEque
324 1363 405 1393 enim
420 1363 616 1404 perfidiosum
628 1369 658 1393 et
669 1362 821 1393 nefarium
834 1368 889 1399 est,
902 1361 996 1391 fidem

100 1402 251 1445 frangere,
269 1416 338 1446 quae
353 1407 486 1436 continet
501 1406 594 1437 vitam
606 1417 616 1441 ;
633 1412 662 1436 et
674 1405 829 1447 pupillum
843 1404 996 1442 fraudare,

102 1446 158 1486 qui
171 1448 202 1477 in
219 1449 347 1479 tutelam
362 1449 517 1490 pervenit3
542 1455 572 1480 et
587 1449 703 1480 socium
718 1448 833 1487 fallere,
850 1447 904 1488 qui
920 1458 950 1477 se
964 1447 996 1476 in

103 1491 226 1530 negotio
240 1492 409 1531 conjunxit.

149 1532 231 1570 Quae
246 1544 316 1565 cum
331 1535 375 1565 ita
392 1535 463 1573 sint,
477 1535 531 1576 qui
541 1534 589 1573 sit,
607 1534 661 1576 qui
676 1534 791 1565 socium
806 1533 957 1564 fraudarit
968 1538 999 1563 et

106 1574 258 1614 fefellerit,
274 1578 506 1608 consideremus.
540 1577 637 1608 Dabit
659 1578 740 1608 enim
763 1577 849 1607 nobis
869 1577 934 1616 jam
954 1582 1000 1606 ta-

107 1618 165 1649 cite
180 1619 243 1650 vita
256 1626 323 1650 acta
342 1621 373 1650 in
389 1622 566 1651 alterutram
582 1627 699 1662 partem
722 1621 847 1650 firmum
864 1627 893 1649 et
908 1629 1000 1659 grave

106 1662 326 1693 testimonium.
364 1664 405 1702 Q.
437 1664 591 1695 Roscius?
614 1664 700 1702 Quid
724 1663 791 1693 ais?
825 1663 948 1698 Nonne,
965 1667 1002 1692 ut

106 1704 198 1745 ignis,
223 1705 254 1735 in
279 1716 391 1747 aquam
412 1708 575 1746 conjectus,
596 1706 739 1737 continuo
759 1705 956 1746 restinguitur
972 1710 1002 1735 et

108 1747 322 1788 refrigeratur;
346 1749 388 1780 sic
402 1750 552 1780 refervens
566 1749 679 1780 falsum
692 1749 817 1787 crimen,
833 1749 865 1778 in
876 1747 1002 1788 purissi-

108 1799 194 1821 mam
209 1797 238 1822 et
251 1793 450 1823 castissimam
465 1793 560 1823 vitam
580 1792 737 1830 collatum,
754 1791 857 1822 statim
872 1790 1003 1821 concidit

97 1838 142 1864 ‘et
155 1834 383 1877 exstinguitur?
415 1835 545 1867 Roscius
561 1835 676 1867 socium
697 1834 848 1866 fraudavit
860 1836 874 1865 ?
898 1833 1004 1864 Potest
1017 1851 1021 1858 1
