1181 1902
254 111 319 143 302
429 112 479 142 IN
503 110 701 143 VERREM
725 110 785 143 IV.
809 110 893 142 CAP.
915 112 963 142 15.

253 197 332 233 feru
355 197 407 228 ine
431 204 545 235 autem,
573 197 654 228 unde
677 197 813 227 ablatum
833 203 888 234 est,
910 197 1025 236 judicio
1049 208 1137 228 suum

253 251 428 281 recuperare
447 242 533 271 nullo
552 240 643 270 modo
661 246 767 281 potest.
791 240 911 270 Deinde
926 241 957 270 in
976 241 1032 271 hoc
1047 241 1139 271 homo

255 282 411 325 [lynceus]
430 284 521 314 etiam·
537 284 663 314 callidus
674 294 708 314 ac
724 289 870 314 veterator
889 294 950 313 esse
965 285 1041 319 vult,
1059 285 1141 325 quod

251 326 295 356 ita
324 327 436 363 scribit,
462 330 484 344 ‘⁶
500 327 533 356 si
562 334 629 357 uter
658 327 748 362 volet,
778 333 998 366 recuperatores
1028 327 1140 357 dab0.''

252 369 358 407 Quam
374 370 473 411 lepide
487 381 517 400 se
532 370 625 400 furari
640 370 747 410 putat!
773 369 903 409 Utrique
925 369 995 400 facit
1011 377 1141 410 potesta-

252 417 335 448 tem;
361 413 423 450 sed,
440 414 544 443 utrum
560 413 602 443 ita
617 413 776 453 scripserit,
802 415 824 429 “
836 413 869 442 Si
884 418 951 442 uter
962 413 1076 451 volet,''
1088 424 1140 451 an,

253 456 276 472 ‘⁴
287 456 319 486 Si
335 455 520 486 decumanus
536 456 649 493 volet‚''
673 456 751 485 nihil
769 455 900 485 interest.
923 456 1037 486 Arator
1058 457 1140 487 enim

252 503 320 529 tuos
335 499 406 529 istos
421 508 641 540 recuperatores
656 509 815 539 nunquam
830 498 916 528 volet.

295 542 409 580 Quid?
433 543 486 572 illa
505 542 675 581 cujusmodi
695 548 776 579 sunt,
794 552 862 582 quae
878 552 915 571 ex
932 547 1078 582 tempore,
1101 544 1139 573 ab

251 584 392 625 Apronio
415 585 599 623 admonitus,
623 585 744 615 edixit?
769 584 812 622 Q,
834 584 971 625 Septitio,
993 585 1141 615 honestis-

250 628 328 657 simo
339 628 473 665 homine,
487 629 648 669 equiteque
659 629 810 663 Romano,
823 627 976 657 resistente
988 628 1139 668 Apronio,

251 677 281 701 et
296 670 476 709 affirmante,
493 682 523 701 se
542 672 611 712 plus
632 671 761 701 decuma&
782 680 841 700 non
863 670 1019 707 daturum,
1043 671 1141 701 exori-

251 719 301 743 tur
316 714 466 754 peculiare
482 714 614 744 edictum
633 714 838 754 repentinum,
855 723 893 743 ne
915 714 983 754 quis
1004 714 1140 744 frumen-

251 762 319 787 tum
335 757 372 787 de
387 757 456 787 are&
471 758 587 787 tolleret
602 763 672 787 ante
687 767 780 797 quam
800 767 870 786 cum
886 757 1055 787 decumano
1070 767 1141 798 pac-

252 805 301 830 tus
311 806 395 830 esset.
420 800 548 830 Ferebat
559 800 637 830 hanc
647 810 768 840 quoque
778 800 969 840 iniquitatem
982 800 1139 840 Septitius‚

252 848 282 872 et
302 842 393 872 imbri
414 843 603 873 frumentum
628 843 781 883 corrumpi
804 843 836 872 in
857 842 925 872 area
945 843 1138 883 patiebatur3

252 896 323 915 cum
338 885 415 915 illud
434 886 567 916 edictum
586 892 708 926 repente
728 885 917 915 uberrimum
939 892 968 916 et
988 892 1140 926 quaestuo-

251 928 405 958 sissinium
418 929 560 966 nascitur,
573 934 616 965 ut,
634 937 703 959 ante
718 928 867 959 Calendas
883 929 1022 967 Sextiles,
1035 939 1141 961 omnes

252 971 395 1002 decumas
410 972 449 1002 ad
464 982 577 1013 aquam
592 972 762 1012 deportatas
777 971 931 1002 haberent.

296 1015 366 1045 Hoc
381 1015 488 1052 edicto,
506 1025 566 1045 non
586 1015 680 1045 Siculi
696 1017 782 1048 (nam
801 1025 849 1045 eos
865 1014 989 1055 quidem
1007 1016 1073 1054 jam
1089 1026 1141 1046 su-

252 1058 419 1098 perioribus
445 1058 548 1088 edictis
570 1058 640 1088 satis
661 1057 831 1098 perdiderat
854 1064 945 1098 atque
965 1058 1139 1097 afflixerat),

252 1100 304 1131 sed
319 1101 368 1131 isti
388 1101 445 1142 ipsi
464 1101 578 1142 equites
597 1101 742 1137 Romani,
762 1101 815 1141 qui
836 1111 926 1131 suum
942 1102 993 1140 jus
1014 1102 1141 1132 retinere

252 1154 283 1174 se
298 1150 401 1174 contra
421 1144 596 1185 Apronium
616 1155 701 1185 posse
717 1150 801 1174 erant
821 1144 967 1181 arbitrati,
990 1145 1142 1184 splendidi

251 1186 400 1224 homines,
418 1193 448 1217 et
462 1187 528 1217 aliis
543 1188 721 1227 praetoribus
742 1187 876 1227 gratiosi,
893 1187 985 1217 vincti
1000 1188 1142 1228 Apronio

252 1230 354 1260 traditi
373 1236 453 1260 sunt.
476 1230 637 1260 Attendite
656 1230 748 1267 enim,
766 1230 937 1269 cujusmodi
956 1230 1052 1261 edicta
1070 1231 1140 1261 sint.

253 1275 276 1290 ‘4
290 1273 340 1303 Ne
363 1274 483 1311 tollat,''
507 1274 618 1314 inquit,
639 1276 710 1303 “ex
734 1273 814 1309 areat,
839 1273 896 1303 nisi
920 1273 976 1303 erit
999 1274 1141 1314 pactus.''

253 1316 331 1346 Satis
354 1316 419 1346 haec
443 1326 555 1357 magna
578 1316 622 1347 vis
646 1322 690 1347 est
713 1316 752 1346 ad
773 1316 877 1357 inique
902 1316 1138 1356 paciscendum:

252 1359 334 1389 malo
350 1359 431 1389 enim
447 1360 516 1400 plus
531 1359 612 1396 dare,
630 1369 724 1400 quam
739 1369 799 1389 non
815 1365 934 1389 mature
948 1370 986 1389 ex
1001 1360 1070 1390 area⁴
1085 1361 1143 1391 tol-

252 1402 323 1432 lere.
352 1402 399 1432 At
423 1402 480 1432 ista
506 1402 549 1433 vis
576 1402 751 1443 Septitium,
779 1408 809 1432 et
833 1403 996 1432 nonnullos
1022 1403 1143 1443 Septitii

253 1445 377 1482 similes,
405 1455 465 1475 non
493 1446 625 1476 co‘e'rcet:
650 1446 703 1486 qui
726 1445 768 1475 ita
788 1445 912 1475 dicunt:
938 1446 1011 1475 Non
1034 1446 1142 1477 tollam

255 1488 366 1528 potius,
387 1499 480 1528 quam
502 1489 641 1529 paciscar.
667 1488 726 1518 His
749 1489 806 1518 hoc
827 1488 1008 1529 opponitur:
1034 1489 1142 1529 depor-

255 1536 354 1560 tatum
381 1531 490 1561 habeas
517 1538 586 1561 ante
612 1531 760 1561 Calendas
785 1532 923 1561 Sextiles.
966 1531 1143 1572 Deportabo

256 1573 358 1613 igitur.
384 1574 453 1603 Nisi
469 1581 574 1615 pactus
584 1575 651 1610 eris,
666 1584 725 1604 non
738 1574 950 1604 commovebis.
975 1575 1024 1605 Sic
1036 1575 1144 1616 depor-

255 1616 340 1646 tandi
355 1617 417 1646 dies
432 1618 600 1657 praestituta
615 1617 718 1647 tollere
738 1618 862 1657 cogebat
877 1628 915 1647 ex
931 1617 1009 1647 arefi.
1034 1618 1143 1648 Prohi-
1180 1620 1181 1623 ’

256 1659 330 1689 bitio
346 1660 482 1696 tollendi,
499 1660 556 1690 nisi
576 1666 682 1701 pactus
702 1666 787 1698 esset,
808 1660 871 1691 vim
889 1660 1053 1691 adhibebat
1071 1671 1143 1702 pac-

256 1702 342 1739 tioni,
359 1712 419 1732 non
432 1703 630 1733 voluntatem.

299 1745 373 1776 XV.
397 1746 471 1775 Jam
496 1756 565 1776 vero
588 1746 677 1784 illud,
703 1756 763 1776 non
791 1747 890 1776 solum
914 1752 1019 1777 contra
1044 1747 1143 1788 legem
1180 1780 1181 1791 γ

256 1787 463 1825 Hieronicam,
481 1799 535 1820 nec
550 1790 649 1820 solum
668 1795 772 1820 contra
786 1790 1037 1821 consuetudinem
1056 1801 1145 1831 supe-
1179 1794 1181 1819 J
