1181 1902
237 110 299 141 294
425 110 475 141 IN
500 111 696 142 VERREM
721 110 780 142 IV.
805 109 888 140 CAP.
906 108 936 144 7.

261 201 409 236 egestam,
415 196 615 238 Halicyensis,
627 196 858 228 Panormitam:
875 199 1019 235 praeterea
1027 192 1128 223 omnis

237 248 308 278 ager
324 239 433 269 siciliae
448 240 604 270 civitatum
620 241 804 271 decumanus
815 245 875 269 est:
900 237 1044 277 itemque,
1055 242 1127 266 ame

238 280 401 321 imperium
413 283 518 322 populi
532 284 676 321 Romani,
687 284 822 324 ipsorum
834 280 1006 312 Siculorum
1018 279 1126 309 volun„

240 329 300 354 tate
313 330 342 354 et
356 325 501 356 institutis
515 326 583 356 fuit.

283 367 393 398 Videte
408 378 490 398 nunc
504 371 656 408 majorum
672 368 860 410 sapientiam,
877 365 942 406 qui,
959 375 1029 395 cum
1049 363 1126 395 Sici-

238 409 324 448 liam,
341 416 404 440 tam
425 418 630 452 opportunum
647 412 815 442 subsidium
832 410 905 440 belli
925 415 1016 448 atque
1030 406 1124 447 pacis,

239 452 278 482 ad
290 454 510 493 rempublicam
525 455 744 494 adjunxissent,
761 452 844 484 tant&
859 450 930 482 curii
945 450 1060 481 Siculos
1075 455 1125 479 tu-

239 495 281 525 eri
296 502 325 525 et
340 496 466 527 retinere
482 498 652 535 voluerunt„
670 504 704 527 ut
730 507 790 527 non
814 495 905 525 modo
926 503 1030 523 eorum
1046 492 1126 532 agris

239 538 365 578 vectigal
386 550 499 570 novum
523 542 644 571 nullum
663 541 873 581 imponerent3
899 536 951 567 sed
971 545 1008 566 ne
1025 536 1125 575 legem

238 581 362 621 quidem
379 583 557 613 venditionis
572 584 780 618 decumarum,
805 590 880 611 neve
904 578 1053 609 vendendi
1073 583 1127 608 aut

239 629 359 664 ternpus
375 633 428 655 aut
443 626 555 663 locum⁷
572 631 813 659 commutarentg
838 630 872 653 ut
894 628 973 652 certo
991 628 1126 661 ternpore

239 667 322 703 anni,
339 674 373 697 ut
389 668 502 698 ibidem
517 669 548 698 in
564 668 676 705 Sicilia,
690 668 820 708 denique
834 673 869 696 ut
883 666 949 705 lege
962 663 1126 694 Hieronica

237 710 409 740 venderent.
427 711 600 741 Voluerunt
610 722 657 741 eos
667 712 698 740 in
709 711 769 741 suis
780 712 868 740 rebus
877 709 957 748 ipsos
966 708 1124 742 interesse3

238 762 404 794 eorumque
419 754 547 791 animos,
573 764 634 784 non
649 754 741 784 modo
755 754 822 793 lege
838 751 926 788 nomi,
944 750 995 780 sed
1011 760 1048 780 ne
1070 759 1125 779 no-

237 795 321 825 mine
336 797 460 836 quidem
475 798 551 837 legis
571 807 659 834 novo,
685 795 875 827 commoveri.
914 794 964 824 Ita
983 793 1126 823 decumas

235 838 302 878 lege
319 839 483 869 Hieronica
498 850 616 880 semper
632 839 802 870 vendendas
818 842 1009 873 censuerunt,
1033 842 1068 866 ut
1088 835 1125 865 iis

232 881 396 920 jucundior
411 889 486 912 esset
507 883 640 912 muneris
656 883 737 912 illius
757 881 884 917 functio,
901 880 926 910 si
949 880 1013 918 ejus
1033 878 1122 919 regis,

235 924 289 964 qui
305 925 413 955 Siculis
426 926 597 956 carissimus
611 926 681 963 fuit,
699 935 758 955 non
770 925 868 955 solum
883 923 1031 959 instituta,
1042 932 1125 951 com-

236 973 354 998 mutato
370 969 507 1008 imperio,
524 979 628 999 verum
645 969 735 999 etiarn
753 977 862 997 nomen
877 970 1021 996 maneret.
1054 964 1125 994 Hoc

233 1011 313 1049 jure,
330 1017 399 1041 ante
417 1012 543 1042 Verrem
556 1018 725 1052 praetorem,
739 1011 833 1041 Siculi
846 1019 962 1049 semper
974 1007 1020 1038 usi
1035 1013 1122 1037 sunt:

236 1053 285 1084 hic
300 1055 416 1094 primus
431 1054 569 1085 instituta
588 1055 738 1091 omnium,
763 1053 1010 1084 consuetudinem
1026 1061 1044 1080 a
1058 1061 1125 1080 ma-

232 1097 350 1135 joribus
364 1098 516 1136 traditam,
529 1098 730 1129 conditionem
741 1096 890 1133 amicitiae,
905 1096 955 1135 jus
965 1093 1123 1134 societatis,

237 1141 403 1171 convellere
418 1147 447 1171 et
462 1148 649 1172 commutare
664 1151 755 1172 ausus
770 1149 822 1170 est.

278 1183 357 1214 VH.
382 1184 454 1222 Qud
468 1185 499 1214 in
515 1195 546 1215 re
561 1185 695 1225 primum
719 1183 796 1214 illud
818 1181 1004 1223 reprehendo
1024 1186 1054 1211 et
1075 1191 1125 1211 ac·-

234 1237 316 1263 cusm
334 1238 397 1264 cur,
420 1228 451 1257 in
472 1238 504 1258 re
525 1234 587 1258 tam
608 1228 712 1265 veteri,
729 1233 791 1257 tam
814 1226 936 1263 usitat-21,
953 1224 1123 1266 quidquam

234 1270 304 1300 novi
320 1270 432 1300 feceris.
464 1271 592 1311 Ingenio
608 1270 724 1311 aliquid
739 1275 890 1300 assecutus
906 1270 961 1298 es?
988 1267 1053 1297 Tot
1068 1267 1123 1297 ho-

233 1313 330 1343 mines
342 1313 576 1353 sapientissimos
592 1321 621 1344 et
632 1313 821 1350 clarissimos5
835 1312 888 1352 qui
904 1311 987 1341 illam
1000 1310 1123 1351 provin-

233 1356 311 1386 ciam
328 1363 397 1386 ante
413 1362 441 1387 te
453 1362 626 1393 tenuerunt7
640 1355 799 1397 prudentii]⁴
810 1354 993 1395 consilioque
1003 1352 1099 1383 vicisti
1107 1353 1121 1382 ’Β

232 1399 291 1429 Est
313 1406 423 1435 tuum3
449 1406 492 1429 est
511 1400 626 1439 ingenii
645 1399 869 1440 diligentiaeque
893 1403 961 1427 tuae.
994 1396 1045 1426 Do
1065 1396 1124 1427 hoc

232 1442 288 1472 tibi
303 1449 332 1472 et
347 1443 495 1472 concedo:
521 1443 592 1480 scio,
614 1450 643 1473 te
664 1444 784 1479 Romae,
811 1451 881 1471 cum
902 1446 1011 1481 praetor
1033 1449 1121 1477 esses,

231 1485 327 1515 edicto
343 1491 396 1515 tuo
408 1486 605 1525 possessiones
620 1485 830 1516 haereditatum
847 1495 865 1513 a
876 1483 937 1513 suis
946 1483 985 1513 ad
997 1482 1121 1519 alienos,

231 1538 250 1557 a
264 1528 371 1569 primis
386 1529 554 1558 haeredibus
570 1529 609 1558 ad
624 1528 780 1563 secundos,
797 1538 814 1557 a
829 1527 947 1567 legibus
967 1525 1006 1555 ad
1020 1525 1123 1555 libidi-

230 1582 299 1602 nem
317 1578 414 1607 tuam,
436 1572 631 1602 transtulisse.
664 1572 743 1607 Scio,
765 1576 794 1600 te
815 1570 911 1600 edicta
933 1568 1122 1609 superiorum

229 1614 369 1644 omnium
385 1615 557 1652 correxisse,
575 1622 603 1644 et
615 1614 812 1654 possessiones
823 1612 1046 1649 haereditatum,
1059 1621 1121 1641 non

230 1658 396 1688 secundum
414 1668 461 1687 cos
478 1658 530 1697 qui
547 1658 724 1698 proferrent⁷
741 1657 792 1687 sed
813 1655 979 1686 secundum
1001 1664 1050 1684 eos
1067 1654 1120 1694 qui

228 1701 361 1732 dicerent
385 1707 601 1730 testamentum
622 1700 748 1737 factum,
775 1699 908 1729 dedisse:
940 1707 1049 1737 easque
1076 1707 1122 1726 res

227 1755 320 1776 novas
336 1746 390 1775 abs
406 1749 435 1774 te
452 1743 584 1784 prolatas
601 1749 629 1773 et
641 1744 778 1773 inventas
793 1752 905 1782 magno
921 1741 976 1771 tibi
992 1739 1122 1781 quaestui

228 1791 320 1821 fuisse
336 1787 415 1819 scio:
441 1786 644 1827 eumdemque
660 1794 689 1817 te
701 1785 828 1817 memini
839 1784 987 1816 censorias
1001 1791 1124 1824 quoque
