1181 1902
155 79 229 112 ἶ234
327 79 389 110 ΔΙΝ
415 79 610 111 VERREM
635 79 700 110 III.
725 79 807 109 cst.
831 79 883 108 22,

166 166 269 204 minis,
280 166 418 196 Deorum
429 166 572 206 religione
581 171 798 201 consecratum,
809 164 919 194 violare
934 165 1032 196 noluit
1043 178 1051 196 z

168 216 201 239 tu
218 211 419 250 Syracusanos
436 219 533 239 unum
548 209 629 239 diem
645 208 757 238 festum
773 207 927 238 Marcellis
942 208 1053 248 imper-

167 253 223 282 tire
238 252 372 289 noluisti,
389 262 442 292 per
457 263 532 292 quos
547 252 593 281 illi
608 251 709 291 adepti
720 256 801 287 sunt,
818 256 853 280 ut
862 256 981 280 caeteros
991 251 1053 282 dies

167 295 257 325 festos
273 295 384 335 agitare
399 301 528 335 possent.

211 339 257 368 At
283 348 352 368 vero
376 338 555 378 praeclarum
581 337 662 367 diem
688 336 857 377 reposuisti,
883 336 996 367 Verrea
1019 344 1054 368 ut

168 387 303 421 agerent,
328 387 357 411 et
380 386 425 418 ut,
451 380 489 410 ad
505 391 576 410 eum
599 380 692 417 diem,
709 390 778 419 quae
794 379 882 409 sacris
897 380 1055 421 epulisque

167 434 244 464 opus
260 430 367 459 essent,
384 424 416 453 in
431 424 600 464 complures
615 433 709 452 annos
720 423 898 453 locarentur.
923 423 981 452 Sed
990 424 1055 462 jam

169 466 201 496 in
217 467 302 497 tanta
320 466 405 497 istius
427 465 617 507 impudentia
640 465 856 495 remittendum
881 465 996 506 aliquid
1012 467 1056 497 vi-

152 525 156 528 *
169 509 269 547 detur,
286 520 324 540 ne
339 510 442 539 omnia
456 509 685 546 contendamus,
702 518 740 539 ne
755 508 858 538 omnia
869 518 939 538 cum
955 508 1056 539 dolore

169 563 257 592 agere
273 553 438 583 videamur.
464 553 548 582 Nam
563 563 612 582 me
624 552 698 589 dies,
714 562 784 588 vox,
796 552 890 581 latera
905 551 1055 589 deficiant,

151 611 155 614 >
169 595 195 625 si
211 596 267 626 hoc
282 605 364 626 nunc
384 595 537 626 vociferari
553 595 656 633 velim,
682 605 775 635 quam
797 594 941 624 miserum
957 594 1057 635 indig-

170 648 307 679 numque
317 638 365 676 sit,
378 638 464 668 istius
477 638 600 668 nomine
612 638 693 678 apud
706 648 754 668 eos
766 637 846 666 diem
859 638 970 667 festum
983 648 1055 676 esse,

152 703 154 706 v
170 682 224 721 qui
240 692 301 711 sese
317 682 402 711 istius
411 681 501 722 opera
513 681 651 710 funditus
664 681 824 710 exstinctos
839 691 901 710 esse
913 680 1058 710 arbitren-

171 730 229 754 tur.
255 724 284 755 O
300 725 412 755 Verrea
422 724 575 764 praeclara,
591 723 762 764 [quoquam
773 723 797 752 si
809 722 983 763 accessisti,]
997 734 1058 764 quo

171 776 231 797 non
253 767 388 797 attuleris
404 773 504 797 tecum
527 767 620 796 istum
636 766 717 796 diem
733 767 739 796 ἔ
766 766 890 796 Etenim
906 775 999 806 quam
1023 773 1057 797 tu

171 810 310 846 domum,
327 820 421 851 quam
436 811 556 847 urbem,
569 809 678 846 adiisti,
695 809 778 849 quod
793 809 898 838 fanum
915 809 1056 850 denique,

172 853 254 893 quod
270 863 330 882 non
347 863 482 883 eversum
493 858 584 893 atque
596 858 748 882 extersum
763 852 942 892 reliqueris?
966 863 1059 893 quare

170 897 361 936 appellentur
385 906 455 925 sane
479 895 536 925 ista
552 895 676 931 Verrea,
702 906 771 935 quae
786 905 846 924 non
871 905 908 924 ex
924 895 1057 944 nomine,

174 939 225 968 sed
242 950 279 969 ex
297 938 471 979 [manibus]
491 939 661 979 naturaque
676 939 740 976 tua,
757 938 919 968 constituta
939 948 1001 969 esse
1015 939 1060 970 vi-

153 997 156 1000 «
173 982 312 1012 deantur.

215 1025 329 1055 XXII.
353 1025 459 1063 Quam
484 1025 572 1056 facile
592 1030 691 1065 serpat
715 1025 837 1064 injuria,
863 1030 892 1054 et
914 1025 1057 1065 peccandi

171 1068 354 1099 consuetudo
366 1079 374 1104 ;
399 1079 493 1109 quam
505 1078 565 1099 non
581 1068 668 1098 facile
680 1068 871 1108 reprimatur,
888 1068 996 1106 videte,
1007 1069 1058 1107 ju-

172 1110 260 1141 dices.
285 1111 371 1142 Bidis
387 1112 535 1152 oppidum
552 1117 606 1147 est,
623 1117 713 1141 tenue
735 1121 817 1148 sane,
841 1120 902 1140 non
928 1111 1018 1151 longe
1041 1122 1059 1141 a

156 1168 157 1171 ¹
173 1155 336 1194 Syracusis.
362 1155 465 1194 Hujus
477 1155 566 1194 longe
581 1154 697 1195 primus
707 1154 834 1184 civitatis
844 1160 890 1183 est
902 1153 1058 1194 Epicrates

172 1197 306 1236 quidam.
334 1197 418 1228 Huic
437 1197 593 1227 haereditas
607 1197 662 1227 Hs
678 1197 1057 1238 quingentorummillium

173 1246 293 1270 venerat
308 1252 326 1271 a
340 1241 467 1271 muliere
482 1240 616 1281 quadam
631 1240 814 1281 propinqua,
827 1245 918 1279 atque
933 1240 975 1269 ita
990 1251 1059 1280 pro-

172 1282 298 1323 pinqua,
315 1289 360 1321 ut,
377 1294 411 1313 ea
423 1283 539 1313 etiamsi
551 1283 690 1313 intestata
705 1289 779 1313 esset
788 1289 919 1319 mortua,
932 1282 1059 1323 Epicra-

173 1330 234 1354 tem
245 1327 426 1357 Bidinorum
441 1326 558 1367 legibus
575 1326 726 1356 haeredem
742 1336 803 1356 esse
815 1331 972 1365 oporteret.
997 1326 1059 1356 Re-

174 1378 241 1398 cens
254 1370 440 1409 Syracusana
449 1378 511 1399 erat
520 1369 573 1398 illa
588 1379 644 1407 res,
662 1379 755 1409 quam
765 1374 834 1398 ante
843 1368 1058 1407 demonstravi,

173 1410 211 1440 de
228 1412 366 1442 Heraclio
387 1414 585 1453 Syracusano,
608 1412 662 1453 qui
686 1414 766 1442 bona
786 1422 846 1441 non
871 1411 1058 1451 perdidisset,

174 1453 230 1483 nisi
247 1455 272 1484 ei
288 1455 413 1485 venisset
433 1455 598 1485 haereditas.
623 1455 706 1485 Huic
722 1465 843 1495 quoque
858 1454 994 1494 Epicrati
1010 1465 1060 1484 ve-

174 1502 269 1534 nerat,
286 1503 319 1526 ut
328 1498 402 1534 dixi,
416 1498 582 1528 haereditas.
607 1498 746 1538 Cogitare
761 1503 914 1537 cmperunt
928 1498 992 1536 ejus
1002 1497 1060 1527 ini-

174 1540 255 1576 mici,
272 1540 364 1570 nihilo
380 1541 491 1576 minus,
509 1540 613 1571 eodem
626 1547 762 1581 praetore,
779 1541 861 1570 hunc
872 1540 963 1570 everti
976 1541 1061 1571 bonis

174 1592 269 1622 posse,
286 1594 346 1623 quo
362 1584 521 1613 Heraclius
544 1591 619 1614 esset
635 1594 762 1613 eversus.
788 1583 868 1613 Rem
884 1584 999 1613 occulte
1014 1583 1061 1613 in-

174 1625 320 1655 stituunt:
346 1626 383 1656 ad
406 1627 533 1656 Verrem
551 1637 604 1667 per
626 1627 690 1666 ejus
710 1626 887 1666 interpretes
912 1626 1059 1656 deferunt.

175 1668 189 1697 J
194 1674 223 1697 ta
233 1679 320 1698 causa
331 1669 532 1709 componitur,
543 1676 577 1699 ut
589 1670 660 1699 item
674 1669 843 1710 palaestritae
854 1669 999 1698 Bidenses
1008 1680 1061 1709 pc-

174 1716 269 1741 terent
284 1713 321 1741 ab
338 1712 478 1753 Epicrate
493 1712 711 1747 haereditatem,
733 1711 992 1753 quemadmodum
1008 1723 1061 1752 pa-

157 1753 301 1785 ·lecstritae
312 1755 490 1795 Syracusani
507 1757 544 1786 ab
559 1755 702 1786 Heraclio
712 1755 866 1796 petissent.
892 1755 1062 1795 Nunquam
