1181 1902
228 126 292 158 258
401 126 452 159 IN
475 127 671 159 VERREM
698 127 763 159 ΙΙΙ.
788 128 871 159 ΟΛΡ.
894 129 946 159 48.

234 213 291 244 tias
306 213 437 245 hominis
448 214 663 256 improbissimi
675 215 867 255 susciperem,
883 220 917 244 ut
931 214 1057 255 hospitis
1073 226 1120 246 sa-

231 256 328 287 lutem
348 257 544 298 fortunasque
564 258 773 288 defenderem:
792 258 940 291 (fecerunt
955 258 1012 288 hoc
1027 258 1119 288 multi

238 300 322 340 apud
337 301 464 339 majores
476 307 591 331 nostros
602 313 609 330 ε
635 301 704 331 fecit
715 301 806 331 etiam
816 311 912 342 nuper
922 301 1015 331 homo
1024 301 1126 331 claris-

238 343 344 379 simus,
362 343 419 373 Cn.
436 343 602 380 Domitius,
627 344 680 385 qui
697 344 743 373 M.
761 344 913 381 Silanum,
935 345 1125 374 consularem

237 386 349 421 virum,
361 387 509 416 accusavit
518 393 639 427 propter
650 387 838 427 Egi-itomari
847 386 1044 435 Transalpini
1056 387 1126 417 hos-

239 429 310 469 pitis
326 429 464 468 injurias)
488 436 626 470 putarem
641 440 690 459 1118
681 411 861 467 bidoneum,
878 430 931 470 qui
946 430 1123 470 exemplum

240 482 379 512 sequerer
403 472 600 502 humanitatis
625 479 715 513 atque
741 472 841 509 officii,
866 482 1129 521 proponeremque

240 525 325 555 spem
340 515 414 545 meis
429 515 597 556 hospitibus
613 526 646 545 ac
658 516 840 551 necessariis,
858 525 918 555 quo
931 516 1073 545 tutiorem
1084 515 1129 545 vi-

240 563 304 587 tam
328 568 389 588 sese
410 568 478 588 meo
501 558 639 598 presidio
664 558 794 588 victuros
818 568 880 588 esse
903 558 1129 588 arbitrarentur.

243 600 325 630 Cum
341 611 421 639 vero,
437 601 468 630 in
485 601 697 631 communibus
716 601 834 640 injuriis
850 601 941 630 totius
957 601 1130 641 provinciae,

243 643 361 674 Sthenii
377 654 497 684 quoque
513 654 602 673 causa
613 643 810 679 contineatur,
824 644 976 684 multique
986 653 1046 673 uno
1057 650 1134 674 tem-

244 696 316 727 pore
332 697 348 716 a
364 697 413 716 me
428 687 559 726 hospites
580 693 670 727 atque
685 687 773 716 amici
789 687 909 727 publice
930 687 1134 727 privatimque

244 729 444 759 defendantur
456 741 464 765 ;
489 730 621 770 profecto
632 730 724 759 vereri
740 739 800 759 non
812 729 916 765 debeo,
934 739 972 759 ne
984 730 1051 770 quis
1064 730 1133 765 hoc,

245 772 327 812 quod
343 772 430 809 facio,
456 782 515 801 non
533 772 683 802 existimet
699 783 747 802 me
770 772 883 802 summi
907 772 996 802 officii
1021 773 1136 802 ratione

246 815 414 855 impulsum
431 820 628 855 coactumque
644 817 815 855 suscepisse.

290 858 452 889 XLVIII.
476 858 593 898 Atque,
615 863 649 887 ut
672 858 836 898 aliquando
860 857 897 887 de
917 859 1005 888 rebus
1028 860 1065 888 ab
1081 858 1138 888 isto

248 901 375 941 cognitis
387 900 601 940 judicatisque,
624 900 704 930 etde
724 901 846 939 judiciis
866 900 956 937 datis,
974 901 1070 931 dicere
1086 901 1138 931 de-

249 944 410 978 sista1nus;
435 949 476 981 et,
493 943 637 983 quoniam
653 943 732 973 facta
747 943 832 973 istius
855 943 886 973 in
907 943 954 973 his
978 944 1138 984 generibus

245 987 364 1017 infinita
385 993 465 1022 sunt,
483 996 536 1016 nos
557 986 684 1016 modum
701 987 835 1026 aliquem
852 992 881 1016 et
896 986 988 1016 finem
1008 987 1136 1017 orationi

247 1036 367 1067 nostrae,
384 1029 632 1070 criminibusque,
650 1029 812 1065 faciamus;
837 1040 934 1070 pauca
949 1040 987 1060 ex
1002 1030 1069 1060 aliis
1084 1039 1137 1070 ge-

249 1073 371 1104 neribus
387 1083 552 1102 sumemus.

293 1115 448 1152 Audistis,
459 1117 497 1145 ob
505 1116 555 1154 jus
567 1115 740 1152 dicendum,
754 1116 795 1153 Q.
807 1116 939 1146 Varium
948 1116 1056 1153 dicere,
1067 1126 1138 1156 pro-

249 1165 399 1191 curatores
415 1169 483 1188 suos
499 1158 547 1188 isti
560 1164 681 1188 centuni
698 1165 726 1188 et
736 1159 858 1199 triginta
868 1159 966 1189 millia
977 1161 1141 1189 nummum

250 1202 384 1233 dedisse:
410 1201 590 1231 meministis
606 1201 647 1238 Q.
664 1201 751 1232 Varii
774 1202 993 1238 testimonium,
1016 1212 1142 1243 remque

250 1246 329 1276 hanc
345 1250 439 1275 totam
456 1244 491 1273 C.
509 1244 687 1281 Sacerdotis,
704 1245 835 1274 hominis
851 1245 1045 1281 ornatissimi,
1059 1245 1142 1275 testi-

250 1288 354 1318 monio
364 1287 553 1327 comprobari
567 1299 574 1317 :
593 1288 682 1325 scitis,
695 1288 752 1317 Cn.
764 1288 908 1323 Sertium,
921 1288 968 1317 M.
981 1287 1138 1326 Medium,

251 1331 367 1372 equites
377 1331 544 1368 Romanos,
556 1336 709 1360 sexcentos
730 1336 873 1371 praeterea
882 1330 959 1360 cives
973 1331 1140 1369 Romanos,

252 1375 426 1414 multosque
442 1373 570 1409 Siculos,
587 1373 708 1409 dixisse,
729 1384 759 1403 se
779 1374 828 1403 isti
851 1373 1011 1413 pecuniam
1032 1375 1070 1403 ob
1091 1374 1144 1413 jus

253 1417 415 1447 dicendum
432 1415 555 1445 dedisse.
585 1415 634 1446 De
654 1427 715 1457 quo
736 1416 861 1446 crimine
879 1416 953 1456 quid
970 1427 1024 1456 ego
1039 1416 1144 1457 dispu-

252 1466 326 1497 tem,
352 1469 421 1489 cum
446 1458 477 1488 id
501 1464 599 1488 totum
623 1459 755 1499 positum
780 1459 817 1489 sit
841 1459 872 1488 in
895 1459 1045 1489 testibus?
1069 1459 1144 1500 quid

252 1513 341 1544 porro
356 1507 560 1541 argumenter,
585 1502 646 1542 (11ιῖ1
661 1502 698 1531 de
718 1512 749 1531 re
765 1501 904 1532 dubitare
919 1511 1008 1531 nemo
1025 1502 1143 1542 possit?

251 1547 305 1576 An
322 1545 378 1574 hoc
388 1544 539 1574 dubitabit
548 1545 709 1585 quisquam
720 1545 870 1582 omnium,
884 1545 958 1584 quin
970 1545 995 1574 is
1005 1545 1143 1575 venalem

252 1590 284 1619 in
301 1586 403 1618 Sicilia
414 1587 654 1626 jurisdictionem
670 1587 820 1623 habuerit,
840 1587 893 1627 qui
918 1588 1027 1617 Romae
1043 1593 1143 1617 totum

253 1632 384 1662 edictum
400 1636 491 1670 atque
506 1630 609 1660 omnia
624 1631 741 1660 decreta
757 1630 923 1660 vendiderit
936 1632 950 1660 ἶ)
974 1630 1048 1671 (111111
1064 1630 1089 1660 15
1105 1632 1143 1660 81)

253 1674 372 1709 Siculis,
386 1674 424 1702 ob
440 1672 557 1703 decreta
571 1673 800 1714 interponenda,
813 1673 973 1722 pecuniam
985 1673 1142 1713 acceperit,

251 1718 305 1758 qui
322 1717 369 1746 M.
388 1715 552 1745 Octavium
570 1716 728 1756 Ligurem,
755 1718 793 1746 ob
814 1717 864 1755 jus
888 1716 1063 1752 dicendum,
1088 1726 1145 1764 111)-

249 1758 399 1802 poscerit?
423 1758 517 1796 Quod
542 1759 623 1789 enim
648 1759 703 1789 iste
725 1765 869 1800 praeterea
891 1768 987 1799 genus
1008 1758 1146 1799 pecuniae

238 1802 390 1845 >cogendas
404 1801 565 1843 praeteriit.
557 1802 571 1819 '³
594 1802 676 1843 quod
691 1812 764 1842 non,
781 1803 820 1833 ab
835 1802 978 1834 omnibus
988 1802 1055 1832 aliis
1068 1812 1145 1843 11181-
