<?xml version="1.0" encoding="UTF-8"?>
<!DOCTYPE html PUBLIC "-//W3C//DTD XHTML 1.0 Transitional//EN"
    "http://www.w3.org/TR/xhtml1/DTD/xhtml1-transitional.dtd">
<html xmlns="http://www.w3.org/1999/xhtml" xml:lang="en" lang="en">
 <head>
  <title>
</title>
<meta http-equiv="Content-Type" content="text/html;charset=utf-8" />
  <meta name='ocr-system' content='tesseract 3.04.00' />
  <meta name='ocr-capabilities' content='ocr_page ocr_carea ocr_par ocr_line ocrx_word'/>
</head>
<body>
  <div class='ocr_page' id='page_1' title='image "./operaern05ciceuoft_0119.png"; bbox 0 0 1181 1902; ppageno 0'>
   <div class='ocr_carea' id='block_1_1' title="bbox 405 383 671 418">
    <p class='ocr_par' dir='ltr' id='par_1_1' title="bbox 405 383 671 418">
     <span class='ocr_line' id='line_1_1' title="bbox 405 383 671 418; baseline -0.011 0"><span class='ocrx_word' id='word_1_1' title='bbox 405 383 586 418; x_wconf 90' lang='lat' dir='ltr'><strong>ORATIO</strong></span> <span class='ocrx_word' id='word_1_2' title='bbox 610 385 671 418; x_wconf 89' lang='lat' dir='ltr'><strong>IV.</strong></span> 
     </span>
    </p>
   </div>
   <div class='ocr_carea' id='block_1_2' title="bbox 286 481 806 646">
    <p class='ocr_par' dir='ltr' id='par_1_2' title="bbox 286 481 806 646">
     <span class='ocr_line' id='line_1_2' title="bbox 286 481 806 530; baseline 0.006 -7"><span class='ocrx_word' id='word_1_3' title='bbox 286 481 356 523; x_wconf 84' lang='lat' dir='ltr'><strong>IN</strong></span> <span class='ocrx_word' id='word_1_4' title='bbox 389 483 446 530; x_wconf 80' lang='lat' dir='ltr'><strong>Q.</strong></span> <span class='ocrx_word' id='word_1_5' title='bbox 476 482 806 526; x_wconf 82' lang='lat' dir='ltr'>CAECILIUM</span> 
     </span>
     <span class='ocr_line' id='line_1_3' title="bbox 386 597 706 646; baseline 0 -10"><span class='ocrx_word' id='word_1_6' title='bbox 386 597 706 646; x_wconf 83' lang='lat' dir='ltr'><strong>DIVINATIO,</strong></span> 
     </span>
    </p>
   </div>
   <div class='ocr_carea' id='block_1_3' title="bbox 144 702 935 736">
    <p class='ocr_par' dir='ltr' id='par_1_3' title="bbox 144 702 935 736">
     <span class='ocr_line' id='line_1_4' title="bbox 144 702 935 736; baseline 0.003 -3"><span class='ocrx_word' id='word_1_7' title='bbox 144 713 194 733; x_wconf 74' lang='lat' dir='ltr'><strong>scu</strong></span> <span class='ocrx_word' id='word_1_8' title='bbox 211 703 247 733; x_wconf 77' lang='lat' dir='ltr'><strong>dc</strong></span> <span class='ocrx_word' id='word_1_9' title='bbox 262 702 449 734; x_wconf 74' lang='lat' dir='ltr'><em>Accusatore</em></span> <span class='ocrx_word' id='word_1_10' title='bbox 460 704 494 735; x_wconf 76' lang='lat' dir='ltr'><strong>in</strong></span> <span class='ocrx_word' id='word_1_11' title='bbox 512 705 548 736; x_wconf 90' lang='lat' dir='ltr'><strong>C&#39;.</strong></span> <span class='ocrx_word' id='word_1_12' title='bbox 572 705 700 736; x_wconf 80' lang='lat' dir='ltr'><em>Verrem</em></span> <span class='ocrx_word' id='word_1_13' title='bbox 715 703 935 735; x_wconf 75' lang='lat' dir='ltr'><strong>constituendo.</strong></span> 
     </span>
    </p>
   </div>
   <div class='ocr_carea' id='block_1_4' title="bbox 491 824 605 847">
    <p class='ocr_par' dir='ltr' id='par_1_4' title="bbox 491 824 605 847">
     <span class='ocr_line' id='line_1_5' title="bbox 491 824 605 847; baseline -0.018 0"><span class='ocrx_word' id='word_1_14' title='bbox 491 824 605 847; x_wconf 43' lang='grc' dir='ltr'><strong>-Φ-</strong></span> 
     </span>
    </p>
   </div>
   <div class='ocr_carea' id='block_1_5' title="bbox 259 929 828 962">
    <p class='ocr_par' dir='ltr' id='par_1_5' title="bbox 259 929 828 962">
     <span class='ocr_line' id='line_1_6' title="bbox 259 929 828 962; baseline -0.004 0"><span class='ocrx_word' id='word_1_15' title='bbox 259 929 602 962; x_wconf 89' lang='lat' dir='ltr'><strong>ARGUMENTUM</strong></span> <span class='ocrx_word' id='word_1_16' title='bbox 624 929 828 962; x_wconf 83' lang='lat' dir='ltr'><strong>ASCONII.</strong></span> 
     </span>
    </p>
   </div>
   <div class='ocr_carea' id='block_1_6' title="bbox 100 1016 1002 1840">
    <p class='ocr_par' dir='ltr' id='par_1_6' title="bbox 100 1016 1002 1840">
     <span class='ocr_line' id='line_1_7' title="bbox 100 1016 994 1060; baseline -0.002 -9"><span class='ocrx_word' id='word_1_17' title='bbox 100 1020 166 1052; x_wconf 68' lang='lat' dir='ltr'><strong>CN.</strong></span> <span class='ocrx_word' id='word_1_18' title='bbox 190 1018 338 1060; x_wconf 90' lang='lat' dir='ltr'><strong>Pompeio</strong></span> <span class='ocrx_word' id='word_1_19' title='bbox 357 1018 493 1059; x_wconf 89' lang='lat' dir='ltr'><strong>primum</strong></span> <span class='ocrx_word' id='word_1_20' title='bbox 510 1024 540 1049; x_wconf 86' lang='lat' dir='ltr'><strong>et</strong></span> <span class='ocrx_word' id='word_1_21' title='bbox 563 1018 611 1049; x_wconf 90' lang='lat' dir='ltr'><strong>M.</strong></span> <span class='ocrx_word' id='word_1_22' title='bbox 628 1018 736 1049; x_wconf 87' lang='lat' dir='ltr'>Crasso</span> <span class='ocrx_word' id='word_1_23' title='bbox 752 1017 838 1049; x_wconf 87' lang='lat' dir='ltr'><strong>Coss.</strong></span> <span class='ocrx_word' id='word_1_24' title='bbox 854 1017 891 1049; x_wconf 87' lang='lat' dir='ltr'><strong>C.</strong></span> <span class='ocrx_word' id='word_1_25' title='bbox 913 1016 994 1050; x_wconf 88' lang='lat' dir='ltr'><strong>Ver-</strong></span> 
     </span>
     <span class='ocr_line' id='line_1_8' title="bbox 101 1061 995 1104; baseline -0.002 -10"><span class='ocrx_word' id='word_1_26' title='bbox 101 1074 160 1101; x_wconf 91' lang='lat' dir='ltr'><strong>res,</strong></span> <span class='ocrx_word' id='word_1_27' title='bbox 177 1063 354 1104; x_wconf 84' lang='lat' dir='ltr'><strong>perfunctus</strong></span> <span class='ocrx_word' id='word_1_28' title='bbox 370 1062 535 1103; x_wconf 59' lang='lat' dir='ltr'><strong>quaesturit,</strong></span> <span class='ocrx_word' id='word_1_29' title='bbox 557 1061 718 1103; x_wconf 85' lang='lat' dir='ltr'>legatione,</span> <span class='ocrx_word' id='word_1_30' title='bbox 740 1067 770 1092; x_wconf 84' lang='lat' dir='ltr'><strong>et</strong></span> <span class='ocrx_word' id='word_1_31' title='bbox 789 1061 922 1102; x_wconf 60' lang='lat' dir='ltr'><strong>praeturss.</strong></span> <span class='ocrx_word' id='word_1_32' title='bbox 941 1072 995 1092; x_wconf 89' lang='lat' dir='ltr'><strong>ur-</strong></span> 
     </span>
     <span class='ocr_line' id='line_1_9' title="bbox 102 1105 996 1146; baseline -0.001 -9"><span class='ocrx_word' id='word_1_33' title='bbox 102 1106 196 1143; x_wconf 58' lang='lat' dir='ltr'><strong>bana,</strong></span> <span class='ocrx_word' id='word_1_34' title='bbox 211 1107 280 1136; x_wconf 88' lang='lat' dir='ltr'><strong>vivo</strong></span> <span class='ocrx_word' id='word_1_35' title='bbox 303 1111 389 1146; x_wconf 86' lang='lat' dir='ltr'><strong>patre</strong></span> <span class='ocrx_word' id='word_1_36' title='bbox 415 1105 451 1136; x_wconf 86' lang='lat' dir='ltr'><strong>C.</strong></span> <span class='ocrx_word' id='word_1_37' title='bbox 473 1105 580 1143; x_wconf 86' lang='lat' dir='ltr'><strong>Verre,</strong></span> <span class='ocrx_word' id='word_1_38' title='bbox 609 1110 638 1135; x_wconf 91' lang='lat' dir='ltr'><strong>et</strong></span> <span class='ocrx_word' id='word_1_39' title='bbox 663 1110 841 1146; x_wconf 72' lang='lat' dir='ltr'><strong>praetextato</strong></span> <span class='ocrx_word' id='word_1_40' title='bbox 864 1105 938 1142; x_wconf 80' lang='lat' dir='ltr'><strong>filio,</strong></span> <span class='ocrx_word' id='word_1_41' title='bbox 959 1115 996 1136; x_wconf 84' lang='lat' dir='ltr'><strong>ac</strong></span> 
     </span>
     <span class='ocr_line' id='line_1_10' title="bbox 102 1148 997 1190; baseline -0.002 -10"><span class='ocrx_word' id='word_1_42' title='bbox 102 1150 167 1180; x_wconf 58' lang='lat' dir='ltr'><strong>filia</strong></span> <span class='ocrx_word' id='word_1_43' title='bbox 182 1149 290 1190; x_wconf 52' lang='lat' dir='ltr'><strong>nupta,</strong></span> <span class='ocrx_word' id='word_1_44' title='bbox 307 1159 435 1179; x_wconf 83' lang='lat' dir='ltr'><strong>uxorem</strong></span> <span class='ocrx_word' id='word_1_45' title='bbox 450 1148 576 1186; x_wconf 88' lang='lat' dir='ltr'><strong>habens,</strong></span> <span class='ocrx_word' id='word_1_46' title='bbox 593 1158 663 1178; x_wconf 89' lang='lat' dir='ltr'><strong>cum</strong></span> <span class='ocrx_word' id='word_1_47' title='bbox 686 1148 872 1179; x_wconf 86' lang='lat' dir='ltr'><strong>successisset</strong></span> <span class='ocrx_word' id='word_1_48' title='bbox 892 1148 924 1178; x_wconf 90' lang='lat' dir='ltr'><strong>in</strong></span> <span class='ocrx_word' id='word_1_49' title='bbox 948 1148 997 1179; x_wconf 89' lang='lat' dir='ltr'><strong>Si-</strong></span> 
     </span>
     <span class='ocr_line' id='line_1_11' title="bbox 102 1191 997 1232; baseline -0.003 -8"><span class='ocrx_word' id='word_1_50' title='bbox 102 1193 172 1224; x_wconf 60' lang='lat' dir='ltr'><strong>cih&#39;a</strong></span> <span class='ocrx_word' id='word_1_51' title='bbox 195 1192 231 1224; x_wconf 86' lang='lat' dir='ltr'><strong>C.</strong></span> <span class='ocrx_word' id='word_1_52' title='bbox 248 1192 403 1223; x_wconf 85' lang='lat' dir='ltr'>Sacerdoti</span> <span class='ocrx_word' id='word_1_53' title='bbox 425 1192 557 1232; x_wconf 84' lang='lat' dir='ltr'><strong>praetori,</strong></span> <span class='ocrx_word' id='word_1_54' title='bbox 574 1201 715 1232; x_wconf 85' lang='lat' dir='ltr'><strong>eamque,</strong></span> <span class='ocrx_word' id='word_1_55' title='bbox 732 1201 792 1221; x_wconf 90' lang='lat' dir='ltr'><strong>non</strong></span> <span class='ocrx_word' id='word_1_56' title='bbox 815 1191 872 1222; x_wconf 90' lang='lat' dir='ltr'><strong>sibi</strong></span> <span class='ocrx_word' id='word_1_57' title='bbox 894 1201 997 1222; x_wconf 82' lang='lat' dir='ltr'><strong>succe-</strong></span> 
     </span>
     <span class='ocr_line' id='line_1_12' title="bbox 102 1234 998 1276; baseline 0 -10"><span class='ocrx_word' id='word_1_58' title='bbox 102 1236 192 1266; x_wconf 85' lang='lat' dir='ltr'>dente</span> <span class='ocrx_word' id='word_1_59' title='bbox 215 1235 320 1271; x_wconf 77' lang='lat' dir='ltr'><strong>Arrio,</strong></span> <span class='ocrx_word' id='word_1_60' title='bbox 343 1246 397 1276; x_wconf 89' lang='lat' dir='ltr'><strong>per</strong></span> <span class='ocrx_word' id='word_1_61' title='bbox 417 1234 583 1265; x_wconf 72' lang='lat' dir='ltr'>triennium</span> <span class='ocrx_word' id='word_1_62' title='bbox 606 1234 762 1272; x_wconf 87' lang='lat' dir='ltr'><strong>tenuisset,</strong></span> <span class='ocrx_word' id='word_1_63' title='bbox 787 1240 880 1275; x_wconf 88' lang='lat' dir='ltr'><strong>atque</strong></span> <span class='ocrx_word' id='word_1_64' title='bbox 902 1234 935 1264; x_wconf 89' lang='lat' dir='ltr'><strong>in</strong></span> <span class='ocrx_word' id='word_1_65' title='bbox 960 1234 998 1266; x_wconf 65' lang='grc' dir='ltr'><strong>οὲ</strong></span> 
     </span>
     <span class='ocr_line' id='line_1_13' title="bbox 102 1277 998 1319; baseline -0.002 -9"><span class='ocrx_word' id='word_1_66' title='bbox 102 1279 208 1310; x_wconf 87' lang='lat' dir='ltr'><strong>fuisset</strong></span> <span class='ocrx_word' id='word_1_67' title='bbox 223 1278 394 1315; x_wconf 86' lang='lat' dir='ltr'><strong>libidinose</strong></span> <span class='ocrx_word' id='word_1_68' title='bbox 404 1289 504 1316; x_wconf 85' lang='lat' dir='ltr'><strong>avare,</strong></span> <span class='ocrx_word' id='word_1_69' title='bbox 521 1277 741 1319; x_wconf 81' lang='lat' dir='ltr'><strong>cmdeliterque</strong></span> <span class='ocrx_word' id='word_1_70' title='bbox 750 1284 905 1314; x_wconf 82' lang='lat' dir='ltr'><strong>versatus,</strong></span> <span class='ocrx_word' id='word_1_71' title='bbox 897 1288 905 1296; x_wconf 94' lang='lat'><strong>·</strong></span> <span class='ocrx_word' id='word_1_72' title='bbox 929 1288 998 1308; x_wconf 84' lang='lat' dir='ltr'><strong>suc-</strong></span> 
     </span>
     <span class='ocr_line' id='line_1_14' title="bbox 103 1320 998 1362; baseline -0.003 -9"><span class='ocrx_word' id='word_1_73' title='bbox 103 1322 226 1353; x_wconf 87' lang='lat' dir='ltr'><strong>cedente</strong></span> <span class='ocrx_word' id='word_1_74' title='bbox 241 1321 388 1352; x_wconf 80' lang='lat' dir='ltr'><strong>tandem&#39;</strong></span> <span class='ocrx_word' id='word_1_75' title='bbox 381 1332 413 1352; x_wconf 90' lang='lat' dir='ltr'><strong>m</strong></span> <span class='ocrx_word' id='word_1_76' title='bbox 435 1321 541 1352; x_wconf 88' lang='lat' dir='ltr'><strong>eadem</strong></span> <span class='ocrx_word' id='word_1_77' title='bbox 557 1320 711 1362; x_wconf 90' lang='lat' dir='ltr'><strong>provincia</strong></span> <span class='ocrx_word' id='word_1_78' title='bbox 726 1321 764 1351; x_wconf 81' lang='lat' dir='ltr'><strong>L.</strong></span> <span class='ocrx_word' id='word_1_79' title='bbox 784 1320 926 1358; x_wconf 88' lang='lat' dir='ltr'><strong>Metello,</strong></span> <span class='ocrx_word' id='word_1_80' title='bbox 950 1331 998 1351; x_wconf 85' lang='lat' dir='ltr'><strong>re-</strong></span> 
     </span>
     <span class='ocr_line' id='line_1_15' title="bbox 103 1363 999 1407; baseline -0.003 -11"><span class='ocrx_word' id='word_1_81' title='bbox 103 1365 309 1407; x_wconf 87' lang='lat' dir='ltr'><strong>petundarum</strong></span> <span class='ocrx_word' id='word_1_82' title='bbox 321 1375 390 1395; x_wconf 87' lang='lat' dir='ltr'><strong>reus</strong></span> <span class='ocrx_word' id='word_1_83' title='bbox 405 1366 443 1395; x_wconf 79' lang='lat' dir='ltr'><strong>ab</strong></span> <span class='ocrx_word' id='word_1_84' title='bbox 460 1364 570 1395; x_wconf 83' lang='lat' dir='ltr'><strong>Siculis</strong></span> <span class='ocrx_word' id='word_1_85' title='bbox 587 1364 758 1405; x_wconf 84' lang='lat' dir='ltr'><strong>postulatus</strong></span> <span class='ocrx_word' id='word_1_86' title='bbox 773 1370 838 1394; x_wconf 87' lang='lat' dir='ltr'><strong>est:</strong></span> <span class='ocrx_word' id='word_1_87' title='bbox 862 1363 916 1404; x_wconf 88' lang='lat' dir='ltr'><strong>qui</strong></span> <span class='ocrx_word' id='word_1_88' title='bbox 931 1374 999 1394; x_wconf 86' lang='lat' dir='ltr'><strong>om-</strong></span> 
     </span>
     <span class='ocr_line' id='line_1_16' title="bbox 103 1406 999 1450; baseline -0.003 -11"><span class='ocrx_word' id='word_1_89' title='bbox 103 1419 166 1447; x_wconf 86' lang='lat' dir='ltr'><strong>nes,</strong></span> <span class='ocrx_word' id='word_1_90' title='bbox 194 1414 303 1450; x_wconf 79' lang='lat' dir='ltr'><strong>praeter</strong></span> <span class='ocrx_word' id='word_1_91' title='bbox 326 1408 529 1449; x_wconf 87' lang='lat' dir='ltr'><strong>Syracusanos</strong></span> <span class='ocrx_word' id='word_1_92' title='bbox 551 1413 581 1438; x_wconf 91' lang='lat' dir='ltr'><strong>et</strong></span> <span class='ocrx_word' id='word_1_93' title='bbox 603 1407 818 1444; x_wconf 82' lang='lat' dir='ltr'><strong>Mamertinos,</strong></span> <span class='ocrx_word' id='word_1_94' title='bbox 843 1407 893 1437; x_wconf 89' lang='grc' dir='ltr'><strong>Μ.</strong></span> <span class='ocrx_word' id='word_1_95' title='bbox 917 1406 999 1437; x_wconf 86' lang='lat' dir='ltr'><strong>Tul-</strong></span> 
     </span>
     <span class='ocr_line' id='line_1_17' title="bbox 102 1450 999 1492; baseline -0.001 -10"><span class='ocrx_word' id='word_1_96' title='bbox 102 1452 193 1490; x_wconf 81' lang='lat' dir='ltr'><strong>lium,</strong></span> <span class='ocrx_word' id='word_1_97' title='bbox 213 1452 266 1483; x_wconf 85' lang='lat' dir='ltr'><strong>illo</strong></span> <span class='ocrx_word' id='word_1_98' title='bbox 293 1457 429 1492; x_wconf 87' lang='lat' dir='ltr'><strong>tempore</strong></span> <span class='ocrx_word' id='word_1_99' title='bbox 454 1452 612 1482; x_wconf 88' lang='lat' dir='ltr'><strong>florentem</strong></span> <span class='ocrx_word' id='word_1_100' title='bbox 635 1450 862 1481; x_wconf 87' lang='lat' dir='ltr'><strong>defensionibus</strong></span> <span class='ocrx_word' id='word_1_101' title='bbox 885 1450 999 1481; x_wconf 86' lang='lat' dir='ltr'><strong>amico-</strong></span> 
     </span>
     <span class='ocr_line' id='line_1_18' title="bbox 104 1493 1000 1535; baseline -0.003 -9"><span class='ocrx_word' id='word_1_102' title='bbox 104 1505 186 1533; x_wconf 86' lang='lat' dir='ltr'><strong>rum,</strong></span> <span class='ocrx_word' id='word_1_103' title='bbox 210 1495 248 1525; x_wconf 87' lang='lat' dir='ltr'><strong>ad</strong></span> <span class='ocrx_word' id='word_1_104' title='bbox 267 1495 470 1525; x_wconf 86' lang='lat' dir='ltr'><strong>accusandum</strong></span> <span class='ocrx_word' id='word_1_105' title='bbox 486 1493 664 1525; x_wconf 84' lang='lat' dir='ltr'><strong>descendere</strong></span> <span class='ocrx_word' id='word_1_106' title='bbox 681 1493 930 1535; x_wconf 84' lang='lat' dir='ltr'><strong>compulerunt,</strong></span> <span class='ocrx_word' id='word_1_107' title='bbox 918 1504 1000 1533; x_wconf 85' lang='lat' dir='ltr'><strong>Jam-</strong></span> 
     </span>
     <span class='ocr_line' id='line_1_19' title="bbox 104 1536 1001 1580; baseline -0.002 -11"><span class='ocrx_word' id='word_1_108' title='bbox 104 1538 223 1580; x_wconf 86' lang='lat' dir='ltr'><strong>pridem</strong></span> <span class='ocrx_word' id='word_1_109' title='bbox 238 1538 298 1568; x_wconf 84' lang='grc'>11115</span> <span class='ocrx_word' id='word_1_110' title='bbox 319 1537 538 1568; x_wconf 87' lang='lat' dir='ltr'><strong>necessitudine</strong></span> <span class='ocrx_word' id='word_1_111' title='bbox 558 1537 746 1578; x_wconf 88' lang='lat' dir='ltr'><strong>copulatum,</strong></span> <span class='ocrx_word' id='word_1_112' title='bbox 763 1536 846 1578; x_wconf 90' lang='lat' dir='ltr'><strong>quod</strong></span> <span class='ocrx_word' id='word_1_113' title='bbox 868 1542 1001 1578; x_wconf 87' lang='lat' dir='ltr'><strong>quaestor</strong></span> 
     </span>
     <span class='ocr_line' id='line_1_20' title="bbox 104 1579 998 1622; baseline -0.002 -10"><span class='ocrx_word' id='word_1_114' title='bbox 104 1582 137 1612; x_wconf 91' lang='lat' dir='ltr'><strong>in</strong></span> <span class='ocrx_word' id='word_1_115' title='bbox 162 1581 265 1613; x_wconf 58' lang='lat' dir='ltr'><strong>Sicilia</strong></span> <span class='ocrx_word' id='word_1_116' title='bbox 288 1581 405 1618; x_wconf 84' lang='lat' dir='ltr'><strong>fuisset,</strong></span> <span class='ocrx_word' id='word_1_117' title='bbox 421 1587 548 1622; x_wconf 87' lang='lat' dir='ltr'><strong>praetore</strong></span> <span class='ocrx_word' id='word_1_118' title='bbox 569 1581 638 1611; x_wconf 80' lang='lat' dir='ltr'><strong>Sex.</strong></span> <span class='ocrx_word' id='word_1_119' title='bbox 662 1580 831 1616; x_wconf 78' lang='lat' dir='ltr'><strong>Peducaeo3</strong></span> <span class='ocrx_word' id='word_1_120' title='bbox 856 1585 886 1610; x_wconf 88' lang='lat' dir='ltr'><strong>et</strong></span> <span class='ocrx_word' id='word_1_121' title='bbox 904 1579 998 1620; x_wconf 87' lang='lat' dir='ltr'><strong>quod,</strong></span> 
     </span>
     <span class='ocr_line' id='line_1_21' title="bbox 105 1623 1001 1665; baseline -0.003 -9"><span class='ocrx_word' id='word_1_122' title='bbox 105 1635 177 1656; x_wconf 89' lang='lat' dir='ltr'><strong>cum</strong></span> <span class='ocrx_word' id='word_1_123' title='bbox 200 1625 367 1662; x_wconf 88' lang='lat' dir='ltr'><strong>decederet,</strong></span> <span class='ocrx_word' id='word_1_124' title='bbox 390 1624 422 1654; x_wconf 92' lang='lat' dir='ltr'><strong>in</strong></span> <span class='ocrx_word' id='word_1_125' title='bbox 442 1624 497 1655; x_wconf 60' lang='lat' dir='ltr'><strong>ina</strong></span> <span class='ocrx_word' id='word_1_126' title='bbox 518 1623 664 1661; x_wconf 84' lang='lat' dir='ltr'><strong>oratione,</strong></span> <span class='ocrx_word' id='word_1_127' title='bbox 680 1633 776 1665; x_wconf 90' lang='lat' dir='ltr'><strong>quam</strong></span> <span class='ocrx_word' id='word_1_128' title='bbox 798 1623 930 1664; x_wconf 87' lang='lat' dir='ltr'><strong>Lilybaei</strong></span> <span class='ocrx_word' id='word_1_129' title='bbox 945 1623 1001 1654; x_wconf 84' lang='lat' dir='ltr'><strong>ha-</strong></span> 
     </span>
     <span class='ocr_line' id='line_1_22' title="bbox 105 1666 1001 1709; baseline -0.003 -10"><span class='ocrx_word' id='word_1_130' title='bbox 105 1669 184 1704; x_wconf 81' lang='lat' dir='ltr'><strong>buit,</strong></span> <span class='ocrx_word' id='word_1_131' title='bbox 195 1668 315 1698; x_wconf 83' lang='lat' dir='ltr'><strong>multa</strong></span> <span class='ocrx_word' id='word_1_132' title='bbox 308 1668 344 1698; x_wconf 90' lang='grc'><strong>115</strong></span> <span class='ocrx_word' id='word_1_133' title='bbox 358 1668 490 1709; x_wconf 87' lang='lat' dir='ltr'><strong>benigne</strong></span> <span class='ocrx_word' id='word_1_134' title='bbox 504 1667 699 1709; x_wconf 79' lang='lat' dir='ltr'><strong>promisisset.</strong></span> <span class='ocrx_word' id='word_1_135' title='bbox 722 1666 860 1697; x_wconf 87' lang='lat' dir='ltr'><strong>Accessit</strong></span> <span class='ocrx_word' id='word_1_136' title='bbox 868 1666 928 1705; x_wconf 83' lang='grc'>1115,</span> <span class='ocrx_word' id='word_1_137' title='bbox 938 1675 1001 1697; x_wconf 90' lang='lat' dir='ltr'><strong>non</strong></span> 
     </span>
     <span class='ocr_line' id='line_1_23' title="bbox 104 1709 999 1759; baseline -0.003 -17"><span class='ocrx_word' id='word_1_138' title='bbox 104 1711 247 1752; x_wconf 87' lang='lat' dir='ltr'><strong>ignobilis</strong></span> <span class='ocrx_word' id='word_1_139' title='bbox 270 1711 374 1742; x_wconf 84' lang='lat' dir='ltr'><strong>futura</strong></span> <span class='ocrx_word' id='word_1_140' title='bbox 395 1711 432 1741; x_wconf 91' lang='lat' dir='ltr'><strong>de</strong></span> <span class='ocrx_word' id='word_1_141' title='bbox 453 1711 549 1741; x_wconf 89' lang='lat' dir='ltr'><strong>Verre</strong></span> <span class='ocrx_word' id='word_1_142' title='bbox 571 1710 705 1749; x_wconf 86' lang='lat' dir='ltr'><strong>victoria,</strong></span> <span class='ocrx_word' id='word_1_143' title='bbox 729 1710 803 1759; x_wconf 55' lang='lat' dir='ltr'><strong>quia:</strong></span> <span class='ocrx_word' id='word_1_144' title='bbox 817 1719 835 1740; x_wconf 88' lang='lat' dir='ltr'>a</span> <span class='ocrx_word' id='word_1_145' title='bbox 850 1709 999 1747; x_wconf 85' lang='lat' dir='ltr'><strong>Metellis,</strong></span> 
     </span>
     <span class='ocr_line' id='line_1_24' title="bbox 107 1751 1002 1795; baseline -0.002 -10"><span class='ocrx_word' id='word_1_146' title='bbox 107 1754 310 1795; x_wconf 76' lang='lat' dir='ltr'><strong>Scipionibus,</strong></span> <span class='ocrx_word' id='word_1_147' title='bbox 327 1761 357 1785; x_wconf 85' lang='lat' dir='ltr'><strong>et</strong></span> <span class='ocrx_word' id='word_1_148' title='bbox 371 1754 478 1785; x_wconf 82' lang='lat' dir='ltr'><strong>multis</strong></span> <span class='ocrx_word' id='word_1_149' title='bbox 492 1754 559 1785; x_wconf 84' lang='lat' dir='ltr'><strong>aliis</strong></span> <span class='ocrx_word' id='word_1_150' title='bbox 573 1754 727 1784; x_wconf 86' lang='lat' dir='ltr'><strong>nobilibus</strong></span> <span class='ocrx_word' id='word_1_151' title='bbox 746 1753 829 1790; x_wconf 80' lang='lat' dir='ltr'><strong>viris,</strong></span> <span class='ocrx_word' id='word_1_152' title='bbox 851 1758 880 1784; x_wconf 89' lang='lat' dir='ltr'><strong>et</strong></span> <span class='ocrx_word' id='word_1_153' title='bbox 895 1751 1002 1794; x_wconf 82' lang='lat' dir='ltr'><strong>praeci-</strong></span> 
     </span>
     <span class='ocr_line' id='line_1_25' title="bbox 105 1795 1002 1840; baseline 0.001 -11"><span class='ocrx_word' id='word_1_154' title='bbox 105 1807 166 1839; x_wconf 83' lang='lat' dir='ltr'><strong>pue</strong></span> <span class='ocrx_word' id='word_1_155' title='bbox 184 1799 223 1831; x_wconf 87' lang='lat' dir='ltr'><strong>ab</strong></span> <span class='ocrx_word' id='word_1_156' title='bbox 246 1796 441 1831; x_wconf 83' lang='lat' dir='ltr'><strong>Hortensio</strong></span> <span class='ocrx_word' id='word_1_157' title='bbox 433 1808 512 1840; x_wconf 74' lang='lat' dir='ltr'><strong>ipso,</strong></span> <span class='ocrx_word' id='word_1_158' title='bbox 530 1797 754 1837; x_wconf 84' lang='lat' dir='ltr'><strong>defenderetur,</strong></span> <span class='ocrx_word' id='word_1_159' title='bbox 769 1795 858 1838; x_wconf 83' lang='lat' dir='ltr'><strong>facile</strong></span> <span class='ocrx_word' id='word_1_160' title='bbox 873 1801 903 1828; x_wconf 86' lang='lat' dir='ltr'><strong>et</strong></span> <span class='ocrx_word' id='word_1_161' title='bbox 916 1795 1002 1839; x_wconf 72' lang='lat' dir='ltr'><strong>prin-</strong></span> 
     </span>
    </p>
   </div>
  </div>
 </body>
</html>
