1181 1902
234 64 288 96 IN
311 63 510 97 VERREM
534 64 582 96 ΙΙ.
607 64 691 96 cst.
708 66 760 96 58.
882 67 949 98 209

54 150 201 194 pupillus.
224 150 319 182 Diem
341 151 504 193 praestituit
523 151 607 193 operi
628 151 776 190 faciendo,
799 152 950 183 Calendas

55 195 261 226 Decembres:
285 195 364 225 locat
379 195 494 225 circiter
511 195 585 225 Idus
601 197 813 237 Septembres:
838 205 950 236 angus-

56 239 106 269 tiis
118 238 260 278 temporis
271 237 475 268 excluduntur
489 248 604 268 omnes.

101 280 211 311 LVII.
236 281 321 318 Quid
337 283 432 321 ergo?
450 282 609 312 Rabonius
624 281 714 312 istam
728 282 809 312 diem
822 292 951 323 quomo-

58 323 98 354 do
116 324 287 365 assequitur
298 326 312 355 ‚⁹
337 325 437 354 Nemo
454 324 594 355 Rabonio
614 325 759 355 molestus
777 331 832 363 est,
852 335 952 366 neque

59 367 203 397 Calendis
219 367 452 405 Decembribus,
468 377 567 408 neque
584 368 695 404 Nonis,
713 378 811 409 neque
834 369 950 398 Idibus.

58 410 202 451 Denique
227 410 383 451 aliquanto
407 411 438 440 in
463 411 650 451 provinciam
674 411 729 441 iste
754 411 953 452 proficiscitur

58 453 154 494 prius,
180 464 274 494 quam
300 464 377 494 opus
403 454 544 484 effectum
569 460 621 484 est.
656 454 860 495 Posteaquam
884 465 953 484 reus

58 496 157 527 factus
177 503 232 534 est,
254 497 354 538 primo
375 499 506 537 negabat
526 508 602 538 opus
623 498 655 527 in
671 503 828 538 acceptum
844 497 955 528 referre

59 549 155 580 posse.
180 540 261 570 Cum
276 540 401 571 instaret
417 540 586 578 Rabonius,
604 540 635 570 in
650 550 700 570 me
715 551 837 571 causam
854 541 955 570 confe-

59 584 156 620 rebat,
178 583 261 624 quod
282 589 349 613 tum
370 583 502 614 codicem
523 583 739 624 obsignassem.
774 583 857 614 Petit
872 594 890 613 a
904 593 955 613 me

62 626 232 663 Rabonius,
255 632 285 656 et
305 626 417 657 amicos
438 627 570 667 allegat:
595 627 683 657 facile
698 627 860 668 impetrat:
885 626 953 664 iste,

61 669 137 710 quid
152 675 264 709 ageret,
282 669 441 700 nesciebat.
474 670 507 701 Si
528 670 559 699 in
580 676 737 711 acceptum
758 679 819 700 non
835 669 955 700 retulis-

61 718 116 750 set,
133 714 261 753 putabat
276 723 306 743 se
316 713 432 755 aliquid
444 713 625 744 defensionis
636 713 824 744 habiturum.
849 713 955 743 Rabo-

60 755 148 785 nium
174 766 264 796 porro
289 756 478 797 intelligebat
502 767 567 787 rem
589 762 684 786 totam
705 767 767 787 esse
788 756 956 797 patefactu-

60 808 131 828 rum
143 810 151 829 z
176 799 307 836 tametsi,
321 799 395 840 quid
405 806 521 840 poterat
533 810 595 830 esse
606 799 750 840 apertius,
764 810 858 840 quam
874 809 957 830 nunc

60 847 116 879 est,
133 847 168 871 ut
183 852 245 872 uno
266 842 370 873 minus
385 849 460 872 teste
481 843 606 873 haberet
622 843 788 874 Rabonio?
813 843 902 883 Opus
923 843 955 872 in

61 891 219 926 acceptum
234 885 340 916 retulit
356 885 556 927 quadriennio
572 892 640 927 post
665 896 760 927 quam
775 886 858 916 diem
873 886 957 927 operi

63 928 192 958 dixerat.

106 971 176 1002 Hac
200 972 381 1009 conditione,
400 972 424 1003 si
449 972 516 1014 quis
537 972 574 1003 de
593 972 708 1013 populo
730 972 881 1003 redemtor
907 983 957 1003 ac-

66 1014 210 1053 cessisset,
236 1025 297 1045 non
319 1021 394 1046 esset
415 1026 508 1052 usus;
533 1026 604 1046 cum
625 1016 674 1046 die
694 1022 814 1046 caeteros
843 1015 961 1045 redem-

62 1063 141 1088 tores
153 1059 337 1097 exclusisset,
352 1065 419 1089 tum
435 1059 466 1088 in
479 1060 544 1098 ejus
559 1059 718 1089 arbitrium
732 1069 766 1089 ac
778 1065 958 1100 potestatem

63 1101 165 1132 venire
180 1102 334 1139 nolebant,
351 1102 404 1142 qui
419 1102 476 1132 sibi
492 1108 626 1143 ereptam
648 1102 784 1143 praedam
800 1102 959 1132 arbitrare-

65 1148 124 1174 tur.
150 1145 181 1174 N
185 1155 235 1174 am
248 1145 323 1186 quid
335 1151 597 1185 argumentamur,
609 1157 670 1186 quo
685 1146 742 1176 ista
753 1145 882 1186 pecunia
891 1156 959 1186 per-

63 1188 205 1218 venerit?
229 1188 314 1219 Fecit
336 1189 399 1229 ipse
411 1189 568 1219 indicium.
602 1189 755 1225 Primum,
775 1199 847 1219 cum
868 1188 958 1219 vehe-

63 1230 197 1261 mentius
213 1242 284 1262 cum
300 1242 334 1262 eo
355 1232 397 1262 D.
415 1233 532 1262 Brutus
551 1232 754 1270 contenderet,
772 1232 826 1272 qui
846 1231 883 1261 de
904 1231 960 1261 sua

64 1274 196 1314 pecunia
222 1275 278 1305 HS
295 1283 373 1305 DLX
389 1276 487 1305 millia
502 1276 696 1312 numeravit;
721 1275 804 1316 quod.
822 1276 888 1314 jam
903 1275 959 1305 iste

64 1316 142 1347 ferre
158 1327 218 1347 non
235 1324 363 1358 poterat,
380 1329 469 1359 opere
490 1318 620 1357 addicto,
644 1319 796 1359 praedibus
817 1318 958 1358 acceptis,

65 1359 104 1389 de
131 1360 188 1391 HS
213 1370 303 1391 13Lx
324 1361 473 1401 millibus,
498 1362 614 1392 remisit
639 1362 680 1391 D.
704 1362 803 1392 Bruto
826 1361 883 1392 Hs
910 1371 957 1391 cx

64 1402 173 1434 millia.
208 1404 289 1442 Hoc,
306 1405 331 1434 si
346 1405 444 1435 aliena
459 1416 505 1436 res
520 1411 607 1443 esset,
623 1411 702 1435 certe
716 1405 813 1435 facere
828 1414 889 1435 non
904 1414 960 1445 po-

65 1446 182 1477 tuisset.
220 1447 342 1478 Deinde
367 1449 489 1478 nummi
513 1449 664 1478 numerati
689 1454 760 1478 sunt
783 1448 958 1486 Cornificio,

67 1499 161 1530 quem
177 1490 305 1521 scribam
327 1501 419 1521 suum
434 1492 526 1522 fuisse
541 1501 651 1532 negare
666 1501 727 1522 non
742 1497 849 1532 potest.
884 1491 960 1521 Pos-

66 1537 164 1563 tremo
180 1533 274 1574 ipsius
289 1534 423 1564 Rabonii
438 1535 550 1566 tabulae
559 1535 695 1576 praedam
705 1535 791 1565 illam
807 1534 894 1565 istius
909 1534 960 1564 fu-

65 1574 124 1606 isse
138 1575 280 1607 clamant.
304 1577 422 1608 Recita.

346 1622 504 1655 (Nomina
520 1622 678 1660 Rabonii.)

108 1661 239 1693 LVIII.
264 1663 328 1694 Hic
342 1664 445 1702 etiam,
458 1665 557 1706 priore
572 1665 699 1703 actione,
717 1664 758 1703 Q.
776 1663 961 1695 Hortensius

66 1705 222 1745 pupillum
244 1706 379 1737 «Iunium
400 1708 516 1738 venisse
537 1714 754 1749 praetextatum
774 1708 806 1737 in
829 1712 963 1738 vestrum

66 1754 272 1789 conspectum,
289 1755 319 1781 et
333 1750 448 1782 stetisse
463 1761 534 1783 cum
554 1757 664 1792 patruo
685 1750 894 1783 testimonium
915 1749 964 1780 di-

638 1803 659 1824 'r
683 1796 702 1825 3
