1181 1902
173 143 225 176 IN
248 141 489 175 CAECILIUM
512 141 661 174 DIVIN.
684 141 768 174 CAP.
789 142 838 172 15.
912 140 972 172 123

77 229 162 262 Mihi
177 230 260 262 enim
274 229 393 261 videtur
407 229 578 270 periculum
592 229 667 268 fore,
683 238 722 259 ne
736 228 788 259 ille
803 237 863 259 non
878 228 970 259 modo

76 274 174 305 verbis
189 280 219 304 te
233 275 352 311 obruat,
365 273 416 303 sed
432 279 518 313 gestu
530 273 596 314 ipso
608 284 642 302 ac
654 279 739 302 motu
752 272 881 312 corporis
893 283 970 313 prae-

76 317 203 358 stringat
218 317 312 348 aciem
324 316 437 356 ingenii
452 316 509 354 tui,
525 321 615 357 teque
630 317 668 346 ab
683 315 829 346 institutis
845 315 904 345 tuis
920 325 970 346 co-

75 360 333 402 gitationibusque
349 359 487 390 abducat.

118 404 226 444 Atque
244 404 371 442 hujusce
391 403 433 432 rei
454 401 604 441 judicium
626 403 691 442 jam
716 402 859 432 continuo
882 401 970 432 video

76 445 228 477 futurum.
260 446 293 477 Si
317 446 398 476 enim
420 446 497 475 mihi
518 445 607 475 hodie
628 445 806 486 respondere
832 445 870 475 ad
893 445 969 484 haec,

75 499 146 530 quae
165 489 243 527 dico,
264 489 418 530 potueris;
443 489 468 519 si
483 490 521 519 ab
537 489 594 518 isto
608 488 698 525 libro,
721 498 813 529 quem
835 487 890 518 tibi
905 498 971 518 ma-

75 532 166 574 gister
180 533 258 570 ludi,
275 532 374 563 nescio
390 531 455 573 qui,
473 542 510 562 ex
526 532 631 561 alienis
646 531 831 561 orationibus
847 541 971 571 compo-

75 575 169 606 situm
190 575 284 612 dedit,
306 577 397 606 verbo
419 585 479 605 uno
500 575 687 611 discesseri33
712 585 798 615 posse
822 580 851 604 te
875 580 904 604 et
925 574 971 603 illi

75 627 198 660 quoque
210 618 325 658 judicio
337 628 397 649 non
413 618 525 656 deesse,
541 624 570 648 et
585 628 682 648 causae
697 625 788 658 atque
803 617 900 647 officio
917 623 971 647 tuo

75 662 243 692 satisfacere
258 662 443 692 arbitrabor:
463 662 507 691 sin
523 671 656 697 mecum,
669 661 700 690 in
713 661 769 691 hac
785 660 970 701 prolusione,

76 705 153 735 nihil
168 705 281 740 fueris;
306 715 398 746 quem
420 710 459 742 te,
481 705 513 734 in
534 703 599 746 ipszi
619 704 726 745 pugna
741 714 812 734 cum
827 704 973 734 acerrimo

76 748 258 786 adversario,
274 748 338 778 fore
352 755 496 789 putemus
510 749 524 778 ’ἓ

120 792 196 822 XV.
220 792 315 822 Esto:
340 791 403 832 ipse
425 791 502 822 nihil
523 796 578 829 est,
600 790 677 820 nihil
697 795 815 831 potest:
840 795 871 820 at
891 789 974 821 venit

77 841 201 876 paratus
225 845 295 865 cum
319 834 571 876 subscriptoribus
597 833 765 864 exercitatis
789 840 818 864 et
844 833 971 864 disertis.

78 878 137 909 Est
152 884 253 908 tamen
268 878 326 908 hoc
340 878 476 919 aliquid;
501 877 620 907 tametsi
643 887 705 907 non
726 882 770 907 est
790 876 870 907 satis.
895 878 974 907 Om-

78 921 169 952 nibus
184 921 265 952 enim
280 922 370 952 rebus
385 921 421 958 is,
439 921 492 962 qui
506 921 644 961 princeps
665 920 697 950 in
719 920 835 961 agendo
856 925 910 958 est,
928 930 976 950 or-

78 965 253 995 natissimus
269 970 298 995 et
317 964 525 1005 paratissimus
545 974 607 994 esse
621 963 719 993 debet.
753 964 975 994 Verumtamen

79 1007 118 1038 L.
138 1008 310 1049 Apuleium
334 1018 397 1037 esse
419 1007 504 1038 video
526 1007 703 1048 proximum
727 1007 974 1047 subscriptorem,

77 1051 234 1081 hominem
255 1060 315 1081 non
337 1056 434 1087 aetate,
457 1050 508 1081 sed
527 1061 585 1080 usu
609 1050 720 1080 forensi
743 1055 835 1090 atque
863 1049 976 1079 exerci-

79 1094 204 1131 tatione,
230 1094 368 1124 tironem.
404 1093 535 1131 Deinde,
559 1099 595 1123 ut
617 1093 735 1133 opinor,
759 1093 851 1123 habet
874 1092 975 1122 Auie-

80 1147 169 1175 num,
190 1137 272 1167 hunc
293 1142 395 1167 tamen
411 1147 429 1166 a
444 1136 613 1173 subsessiis3
638 1137 692 1177 qui
707 1136 782 1177 quid
802 1136 833 1166 in
849 1135 977 1166 dicendo

78 1186 189 1223 posset,
206 1190 364 1221 nunquam
383 1180 453 1210 satis
469 1179 604 1210 attendi:
628 1179 661 1209 in
677 1179 836 1210 clamando
852 1178 977 1220 quidem

78 1224 166 1254 video
178 1234 248 1254 eum
264 1233 326 1254 esse
340 1224 417 1253 bene
430 1224 590 1253 robustum
602 1228 693 1263 atque
705 1223 913 1253 exercitatum.
938 1223 979 1252 In

79 1266 137 1297 hoc
154 1277 220 1308 spes
241 1272 301 1297 tuae
322 1272 392 1298 sunt
408 1276 532 1297 omnes:
557 1266 618 1304 hic,
642 1266 666 1296 si
687 1272 720 1296 tu
737 1266 793 1296 eris
810 1271 890 1296 actor
906 1275 979 1295 con-

50 1313 58 1318 ‘
80 1310 215 1348 stitutus,
232 1315 331 1340 totum
341 1309 493 1348 judicium
505 1309 674 1339 sustinebit.
698 1309 744 1339 At
759 1319 797 1339 ne
812 1309 836 1339 is
852 1308 978 1349 quidem

79 1358 201 1384 tantum
222 1352 382 1383 contendet
402 1353 433 1382 in
454 1352 592 1389 dicendo,
615 1358 765 1392 quantum
783 1357 900 1392 potest:
926 1350 979 1381 sed

80 1396 215 1427 consulet
230 1395 315 1426 laudi
330 1402 359 1426 et
375 1395 591 1426 existimationi
610 1401 691 1430 tuae;
716 1401 746 1425 et
766 1406 804 1425 ex
825 1406 871 1433 eo,
894 1394 977 1435 quod

79 1440 144 1481 ipse
159 1445 256 1480 potest
267 1439 299 1469 in
311 1438 450 1476 dicendo,
467 1439 660 1479 aliquantum
672 1439 815 1475 remittet,
831 1444 867 1468 ut
882 1443 915 1467 tu
931 1443 978 1467 ta-

79 1493 152 1513 men
173 1481 290 1523 aliquid
313 1491 376 1513 esse
398 1481 527 1512 videare.
562 1481 607 1511 Ut
630 1481 662 1511 in
687 1482 838 1512 actoribus
863 1480 978 1511 Graecis

79 1525 146 1556 fieri
160 1525 318 1561 videmus;
342 1536 421 1566 saepe
440 1525 541 1562 illum,
566 1524 620 1565 qui
642 1530 687 1554 est
709 1524 910 1555 secundarum
926 1528 980 1553 aut

80 1568 241 1599 tertiarum
261 1568 406 1609 partium,
429 1578 500 1598 cum
520 1567 614 1609 possit
637 1568 794 1608 aliquanto
809 1567 918 1598 elarius
933 1566 980 1596 di-

80 1622 160 1649 cere,
183 1622 277 1652 quam
292 1612 356 1652 ipse
371 1611 553 1652 primarum,
576 1611 711 1640 multum
733 1611 920 1648 submittere,
943 1615 979 1639 ut

81 1654 135 1685 ille
154 1655 293 1696 princeps
315 1665 410 1695 quam
430 1654 565 1684 maxime
586 1654 734 1690 excellat3
758 1654 799 1684 sic
814 1653 903 1684 faciet
917 1653 979 1683 Al-

81 1697 201 1728 lienus:
226 1698 282 1728 tibi
304 1697 432 1733 serviet;
456 1697 511 1727 tibi
533 1697 773 1727 lenocinabitur.
796 1697 900 1727 minus
924 1695 981 1727 ali-

84 1747 201 1782 quanto
215 1741 386 1778 contendet,
403 1751 498 1781 quam
512 1746 621 1781 potest.

127 1784 203 1814 Jam
228 1783 286 1814 hoc
314 1783 509 1821 considerate,
539 1783 711 1823 cujusmodi
740 1789 924 1814 accusatores
950 1782 982 1812 in

84 1833 171 1859 tanto
187 1826 304 1867 judicio
318 1827 415 1858 simus
428 1826 584 1864 habituri3
608 1837 679 1858 eum
700 1833 729 1858 et
749 1827 813 1868 ipse
824 1827 980 1863 Allienu2‚
