1181 1902
205 50 269 81 356
379 50 431 81 IN
453 49 651 82 VERREM
676 49 736 82 IV.
759 51 845 82 CAP.
868 50 921 81 69.

206 141 293 177 patre
307 135 446 173 audierit,
463 146 525 177 quo
535 136 697 177 pudentior
708 143 761 167 aut
772 136 880 167 melior
894 136 996 167 esset?
1019 135 1097 166 nihil

206 188 346 219 unquam
366 185 484 220 patrem
507 190 595 220 agere
617 179 736 218 viderit,
758 179 841 220 quod
868 189 939 210 cum
960 178 1099 209 imitatus

208 228 297 259 esset,
319 231 379 252 non
396 222 452 261 (id,
472 222 555 263 quod
578 223 789 263 turpissimum
810 228 868 261 est)
893 222 971 263 patri
992 221 1100 252 similis

210 270 379 305 putaretur.

254 308 381 338 LXIX.
405 308 528 345 Quibus
544 308 575 338 in
595 310 684 340 rebus
699 319 760 339 non
784 309 882 339 solum
903 307 977 345 filio,
994 317 1101 337 verum

211 350 304 380 etiam
323 351 507 391 reipublicae,
529 352 624 382 fecisti
646 352 801 391 injuriam.
825 352 1003 391 Susceperas
1019 350 1101 380 enim

211 394 321 424 liberos
343 404 404 424 non
426 395 525 424 solum
546 394 612 432 tibi,
634 395 684 425 sed
700 395 791 425 etiam
811 394 939 435 patriaee.
964 393 1017 434 qui
1041 403 1102 422 non

211 436 304 466 modo
328 437 383 467 tibi
408 437 567 478 voluptati,
589 437 640 468 sed
661 438 752 467 etiam
776 437 829 478 qui
850 436 1013 477 aliquando
1033 435 1103 465 usui

212 479 398 520 reipubheae,
412 490 474 510 esse
485 487 613 529 possent.
638 481 701 511 Eos
712 480 867 510 instituere
879 486 970 520 atque
986 478 1103 508 erudire

212 522 252 552 ad
268 523 420 562 majorum
431 523 569 553 instituta
584 530 675 564 atque
687 523 814 553 civitatis
826 522 1028 571 disciplinam,
1041 531 1103 551 non

214 565 253 594 ad
269 570 336 595 tuas
351 566 564 606 turpitudines,
580 566 720 596 debuisti.
744 567 844 602 Esset,
856 576 893 595 ex
909 565 997 594 inerti
1012 570 1104 605 atque

213 608 336 648 impuro
351 616 380 638 et
395 609 533 649 improbo
548 616 682 650 parente,
699 619 795 639 navus
811 615 840 639 et
860 608 977 649 pudens
992 613 1022 637 et
1036 617 1106 655 pro-

213 651 272 681 bus
287 651 377 681 filius.
403 652 539 682 Haberet
553 652 669 693 aliquid
678 653 769 682 abste
782 652 949 692 respublica
960 650 1105 680 muneris.

216 694 322 731 Nune,
343 705 397 734 pro
413 701 454 731 te,
472 695 598 725 Verrem
622 695 802 725 substituisti
818 695 947 724 alterum
969 693 1104 723 civitati:

215 736 275 766 nisi
300 737 357 767 hoc
381 737 457 767 forte
480 737 608 768 deterior
629 744 683 769 est,
705 737 730 767 si
755 737 818 767 fieri
838 743 947 777 potest,
967 736 1049 777 quod
1073 742 1106 765 tu

216 780 368 818 ejusmodi
383 780 512 817 evasisti,
529 790 590 810 non
606 781 638 810 in
654 780 786 810 hominis
800 779 960 817 luxuriosi,
977 779 1028 809 sed
1040 785 1107 808 tan-

217 828 285 853 tum
301 822 332 852 in
348 822 424 853 furis
435 833 469 853 ac
484 823 631 861 divisoris,
644 821 803 863 disciplina
814 822 966 852 educatus.

262 865 349 902 Quid
369 865 426 896 isto
451 866 588 896 festivius
607 866 670 896 fore
688 866 882 902 arbitramur,
900 865 953 906 qui
974 869 1017 895 est
1037 870 1108 895 tuus

217 908 330 939 natura
350 909 442 946 filius,
465 909 682 940 consuetudine
702 908 879 949 discipuluS,
897 908 1052 938 voluntate
1070 908 1111 937 si-

217 951 326 982 milis?
351 951 453 989 Quem
470 962 536 992 ego,
550 952 678 991 judices,
694 951 834 993 quamvis
850 952 965 981 bonurn
986 950 1110 980 fortem-

220 1005 280 1035 que
295 994 383 1025 facile
398 1001 514 1035 paterer
529 995 654 1025 evadere
668 1006 675 1024 :
701 1005 761 1024 non
777 995 859 1024 enim
874 1004 924 1024 me
944 993 1110 1023 inimicitiae

219 1044 424 1074 commovent,
438 1038 462 1068 si
478 1048 546 1078 quae
556 1038 632 1068 mihi
642 1048 713 1068 cum
725 1038 781 1067 isto
796 1038 907 1068 futurae
918 1036 978 1066 sint
991 1048 998 1066 :
1024 1046 1108 1073 nam,

220 1080 246 1111 si
261 1080 292 1110 in
313 1081 455 1111 omnibus
471 1082 559 1111 rebus
580 1082 723 1111 innocens
738 1080 836 1116 fuero,
853 1079 974 1120 meique
990 1080 1109 1117 simflis,

220 1123 296 1164 quid
311 1123 388 1153 mihi
403 1124 488 1154 istius
511 1124 678 1154 inimicitiae
692 1125 843 1154 nocebunt
856 1123 870 1152 ἶ)
894 1123 939 1152 sin
955 1123 1058 1163 aliqua
1079 1122 1111 1152 in

220 1176 253 1197 re
269 1166 358 1197 Verri
374 1167 481 1197 similis
500 1167 597 1204 fuero,
613 1177 674 1197 non
690 1167 787 1206 magis
808 1166 884 1196 mihi
900 1165 994 1196 deerit
1008 1165 1111 1195 inimi-

219 1219 286 1247 cus,
303 1220 397 1250 quarn
419 1210 509 1240 Verri
526 1210 633 1240 defuit.
656 1209 793 1245 Etenim,
812 1209 940 1249 judices,
964 1208 1112 1247 ejusmodi

220 1253 392 1293 respublica
415 1252 504 1284 debet
527 1263 600 1291 esse,
622 1258 652 1283 et
670 1252 736 1290 erit,
756 1253 911 1282 severitate
928 1251 1112 1291 judiciorum

222 1296 399 1332 constituta,
415 1302 450 1326 ut
471 1296 612 1326 inimicus
627 1305 725 1336 neque
743 1295 843 1325 deesse
867 1295 986 1325 nocenti
1008 1294 1112 1335 possit,

221 1348 322 1379 neque
345 1340 448 1370 obesse
471 1339 633 1369 innocenti.
662 1339 856 1379 Quapropter
880 1338 966 1367 nulla
990 1348 1036 1368 res
1057 1343 1112 1375 est,

222 1383 424 1422 quamobrem
439 1393 495 1422 ego
519 1382 612 1412 istum
627 1382 722 1412 nolim
743 1392 780 1412 ex
801 1380 933 1421 paternis
948 1380 1064 1421 probris
1079 1390 1115 1410 ac

221 1425 304 1456 vitiis
325 1435 495 1466 emergere:
520 1425 563 1462 id,
585 1425 678 1465 quod,
704 1424 822 1454 tametsi
843 1424 893 1454 isti
915 1423 1035 1453 difficile
1058 1429 1113 1459 est,

224 1473 328 1498 tamen
352 1468 435 1498 haud
460 1468 520 1498 scio
540 1478 579 1498 an
602 1468 666 1498 fien'
686 1468 799 1508 possit3
824 1466 990 1507 praesertim
1015 1466 1040 1496 si
1067 1470 1116 1499 (ut

223 1520 307 1542 nunc
324 1511 370 1548 fit)
384 1511 520 1541 custodes
535 1511 703 1541 amicorum
715 1521 784 1540 eum
801 1511 1015 1546 sectabuntur,
1007 1520 1013 1527 ·
1039 1519 1116 1550 quo-

223 1554 308 1584 niam
320 1560 405 1594 pater
420 1560 483 1584 tam
499 1554 655 1594 negligens
669 1564 704 1584 ac
718 1553 881 1583 dissolutus
896 1558 949 1582 est.

269 1597 388 1627 Verum
404 1597 464 1627 huc
484 1597 615 1637 longius,
635 1606 729 1638 quam
745 1596 883 1626 voluntas
898 1595 968 1631 fuit,
990 1596 1028 1625 ab
1052 1594 1116 1635 epi-

226 1638 304 1671 stola
317 1639 347 1669 'l
350 1639 523 1669 imarchidis
539 1640 670 1680 digressa
686 1645 729 1670 est
740 1639 834 1669 oratio
853 1648 941 1674 mea3
966 1649 1027 1679 qua
1043 1637 1116 1667 reci-

225 1683 301 1721 tata,
318 1683 531 1713 conclusurum
547 1692 597 1713 me
612 1693 675 1713 esse
690 1682 803 1712 crimen
818 1681 1016 1712 decumarum
1031 1680 1110 1710 dixe-

226 1736 312 1758 ram:
337 1735 374 1756 ex
390 1736 452 1766 quo
472 1725 672 1764 intellexistis,
693 1725 945 1756 innumerabilem
969 1723 1115 1754 frumenti
