1181 1902
259 44 310 76 IN
334 43 532 75 VERREM
556 43 598 75 V.
622 42 706 75 CAP.
724 44 776 75 39.
902 40 967 73 4⁸23

72 130 264 167 miserorum,
289 129 360 161 odio
388 129 622 171 improborum;
645 140 715 171 quae
740 128 879 179 cognatio
904 134 968 159 stu-

73 173 194 204 diorum
209 179 239 204 et
254 173 367 203 artium
393 173 616 214 propemodum
631 183 693 204 non
713 173 817 204 minus
837 176 881 203 est
895 179 966 202 con-

70 213 189 256 juncta,
215 226 310 258 quam
334 216 403 255 ista,
427 227 490 258 qua
510 226 562 247 vos
582 215 785 256 delectamini,
805 215 922 256 generis
937 220 968 245 et

72 259 215 290 nominis.

114 301 317 333 XXXVIII.
341 302 462 343 Repeto
487 303 541 332 abs
572 307 612 339 te,
640 302 764 340 Verres,
794 300 968 331 monimen-

72 350 140 375 tum
156 345 192 375 P.
207 345 347 375 Africani
360 356 368 375 ε
393 355 515 375 causam
529 345 713 381 Siculorum,
727 355 821 385 quam
838 343 967 384 suscepi,

72 387 211 428 relinquo
225 399 233 418 :
254 388 407 427 judicium
420 388 457 418 de
469 388 605 429 pecuniis
616 388 789 428 repetundis
805 397 843 417 ne
859 387 896 417 sit
911 387 969 416 hoc

74 436 229 471 tempore:
255 432 490 471 Segestanorum
509 431 629 470 injuriae
648 431 863 471 negligantur:
888 429 969 460 basis

75 473 111 503 P.
133 473 272 504 Africani
298 474 492 504 restituatur:
518 483 630 504 nomen
650 473 755 504 invicti
778 472 969 514 imperatoris

73 516 248 547 incidatur:
274 516 395 557 signum
415 517 669 558 pulcherrimum,
690 516 875 556 Carthagine
898 526 970 556 cap-

74 565 154 597 tum,
170 566 342 600 reponatur.
368 560 446 590 Haec
461 561 514 590 abs
534 565 576 598 te,
592 570 654 590 non
670 559 845 590 Siculorum
864 558 969 588 defen-

74 613 133 639 sor,
161 612 222 633 non
246 608 317 633 tuus
338 609 503 640 accusator,
523 613 584 633 non
609 602 766 643 Segestani
789 602 968 643 postulant;

73 645 126 676 sed
141 645 176 684 is,
190 646 244 686 qui
258 646 381 676 laudem
397 646 588 687 gloriamque
610 646 646 676 P.
663 645 805 676 Africani
822 644 969 675 tuendam

73 688 372 729 conservandamque
388 690 526 730 suscepit.
551 690 624 720 Non
640 699 754 727 vereor,
771 698 809 718 ne
830 688 887 718 hoe
902 687 969 717 offi-

74 730 157 762 cium
181 741 287 762 meum
311 732 348 763 P.
374 732 500 763 Servilio
521 732 618 772 judici
642 742 703 762 non
727 732 876 772 probem;
901 730 967 771 qui,

72 784 145 805 cum
171 785 218 805 res
246 775 399 805 maximas
427 776 562 815 gesserit,
589 776 841 815 monimentaque
865 783 968 804 rerum

74 828 199 847 suarum
211 828 282 848 cum
292 818 428 848 maxime
439 819 599 857 consituat,
610 824 702 859 atque
712 818 744 847 in
754 818 802 847 his
811 818 943 847 elaboret
956 826 966 852 ;

73 860 208 901 profecto
232 861 311 892 volet
334 861 399 891 haec
414 871 475 891 non
496 862 595 891 solum
614 862 676 892 suis
697 861 834 902 posteris,
860 869 967 890 verum

74 903 167 933 etiam
182 904 326 934 omnibus
341 904 412 934 viris
433 904 561 934 fortibus
577 910 606 934 et
620 904 709 935 bonis
724 904 840 934 civibus
864 902 969 932 defen-

73 946 184 983 denda,
201 957 262 977 non
273 947 431 988 spolianda
443 947 601 988 improbis,
613 948 738 977 tradere.
764 947 838 976 Non
853 956 968 984 vereor,

73 998 112 1019 ne
128 989 194 1027 tibi,
212 990 253 1028 Q.
271 990 391 1026 Catule,
408 990 575 1031 displiceat,
592 991 680 1030 cujus
695 989 920 1030 amplissimum
936 989 968 1018 in

73 1033 145 1062 orbe
174 1038 334 1071 terrarum,
362 1033 637 1074 clarissimumque,
662 1033 889 1063 monimentum
912 1037 967 1069 est,

74 1085 168 1115 quam
183 1076 332 1116 plurimos
348 1086 410 1106 esse
425 1077 563 1107 custodes
578 1076 850 1113 monimentorum,
868 1080 897 1105 et
911 1085 970 1115 pu-

73 1123 137 1148 tare
151 1128 256 1149 omnes
271 1121 366 1149 bonos
381 1119 488 1150 alienae
502 1120 606 1161 gloriae
626 1119 833 1150 defensionem
848 1118 888 1148 ad
902 1117 970 1148 offi-

74 1160 156 1191 cium
173 1172 264 1192 suum
279 1163 437 1211 pertinere.

116 1204 160 1234 Et
175 1205 301 1246 quidem
326 1206 439 1236 caeteris
460 1205 548 1236 istius
567 1205 658 1236 furtis
673 1210 766 1246 atque
786 1204 908 1245 flagitiis
926 1204 969 1234 ita

74 1256 207 1285 moveor,
235 1253 271 1278 ut
295 1258 330 1278 ea
352 1248 600 1290 reprehendenda
623 1254 746 1279 tantum
766 1254 892 1288 putem:
916 1247 969 1278 hic

74 1299 144 1320 vero
168 1296 252 1321 tanto
276 1290 379 1322 dolore
405 1291 529 1329 afficior,
551 1298 586 1321 ut
609 1291 687 1321 nihil
711 1291 788 1321 mihi
813 1290 969 1331 indignius

73 1332 234 1363 ferendum
249 1334 396 1365 videatur.
421 1335 532 1365 Verres
546 1333 688 1365 Africani
703 1334 899 1364 monimentis
914 1333 970 1363 do-

73 1385 162 1406 mum
179 1387 277 1415 suam,
295 1378 419 1418 plenam
432 1377 540 1419 stupri,
561 1378 684 1418 plenam
705 1377 823 1426 flagitii,
844 1377 969 1426 plenam

74 1418 237 1468 dedecoris,
255 1421 401 1451 ornabit?
425 1422 536 1452 Verres
556 1420 801 1462 temperatissimi
819 1419 969 1450 sanctissi-

74 1462 181 1511 mique
196 1463 253 1494 viri
276 1464 513 1502 monimentum,
531 1464 642 1494 Dianae
657 1464 855 1494 simulacrum
876 1462 969 1503 virgi-

72 1505 130 1543 nis,
147 1506 178 1535 in
195 1506 230 1536 eit
248 1506 340 1537 domo
356 1508 524 1545 collocabit,
547 1507 579 1536 in
604 1518 665 1548 qua
689 1517 808 1548 semper
827 1505 966 1537 meretri-

74 1558 145 1578 cum
160 1549 368 1591 lenonumque
383 1551 498 1591 flagitia
513 1556 670 1581 versantur
681 1552 695 1581 Ρ

115 1591 281 1623 XXXIX.
304 1596 352 1623 At
371 1593 429 1625 hoc
452 1593 552 1624 solum
575 1593 716 1624 Africani
739 1592 966 1623 monimentum

71 1634 192 1665 violasti
205 1637 220 1666 ἓ
242 1636 318 1677 quid
331 1638 345 1667 Ρ
368 1647 387 1667 a
401 1636 621 1677 Tyndaritanis
640 1646 714 1676 non,
740 1635 876 1676 ejusdem
901 1635 967 1666 Sci..

72 1677 170 1716 pionis
184 1679 329 1710 beneficio
343 1680 489 1721 positum,
505 1679 703 1710 simulacrum
719 1678 879 1715 Mercurii,
895 1678 966 1719 pul-

70 1720 217 1753 cherrime
245 1722 372 1762 factum,
404 1722 579 1755 sustulisti?
611 1722 658 1753 At
686 1721 961 1764 quemadmodum,
