1181 1902
272 64 324 97 IN
347 63 545 97 VERREM
570 66 617 97 ΙΙ.
641 65 725 97 CAP.
745 66 794 97 10.
920 65 981 97 163

81 149 193 192 plius'’
207 151 407 192 pronuntiari.
439 152 551 183 Utram
570 151 664 193 igitur
682 157 772 194 putas
789 152 889 193 legem
903 152 983 183 mol-

86 195 194 225 liorem
206 196 220 225 ?
244 194 375 235 Opinor,
391 195 477 225 issam
490 201 631 233 veterem,
645 196 708 236 qua¹
719 196 766 226 vel
778 195 836 226 cito
852 195 979 234 absolvi,

86 238 134 268 vel
155 237 240 268 tarde
260 237 464 276 condemnari,
485 238 604 269 licebat.
636 238 720 279 Ergo
735 239 790 269 tibi
805 239 890 268 illam
904 238 982 269 Aci-

85 280 160 311 liam
174 280 273 321 legem
289 280 423 318 restituo,
449 279 510 322 qua
529 281 596 321 lege
618 282 710 311 multi
730 281 822 311 semel
837 282 980 319 accusati,

86 324 180 354 semel
195 323 274 354 dicta
286 323 387 362 causa,
403 324 497 354 semel
511 324 622 354 auditis
634 325 771 363 testibus,
785 324 979 354 condemnati

85 372 169 405 sunt,
186 366 381 407 nequaquam
396 372 461 396 tam
475 367 642 398 manifestis
658 377 756 408 neque
772 367 862 397 tantis
877 367 979 397 crimi-

85 409 187 447 nibus,
204 410 324 451 quantis
345 416 378 439 tu
394 409 586 441 convinceris.
619 410 702 440 Puta
717 415 746 440 te
765 420 826 440 non
842 410 899 440 hac
914 416 979 441 tam

84 452 190 490 atroci,
213 452 266 483 sed
280 453 333 482 issa
347 453 414 493 lege
433 453 606 491 mitissima,
628 463 750 484 causam
771 453 877 483 dicere.
914 454 979 484 Ac-

85 497 216 527 cusabo:
241 495 443 536 respondebis.
478 496 622 526 Testibus
638 496 736 534 editis,
752 496 795 526 ita
809 496 930 526 mittam
946 496 978 526 in

85 538 257 576 consilium,
281 544 327 576 ut,
351 538 468 569 etiamsi
482 539 532 569 lex
551 539 719 580 ampliandi
738 539 829 569 faciat
848 544 980 579 potesta-

85 586 159 620 tem,
182 587 284 612 tamen
298 581 348 612 isti
363 587 451 623 turpe
466 581 523 612 sibi
538 582 723 622 existiment,
739 592 800 612 non
815 582 915 623 primo
926 582 980 622 ju-

82 624 192 655 dicare.

125 667 168 698 X.
192 667 323 705 Verum,
340 667 365 697 si
379 677 501 698 causam
516 668 654 709 cognosci
669 678 745 709 opus
760 673 814 705 est,
828 678 978 708 parumne

81 711 203 751 cognita
229 711 294 741 est?
326 710 577 748 Dissimulamus,
605 711 762 749 Hortensi,
790 711 873 752 quod
898 722 978 752 saepe

83 754 201 795 experti
220 754 252 783 in
267 753 394 784 dicendo
409 764 524 785 sumus.
559 754 638 792 Quis
657 764 712 785 nos
732 764 916 795 magnopere
931 761 978 784 at-

80 797 179 827 tendit
193 806 342 837 unquam,
358 797 391 826 in
403 796 460 827 hoc
471 797 596 838 quidem
611 808 720 838 genere
735 807 906 836 causarum,
922 798 976 828 ubi

80 839 199 881 aliquid
222 846 359 880 ereptum
386 845 440 870 aut
463 841 600 871 ablatum
624 851 642 870 a
666 840 811 882 quopiam
837 840 948 870 dicitur
960 842 974 871 ,⁹

81 892 183 913 nonne
197 888 250 912 aut
265 883 296 912 in
312 882 435 920 tabulis,
453 889 506 914 aut
525 884 557 913 in
573 883 710 921 testibus,
733 883 831 913 omnis
852 893 976 924 exspec-

80 926 155 956 tatio
168 925 309 965 judicum
323 927 392 956 est?
424 925 502 956 Dixi
516 926 617 967 prima
632 926 758 965 actione,
780 936 830 956 me
844 926 975 967 planum

79 979 143 999 esse
158 969 322 1005 facturum,
339 969 375 999 C.
392 968 521 999 Verrem
538 969 594 1000 HS
611 969 856 1010 quadringenties
871 975 975 999 contra

78 1012 178 1052 legem
202 1011 370 1042 abstulisse.
393 1011 505 1049 Quid?
527 1012 585 1042 hoc
600 1012 721 1052 planius
737 1012 875 1052 egissem,
892 1012 917 1042 si
931 1012 975 1043 ita

78 1055 274 1086 narrassem?
297 1054 361 1085 Dio
384 1054 511 1095 quidam
531 1055 591 1085 fuit
611 1055 789 1094 Halesinus,
813 1055 878 1095 qui,
902 1065 973 1086 cum

78 1099 144 1138 ejus
159 1098 233 1135 filio,
256 1104 382 1138 praetore
404 1098 573 1135 Sacerdote,
596 1098 754 1128 haereditas
770 1108 787 1128 a
801 1098 974 1146 propinquo

77 1150 244 1183 permagna
259 1140 397 1178 venisset,
418 1140 495 1170 nihil
511 1141 618 1171 habuit
632 1151 731 1181 neque
746 1141 859 1181 negotii
874 1150 974 1182 neque

78 1183 296 1215 controversiae.
314 1183 434 1222 Verres,
443 1183 534 1213 simul
546 1194 580 1214 ac
592 1183 690 1224 tetigit
701 1183 898 1225 provinciam,
912 1190 973 1214 sta-

79 1227 137 1258 tim
153 1227 330 1257 Messanam
344 1227 444 1257 literas
465 1227 566 1257 dedit·
592 1226 726 1257 Dionem
746 1226 898 1256 evocavit:
922 1237 973 1257 ca-

80 1270 277 1301 lumniatores
297 1280 334 1300 ex
350 1270 418 1300 sinu
439 1280 493 1300 suo
507 1270 659 1310 apposuit,
676 1269 730 1310 qui
744 1270 830 1299 illam
844 1269 972 1300 haeredi-

77 1319 172 1345 tatem
188 1313 302 1343 Veneri
316 1312 457 1353 Erycinae
469 1313 661 1343 commissam
676 1323 738 1343 esse
750 1312 901 1344 dicerent.
915 1313 973 1344 hac

76 1357 115 1389 de
129 1367 162 1387 re
176 1355 306 1386 ostendit
320 1356 452 1396 seipsum
467 1356 670 1396 cogniturum.

120 1399 251 1430 Possum
266 1397 406 1439 deinceps
420 1404 514 1429 totam
530 1409 595 1429 rem
610 1399 779 1440 explicare:
797 1397 916 1436 deinde,
930 1398 970 1429 ad

77 1449 261 1480 extremum,
278 1441 320 1479 id,
337 1441 420 1482 quod
432 1442 549 1479 accidit,
566 1442 681 1472 dicere:
700 1441 834 1472 Dionem
844 1442 901 1472 HS
917 1442 971 1472 de-

76 1487 135 1518 cies
146 1490 272 1516 centena
282 1485 380 1515 millia
390 1485 575 1522 numerasse,
591 1491 627 1515 ut
638 1495 759 1515 causam
771 1484 969 1515 certissimam

73 1530 242 1562 obtineret:
267 1534 410 1568 praeterea
423 1538 528 1576 greges
543 1538 692 1569 equarum
708 1528 773 1567 ejus
787 1527 881 1558 istum
902 1527 967 1558 abi-

73 1572 187 1615 gendos
202 1581 340 1606 curasseg
358 1571 475 1611 argenti
489 1571 639 1612 vestisque
651 1571 793 1611 stragulae
808 1571 890 1612 quod
902 1571 970 1601 fue

74 1617 125 1655 rit,
149 1624 267 1646 curasse
281 1614 490 1644 auferendum.
526 1614 604 1644 Haec
618 1624 717 1655 neque
732 1623 802 1644 cum
818 1624 873 1662 ego
888 1613 969 1644 dice-

73 1670 150 1698 rem,
173 1667 272 1698 neque
284 1667 353 1688 cum
368 1662 402 1687 tu
417 1667 552 1698 negares,
575 1657 681 1697 magni
697 1657 845 1687 momenti
865 1662 968 1687 nostra

72 1707 148 1734 esset
167 1700 271 1732 oratio.
303 1700 376 1738 Quo
397 1706 532 1740 tempore
552 1700 646 1741 igitur
661 1710 747 1730 aures
759 1699 856 1739 judex
872 1699 968 1739 erige-

74 1751 130 1786 ret,
152 1743 353 1785 animumque
367 1744 559 1775 attenderet?
582 1753 653 1775 cum
666 1743 727 1774 Dio
743 1743 807 1784 ipse
822 1742 966 1784 prodiret,
