1216 1907
303 70 394 103 PRO
417 71 454 102 P.
470 70 682 110 QUINTIO.
701 71 785 102 CAP.
808 71 857 101 18.
880 67 883 69 “
980 69 1020 100 21

131 155 234 195 audet,
254 166 286 187 re
300 156 425 198 quidem
445 157 516 188 vera
535 157 638 198 palam
658 157 804 198 loquitur.
836 155 973 187 Etenim.
998 155 1025 186 si

132 199 199 230 vult
210 199 342 230 virorum
358 201 507 231 bonorum
520 201 659 231 instituto
671 200 780 238 vivere,
796 200 896 230 multa
907 204 1025 240 oportet

132 241 237 279 discat,
262 248 353 284 atque
372 243 524 279 dediscam
548 253 679 285 quorum
695 243 741 273 illi
756 243 837 273 aetati
857 249 1025 283 utrumque

131 284 253 315 difficile
267 292 319 316 est.

173 327 306 359 XVIII.
330 329 404 359 Non
422 329 570 367 dubitavi,
589 329 700 370 inquit,
723 339 793 358 cum
812 328 1022 359 vadimonium

128 369 283 401 desertum
298 378 383 409 esset,
399 374 479 403 bona
489 373 681 414 proscribere.
720 372 883 412 Improbe:
901 381 1021 408 verum,

129 414 276 454 quoniam
291 420 324 445 tu
339 415 372 445 id
388 415 443 446 tibi
459 426 590 456 arrogas,
608 421 638 445 et
653 414 774 445 concedi
789 415 934 455 postulas,
951 424 1024 444 con-

130 456 283 488 cedamus.
317 458 403 496 Quid
419 459 443 489 si
458 468 618 499 nunquam
639 457 794 488 deseruit?
819 458 843 487 si
861 457 918 487 ista
933 467 1024 487 causa

131 500 186 530 abs
204 505 233 530 te
252 506 315 531 tota
335 511 388 542 per
405 512 558 532 summam
579 501 718 531 fraudem
737 507 766 531 et
786 501 934 530 malitiam
955 500 1026 530 ficta

129 548 176 572 ost
187 544 201 573 Ρ
232 543 257 573 si
281 544 488 574 vadimonium
512 543 637 575 omnino
661 544 716 574 tibi
740 554 809 574 cum
836 543 871 573 P.
894 543 1026 581 Quintio

131 585 254 616 nullum
276 586 360 617 fuit?
383 598 445 628 quo
469 593 498 618 te
520 588 644 618 nomine
664 587 877 628 appellemus?
902 587 1025 627 Impro-

132 628 233 659 bum?
256 630 313 668 At,
331 630 421 660 etiam
438 631 462 660 si
477 631 629 661 desertum
644 630 854 660 vadimonium
874 635 960 667 esset,
977 634 1024 659 ta-

131 678 213 709 men,
237 672 269 702 in
285 672 342 703 ista
357 674 559 714 postulatione
578 679 609 704 et
628 673 845 714 proscriptione
859 674 1022 709 bonorum,

129 712 371 755 improbissimus
386 717 579 757 reperiebare.
618 717 706 747 Num
727 716 913 746 malitiosum
925 717 939 746 ?
961 725 1024 745 non

130 765 231 798 negas.
262 758 532 790 Fraudulentum?
553 761 619 799 jam
634 759 666 790 id
681 759 804 801 quidem
821 769 942 799 arrogas
956 757 1024 797 tibi,

130 805 161 829 et
182 801 362 841 praeclarum
385 809 484 843 putas.
520 802 708 834 Audacem?
740 802 912 842 cupidum?
935 801 1026 842 perfi-

128 841 248 874 diosum
260 846 274 875 Ρ
297 846 435 885 vulgaria
450 852 479 876 et
494 846 627 876 obsoleta
645 852 735 882 sunt;
759 856 806 876 res
823 851 927 875 autem
944 855 1027 875 nova

126 891 218 926 atque
232 887 377 919 inaudita.

168 930 254 967 Quid
264 941 334 971 ergo
346 934 411 963 est?
430 932 555 969 Vereor,
563 932 745 970 mehercule,
759 942 798 962 ne
809 936 863 962 aut
872 930 1022 972 graviori-

123 971 181 1002 bus
194 979 262 1003 utar
273 975 370 1005 verbis
382 986 475 1015 quam
486 982 595 1006 natura
603 976 671 1013 fert,
682 981 736 1006 aut
747 975 910 1005 levioribus
922 984 1019 1015 quam

123 1025 214 1045 causa
225 1018 367 1056 postulat.
383 1019 441 1048 Ais
451 1029 513 1049 esse
525 1019 734 1049 vadimonium
746 1018 909 1048 desertum.
922 1018 1019 1055 Quae-

122 1058 193 1088 sivit
208 1069 226 1089 a
237 1065 266 1089 te
278 1061 391 1098 statim,
405 1067 439 1091 ut
455 1062 590 1092 Romam
605 1062 704 1099 rediit,
721 1061 881 1099 Quintius,
893 1070 954 1101 quo
967 1060 1017 1090 die

122 1101 333 1133 vadimonium
348 1104 424 1135 istuc
437 1104 553 1135 factum
569 1115 631 1135 esse
645 1105 768 1135 diceres.
818 1103 1015 1144 Respondisti

123 1144 238 1182 statim,
259 1146 358 1177 Nonis
377 1147 450 1178 Feb.
482 1148 658 1185 Discedens,
676 1148 707 1177 in
722 1147 902 1178 memoriam
925 1146 1015 1176 rediit

124 1187 284 1225 Quintius,
301 1200 362 1230 quo
376 1190 425 1221 die
440 1191 543 1221 Roma
564 1191 596 1221 in
620 1191 753 1221 Galliam
777 1190 929 1231 profectus
951 1189 989 1219 sit
1002 1200 1012 1219 ε

124 1230 164 1260 ad
179 1231 402 1271 ephemeridem
414 1234 573 1264 revertitur
585 1246 592 1264 :
616 1234 771 1264 invenitur
785 1233 848 1263 dies
859 1232 1020 1273 profectio-

124 1273 183 1309 nis,
198 1275 276 1314 prid.
295 1276 361 1306 Cal.
376 1277 450 1307 Feb.
479 1277 578 1308 Nonis
591 1277 665 1308 Feb.
677 1277 702 1308 si
714 1278 824 1307 Romae
839 1276 909 1313 fuit,
923 1285 1023 1306 causae

124 1316 171 1347 nil
185 1317 328 1356 dicimus,
345 1320 419 1360 quin
435 1320 490 1350 tibi
510 1320 719 1351 vadimonium
735 1319 914 1360 promiserit.

172 1359 258 1398 Quid
267 1361 281 1390 ἶ)
305 1362 361 1392 hoc
376 1363 504 1393 inveniri
516 1365 570 1404 qui
587 1370 685 1404 potest
698 1365 712 1394 ἒ
737 1363 893 1393 Profectus
903 1368 947 1392 est
960 1361 1025 1392 una

129 1402 169 1434 L.
191 1404 316 1443 Albius,
332 1405 425 1436 homo
441 1416 512 1436 cum
527 1407 633 1447 primis
656 1406 818 1436 honestus:
844 1405 921 1435 dicet
941 1405 1025 1435 testi-

128 1447 278 1477 monium.
312 1448 468 1479 Prosecuti
493 1456 564 1479 sunt
589 1449 753 1480 familiares
777 1456 807 1479 et
834 1448 967 1479 Albium
994 1454 1024 1478 et

129 1489 317 1527 Quintium:
342 1491 442 1522 dicent
457 1492 490 1522 hi
510 1502 633 1533 quoque
653 1492 873 1523 testimonium.
911 1491 1024 1521 Literae

129 1532 166 1562 P.
183 1532 316 1571 Quintii,
330 1540 418 1565 testes
431 1541 485 1573 tot,
500 1536 626 1576 (quibus
641 1536 784 1566 omnibus
797 1546 887 1565 causa
894 1533 1026 1573 justissi-

127 1584 180 1606 ma
202 1583 246 1606 est
270 1587 323 1607 cur
347 1578 420 1608 scire
447 1579 612 1619 potuerint,
636 1579 723 1608 nulla
746 1589 800 1609 cur
821 1578 1025 1614 mentiantur)

130 1628 202 1650 cum
227 1619 444 1661 adstipulatore
472 1628 525 1652 tuo
550 1623 817 1662 comparabuntur.
850 1621 894 1651 Et
910 1621 943 1650 in
966 1621 1027 1650 hae

132 1662 282 1700 ejusmodi
297 1665 388 1694 causa
403 1665 440 1694 P.
458 1664 606 1702 Quintius
621 1665 770 1695 laborabit
783 1667 797 1696 ’ἓ
822 1670 851 1695 et
865 1664 980 1694 diutius
995 1663 1028 1692 in

133 1710 218 1735 tanto
239 1711 324 1736 metu
345 1707 437 1738 miser
460 1708 656 1749 periculoque
675 1708 842 1738 versabitur
855 1709 869 1738 .⁹
893 1713 922 1737 et
937 1706 1029 1737 vehe-

131 1746 265 1780 mentius
280 1759 350 1780 eum
366 1749 463 1791 gratia
477 1751 638 1782 adversarii
649 1750 838 1792 perterrebit,
850 1760 944 1792 quam
955 1749 1030 1780 fides
