1181 1902
270 85 321 116 IN
346 85 542 117 VERREM
565 85 607 117 V.
631 84 715 116 CAP.
738 85 790 116 20.
909 84 975 114 405

82 168 245 208 lidi-anum,
256 170 331 202 dum
344 182 399 212 ego
408 173 527 202 tabulas
538 171 690 212 adspicere
698 170 822 212 possim.
839 169 975 201 Verum-

83 218 185 242 tamen
202 214 276 254 quid
299 221 374 252 erat,
399 215 480 255 quod
502 215 638 245 Calidius
654 215 764 244 Romae
784 219 971 254 quereretur,

83 265 125 292 se,
142 265 212 286 cum
229 262 271 286 tot
283 267 378 287 annos
393 257 423 287 in
447 258 549 287 Sicilia
567 257 780 297 negotiaretur,
798 258 851 286 abs
866 262 895 286 te
911 256 974 286 solo

84 297 126 327 ita
144 308 206 328 esse
230 306 429 337 contemtum,
452 300 494 330 ita
516 300 702 340 despectum,
727 306 761 329 ut
785 299 888 336 etiam,
910 299 974 328 una

84 350 154 370 cum
171 342 283 372 caeteris
298 343 420 379 Siculis,
436 343 655 384 dispoliaretur.
690 343 724 372 Si
750 352 876 379 emeras,
898 341 974 382 quid

84 389 158 421 erat,
190 385 272 425 quod
301 386 510 422 confirmabat,
539 396 568 415 se
593 386 646 415 abs
673 391 702 415 te
721 391 882 425 argentum
912 394 986 414 esse>

84 426 296 466 repetiturum,
322 429 347 459 si
367 428 423 459 tibi
443 428 497 458 sua
512 429 667 458 voluntate
687 427 888 458 vendiderat?
922 427 975 457 Tu

85 479 174 509 porro
196 480 296 510 posses
319 471 427 508 facere,
453 477 487 502 ut
511 471 568 502 Cn.
587 470 705 501 Calidio
727 480 788 500 non
809 470 946 501 redderes
960 472 974 501 ?

85 513 250 552 praesertim
267 524 337 544 cum
352 515 377 544 is
393 515 431 544 L.
449 513 586 550 Sisenna,
603 513 758 543 defensore
775 519 840 549 tuo,
854 519 918 543 tam
929 513 976 543 fa-

85 555 242 586 miliariter
256 563 401 595 uteretur,
424 563 453 587 et
477 568 547 588 cum
566 556 678 587 caeteris
703 556 905 586 familiaribus
928 556 976 586 Si-

84 607 186 628 sennae
201 599 377 631 reddidisses
389 602 403 631 ‚⁹

128 641 270 683 Denique
291 653 352 673 non
376 643 482 684 opinor
503 649 686 684 negaturum
711 653 772 673 esse
795 648 836 679 te,
858 642 977 672 homini

84 683 222 721 honesto,
239 685 291 715 sed
306 696 366 716 non
382 687 561 727 gratiosiori,
578 697 673 727 quam
689 686 746 716 Cn.
769 685 906 716 Calidius
921 691 976 722 est,

84 726 122 757 L.
134 727 435 770 Cordio,argentun1,
443 741 496 770 per
508 730 721 766 Potamonem,
729 729 862 758 amicum
873 734 974 766 tuum,

86 769 271 807 reddidisse;
296 772 350 812 qui
372 773 496 813 quidem
512 778 687 803 caeterorum
704 782 826 802 causam
850 770 933 812 apud
948 777 978 801 te

85 812 284 844 difficiliorem
300 815 379 845 fecit.
418 816 514 853 Nam,
537 826 608 846 cum
632 821 662 845 te
684 815 892 855 compluribus
906 823 978 844 con-

85 855 236 887 finnasses
251 858 452 895 redditurum,
469 864 666 899 posteaquam
683 858 813 888 Cordius
824 867 879 898 pro
894 856 978 887 testi*

85 898 189 929 monio
201 899 289 937 dixit,
301 907 330 931 te
342 901 399 931 sibi
411 901 585 938 reddidisse,
598 901 692 931 finem
704 901 848 930 reddendi
860 900 975 935 fecisti;

86 942 169 982 quod
183 942 370 981 intellexisti,
383 950 423 980 te,
436 944 540 985 praeda
555 944 593 974 de
607 944 750 974 manibus
760 943 881 981 amissa,
895 943 978 973 testi-

85 985 224 1015 monium
252 992 355 1017 tamen
379 987 511 1028 effugere
534 996 596 1017 non
621 997 718 1028 posse.
757 987 814 1017 Cn.
846 986 977 1024 Calidio,

86 1028 182 1069 equiti
197 1029 352 1068 Romano,
373 1040 428 1071 per
448 1040 553 1061 omnes
569 1030 643 1060 alios
658 1035 799 1071 praetores
819 1029 906 1060 licuit
930 1039 978 1059 ar-

85 1077 213 1112 gentum
228 1072 339 1103 habere
354 1074 432 1103 bene
446 1073 580 1103 factum:
606 1073 691 1103 licuit
706 1083 792 1113 posse
808 1072 978 1103 domesticis

85 1114 190 1155 copiis,
207 1125 278 1145 cum
293 1116 505 1156 magistratum
522 1122 575 1146 aut
590 1116 724 1157 aliquem
735 1116 919 1156 superiorem
930 1116 979 1145 in-

85 1157 220 1194 vitasset,
237 1169 343 1189 ornare
359 1165 387 1189 et
403 1170 548 1200 apparare
563 1159 746 1189 convivium.
779 1159 877 1189 Multi
894 1159 979 1189 domi

85 1201 142 1232 Cn.
161 1201 271 1232 Calidii
283 1213 354 1232 cum
369 1202 496 1243 imperio
511 1213 545 1233 ae
559 1208 705 1243 potestate
719 1202 862 1232 fuerunt:
888 1212 979 1232 nemo

84 1244 226 1275 iuventus
241 1251 285 1275 est
299 1251 362 1274 tam
373 1255 488 1281 amens,
502 1246 555 1286 qui
565 1245 642 1275 illud
654 1251 814 1286 argentum
827 1252 891 1275 tam
901 1256 979 1286 prae-

85 1288 202 1318 clarum
217 1298 251 1318 ac
267 1294 330 1318 tam
341 1289 442 1319 nobile
452 1289 579 1329 eriperet
589 1299 599 1324 ς
623 1298 714 1318 nemo
724 1294 785 1318 tam
796 1288 909 1325 audax,
924 1288 978 1329 qui

84 1337 237 1371 posceret3
262 1341 352 1361 nemo
382 1337 446 1362 tam
471 1331 644 1372 impudens,
672 1331 727 1372 qui
751 1331 919 1372 postularet
943 1337 979 1361 ut

83 1374 233 1405 venderet.

127 1419 301 1458 Superbum
318 1424 362 1448 est
376 1419 470 1456 enim,
484 1418 612 1457 judices,
629 1423 658 1448 et
674 1428 734 1448 non
749 1417 920 1454 ferendum,
933 1417 980 1447 di-

84 1471 150 1491 cere
164 1467 323 1501 praetorem
335 1461 366 1490 in
377 1461 532 1502 provincia
542 1461 660 1491 homini
671 1461 808 1499 honesto,
818 1461 976 1502 locupleti,

85 1504 255 1544 splendido,
274 1506 296 1522 “
308 1504 416 1535 Vende
427 1505 505 1534 mihi
514 1515 586 1534 vasa
600 1504 736 1534 caelata.”
760 1504 830 1534 Hoc
842 1510 885 1534 est
895 1504 977 1534 enim

84 1547 193 1584 dicere,
211 1548 283 1577 Non
300 1558 330 1578 es
345 1547 456 1588 dignus
472 1554 516 1584 tu,
533 1548 587 1588 qui
598 1547 721 1585 habeas,
737 1557 806 1588 quae
821 1553 885 1577 tam
900 1548 977 1577 bene

84 1589 164 1620 facta
187 1590 247 1620 sint
260 1602 268 1620 :
292 1601 369 1620 meae
393 1591 548 1631 dignitatis
570 1591 626 1621 ista
652 1597 732 1620 sunt.
770 1590 823 1620 Tu
844 1590 976 1630 dignior,

86 1633 208 1670 Verres,
221 1644 315 1674 quam
327 1633 484 1664 Calidius?
507 1633 561 1674 qui
576 1637 625 1668 (ut
639 1643 699 1663 non
715 1633 867 1663 conferam
885 1633 979 1663 vitam

86 1681 178 1716 atque
193 1677 446 1707 existimationem
463 1683 548 1707 tuam
563 1687 635 1707 cum
649 1676 752 1713 illius;
776 1687 875 1718 neque
896 1676 978 1706 enim

86 1726 129 1749 est
144 1719 323 1750 conferenda
336 1730 345 1757 ;
369 1720 426 1751 hoc
441 1720 542 1761 ipsum
558 1719 724 1758 conferam,
741 1730 803 1760 quo
825 1725 860 1750 tu
881 1725 911 1750 te
926 1729 977 1749 su-
