1216 1907
185 105 227 135 20
360 102 451 134 PRO
469 103 506 133 P.
523 101 736 141 QUINTIO.
757 102 842 134 CAP.
857 103 907 140 17.

188 188 228 220 ad
248 194 278 219 te
298 188 449 219 retulisti:
477 199 516 220 ne
537 189 603 220 haec
623 189 748 230 quidem
766 195 867 220 tecum
884 189 1005 221 locutus
1026 186 1090 221 es?

189 233 286 263 Horae
306 232 376 262 ‹luae
392 232 537 268 fuerunt;
562 233 710 271 Quintius
730 233 769 263 ad
789 233 1001 263 vadimonium
1022 235 1091 264 non'

191 275 293 306 venit:
322 275 397 316 quid
421 278 504 317 ago?
539 276 584 315 Si,
607 276 790 313 mehercule,
813 276 878 306 haec
901 281 1002 306 tecum
1023 276 1085 307 duo

191 320 283 349 verba
297 318 426 356 fecisses,
443 319 531 357 Quid
545 321 623 359 ago?
645 319 818 360 respirasset
830 319 978 360 cupiditas
993 324 1087 360 atque

191 361 317 391 avaritia
338 362 523 402 paululum:
555 362 672 403 aliquid
694 362 753 393 loci
778 361 889 392 rationi
912 368 942 392 et
961 362 1087 393 consilio

191 404 341 435 dedisses:
362 410 395 435 tu
412 410 441 435 te
456 405 643 445 collegisses:
664 415 725 435 non
740 405 773 435 in
785 415 852 435 eam
863 405 1088 446 turpitudinem

192 448 333 485 venisses,
350 454 386 478 ut
404 448 462 479 hoc
482 448 539 478 tibi
559 454 634 479 esset
654 448 737 489 apud
758 449 832 479 tales
847 448 926 479 viros
941 448 1087 479 confiten-

191 490 280 528 dum,
297 491 359 532 qua
379 491 435 522 tibi
455 491 665 522 vadimonium
686 501 747 521 non
769 491 807 521 sit
828 491 958 529 obitum,
980 490 1088 522 eadem

192 539 222 564 te
237 534 313 564 hora
327 535 488 564 consilium
508 535 632 575 cepisse,
653 534 786 565 hominis
804 534 971 576 propinqui
990 534 1088 566 fortu-

193 587 248 607 nas
265 577 405 607 funditus
421 584 563 608 evertere.

236 620 351 651 XVII.
374 621 444 661 Ego
456 631 511 661 pro
527 627 556 651 te
570 631 652 651 nunc
665 621 724 652 hoc
738 621 873 659 consulo,
889 625 957 661 post
968 625 1090 662 tempus

193 668 223 693 et
238 663 270 693 in
286 664 386 694 aliena
401 674 443 701 re,
461 664 543 705 quod
559 670 592 694 tu
607 664 639 693 in
655 664 709 694 tua
724 675 766 703 re,
783 674 855 695 cum
873 670 995 704 tempus
1014 669 1089 703 erat,

193 707 349 737 consulere
370 707 482 737 oblitus
503 717 542 737 es.
575 707 689 745 Quaero
704 709 757 737 abs
776 712 817 744 te,
839 706 875 737 C.
892 707 1026 747 Aquini,
1049 707 1089 738 L.

195 749 339 787 Luculle,
367 750 404 780 P.
429 749 575 788 Quintili,
603 750 651 780 Μ.
678 750 846 781 Marcelle:
879 749 1091 781 vadimonium

195 792 272 822 mihi
287 803 349 823 non
364 793 440 823 obiit
455 793 581 834 quidam
593 793 689 823 socius
701 799 730 823 et
741 793 839 824 affinis
850 803 949 831 meus,
962 794 1091 834 quicum

194 835 273 865 mihi
288 836 475 866 necessitudo
490 843 587 874 vetus,
604 837 804 867 controversia
819 836 856 866 de
871 847 903 866 re
917 834 1094 877 pecuniaria

195 888 297 909 recens
316 879 492 909 intercedit:
517 880 676 920 postulone
691 890 709 909 a
723 888 861 920 praetore,
878 885 913 909 ut
931 880 996 918 ejus
1010 880 1093 910 bona

194 921 272 951 mihi
288 922 438 963 possidere
452 923 565 953 liceat?
588 933 639 960 an,
664 933 735 952 cum
755 923 864 953 Romae
881 921 991 952 domus
1011 923 1090 961 ejus,

195 974 285 1002 uxor,
307 965 394 995 liberi
415 965 486 1003 sint,
508 965 636 995 domum
656 965 757 1006 potius
778 965 981 998 denuntiem?
1005 963 1093 1003 Quid

195 1014 251 1044 est,
268 1008 351 1048 quod
366 1008 423 1038 hac
438 1008 562 1038 tandem
577 1008 615 1038 de
627 1019 659 1039 re
670 1009 754 1039 vobis
766 1008 860 1049 possit
870 1008 965 1038 videri
977 1010 991 1039 Ρ
1015 1009 1092 1039 Pro-

195 1050 285 1087 fecto,
307 1051 331 1081 si
352 1057 430 1081 recte
451 1058 581 1082 vestram
603 1052 770 1082 bonitatem
791 1060 882 1092 atque
897 1051 1095 1091 prudentiam

195 1094 334 1133 cognovi,
352 1104 413 1124 non
428 1095 563 1125 multum
578 1105 628 1125 me
643 1094 733 1133 fallit,
749 1094 774 1125 si
789 1094 1000 1132 consulamini,
1017 1094 1093 1135 quid

196 1136 261 1167 sitis
276 1138 466 1178 responsuri:
491 1138 639 1178 primum,
656 1143 846 1178 exspectare:
871 1137 991 1176 deinde,
1008 1137 1033 1168 si
1046 1138 1092 1168 la-

196 1179 284 1210 titare
307 1191 343 1210 ac
366 1180 480 1211 diutius
500 1181 656 1211 ludificare
677 1181 825 1217 videatur,
851 1180 962 1211 amieos
983 1190 1092 1211 conve-

195 1223 261 1253 nire
272 1235 281 1253 :
306 1234 450 1263 quaerere,
473 1224 541 1265 quis
556 1229 732 1265 procurator
747 1224 784 1254 sit
797 1235 805 1254 τ
829 1223 957 1254 domum
973 1221 1097 1254 denun?

197 1265 280 1296 tiare.
304 1266 375 1296 Dici
388 1267 439 1296 vix
455 1273 562 1307 potest,
580 1277 674 1308 quam
685 1267 785 1297 multa
797 1267 867 1303 sint,
884 1277 953 1307 quae
968 1277 1100 1309 respon--

196 1308 291 1339 deatis
310 1315 380 1339 ante
404 1310 469 1340 fieri
492 1316 640 1350 oportere,
662 1320 756 1350 quam
781 1309 819 1340 ad
843 1310 922 1340 hanc
943 1309 1092 1341 rationem

196 1357 366 1382 extremam
383 1352 613 1394 [necessariam]
630 1353 780 1383 devenire.

241 1395 328 1433 Quid
357 1396 396 1425 ad
421 1396 486 1426 haec
510 1396 662 1426 Naevius?
700 1396 794 1426 Ridet
819 1395 931 1426 scilicet
955 1401 1091 1426 nostram

197 1438 374 1476 amentiam,
391 1439 445 1478 qui
459 1439 491 1468 in
507 1439 569 1469 vita
581 1439 636 1469 suit
650 1439 798 1469 rationem
813 1439 927 1469 summi
938 1439 1028 1469 officii
1038 1439 1092 1469 de-

197 1481 374 1517 sideremus,
392 1488 420 1511 ct
431 1481 570 1512 instituta
580 1483 730 1512 bonorum
743 1482 877 1513 virorum
888 1481 1089 1523 requiramus.

197 1524 285 1562 Quid
300 1524 389 1562 mihi,
405 1525 516 1565 inquit,
533 1535 603 1555 cum
623 1525 681 1555 ista
701 1525 823 1556 summa
843 1525 1042 1555 sanctimonia
1057 1535 1093 1556 ac

196 1567 380 1607 diligentia?
406 1568 558 1605 Viderint,
573 1568 685 1609 inquit,
701 1569 759 1606 ista
769 1568 867 1598 officia
878 1568 934 1598 viri
944 1568 1036 1598 boni:
1053 1568 1092 1598 de

198 1621 248 1641 me
268 1617 371 1640 autem
390 1610 433 1640 ita
454 1611 660 1641 considerent:
686 1621 758 1649 non,
782 1611 857 1652 quid
876 1611 1017 1648 habeam,
1040 1610 1093 1641 sed

197 1653 310 1694 quibus
334 1654 423 1683 rebus
443 1654 621 1691 invenerim,
645 1659 803 1695 quaerant;
828 1659 868 1691 et,
892 1654 1093 1695 quemadmo-

198 1697 274 1726 dum
290 1702 391 1734 natus,
408 1702 438 1727 et
449 1707 510 1738 quo
525 1703 613 1738 pacto
628 1698 772 1727 educatus
787 1697 856 1733 sim,
869 1697 1006 1727 memini.
1030 1697 1094 1727 Ve-

197 1745 246 1769 tus
266 1746 321 1775 cst,
347 1743 369 1757 ⁵⁶
384 1740 432 1770 De
454 1741 555 1770 scurra
576 1741 674 1770 multo
697 1740 816 1770 facilius
838 1739 976 1778 divitem,
997 1750 1092 1781 quam

195 1783 455 1823 patremfamilias,
473 1783 536 1814 fieri
551 1784 670 1824 posse.”
706 1784 783 1815 Haec
797 1783 861 1820 ille,
877 1782 902 1814 si
917 1782 1014 1815 verbis
1029 1791 1099 1814 non’
