1181 1902
288 75 338 106 IN
363 76 559 108 VERREM
585 75 624 107 V.
649 75 732 106 CM».
753 77 805 106 46.
933 75 991 105 431

76 185 80 192 .
105 165 204 191 natur.
229 161 324 199 Nam,
342 171 412 192 cum
437 162 492 193 iste
508 162 619 193 Catina
637 162 790 203 profectus
815 165 902 200 esset,
911 161 997 192 servi

106 203 266 242 cujusdam
282 214 392 235 nomen
412 205 556 236 defertur.
582 205 613 236 Is
627 211 806 236 accusatur:
830 204 894 235 ficti
908 210 998 235 testes

104 245 137 276 in
162 256 233 277 eum
255 247 388 278 dantur.
413 258 477 278 rem
492 254 620 280 cunctus
639 254 762 279 senatus
785 247 998 279 Catinensium

104 288 223 329 legibus
236 289 362 329 judicat.
386 290 560 321 Sacerdotes
581 297 747 321 vocantur.
772 301 810 322 ex
825 290 873 321 his
887 290 998 331 quaeri-

105 338 156 362 tur
170 338 282 364 secreto
297 333 328 362 in
349 331 442 371 curia,
459 333 535 374 quid
557 339 632 364 esset
653 333 780 371 factum,
797 332 997 374 quemadmo-

104 374 181 404 dum
206 376 423 406 arbitrarentur
446 376 569 416 signum
597 387 659 407 esse
685 377 832 407 ablatum.
858 377 998 417 Respon-

105 417 178 447 dent
192 418 264 457 illae,
281 418 423 449 Praetoris
438 419 470 449 in
486 430 520 450 eo
535 420 601 450 loco
616 430 715 450 servos
731 430 793 450 esse
809 420 897 450 visos.
921 420 996 456 Res,

104 470 175 500 quae
190 468 264 492 esset
286 462 351 500 jam
367 468 455 492 antea
475 472 535 492 non
551 463 689 499 obscura,
706 462 896 493 sacerdotum
916 462 1000 493 testi-

104 504 208 534 monio
229 505 386 546 perspicua
401 515 463 535 esse
478 505 576 545 coepit
601 505 670 535 Itur
689 505 722 535 in
738 506 920 535 consilium:
938 516 1000 536 ser-

105 557 160 579 vus
176 547 250 577 ille
242 557 384 578 innocens
399 548 542 579 omnibus
557 548 712 579 sententiis
726 549 912 584 absolvitur,
937 558 999 589 quo

105 588 224 620 facilius
257 601 309 622 vos
338 591 421 622 hunc
445 591 590 622 omnibus
619 591 774 622 sententiis
799 591 999 623 condemnare

105 633 240 673 possetis.

149 675 236 713 Quid
251 676 332 707 enim
355 677 505 718 postulas,
524 676 659 708 Verres?
682 677 757 718 quid
772 687 872 718 speras
885 678 900 708 9
923 677 1000 718 quid

105 719 243 758 spectas?
259 730 352 760 quem
362 720 428 758 tibi,
442 726 496 750 aut
508 720 646 751 Deorum
656 726 710 751 aut
720 721 894 758 hominum,
911 721 999 750 auxi-

104 761 146 791 lio
170 768 260 802 putas
274 762 434 794 futurum.
427 765 440 785 9
464 763 552 794 Eone
567 770 601 794 tu
624 774 724 794 servos
745 763 785 794 ad
804 763 999 805 spoliandum

104 803 269 835 immittere
283 816 375 837 ausus
391 817 432 844 es,
449 817 511 847 quo
526 807 635 837 liberos
647 806 740 845 adire,
757 817 796 837 ne
810 806 916 837 mandi
931 806 1000 848 qui-

103 847 175 877 dem
191 848 283 879 causa
297 848 342 879 fas
358 855 440 880 erat.
434 851 447 871 9
472 849 571 880 Hisne
586 851 675 880 rebus
690 860 801 880 manus
817 850 922 880 afferre
937 859 1000 880 non

103 890 262 929 dubitasti,
288 901 306 921 a
321 892 433 933 quibus
455 892 547 923 etiam
561 893 664 923 oculos
679 893 817 924 cohibere
832 898 862 923 te
879 892 1000 933 religio-

105 943 182 963 num
195 934 266 973 jura
280 936 453 975 cogebant?
477 935 597 966 tametsi
612 946 650 966 ne
671 936 765 966 oculis
788 935 913 977 quidem
928 946 1000 977 cap-

105 982 155 1006 tus
177 976 209 1006 in
231 977 310 1008 hanc
333 978 473 1009 fraudem
497 984 561 1009 tam
579 979 756 1009 sceleratam
775 989 810 1009 ac
830 985 894 1009 tam
915 979 1001 1009 nefa-

104 1019 182 1049 riam
198 1019 356 1052 decidisti:
380 1031 454 1051 nam
469 1021 501 1051 id
519 1022 700 1073 concupisti,
725 1021 809 1063 quod
837 1032 999 1062 nunquam

106 1062 242 1093 videras.
266 1063 310 1101 id,
327 1063 467 1104 inquam,
484 1062 644 1104 adamasti,
666 1065 750 1106 quod
764 1071 854 1095 antea
869 1074 930 1095 non
946 1064 1001 1095 ad-

106 1116 256 1146 spexeras.
279 1107 420 1137 Auribus
432 1114 466 1138 tu
482 1113 599 1138 tantam
610 1108 810 1149 cupiditatem
825 1107 999 1148 concepisti,

106 1154 141 1178 ut
156 1159 223 1179 eam
238 1159 299 1180 non
312 1155 423 1186 metus,
437 1161 499 1181 non
511 1151 628 1200 religio,
642 1161 703 1182 non
713 1151 853 1181 Deorum
868 1151 925 1189 vis,
937 1161 999 1182 non

105 1191 267 1222 hominum
288 1193 482 1231 existimatio,
506 1194 681 1225 contineret.
705 1195 752 1224 At
770 1204 808 1224 ex
834 1194 898 1224 viro
918 1195 1000 1226 bono

105 1234 254 1273 audieras,
277 1236 391 1273 (credo)
417 1243 446 1267 et
468 1238 550 1267 bono
574 1244 704 1268 auctore.
740 1237 807 1275 Qui
832 1237 864 1267 id
887 1242 998 1278 potest,

105 1278 160 1318 qui
186 1287 224 1308 ne
250 1289 287 1309 ex
312 1279 376 1309 viro
400 1279 525 1320 quidem
554 1280 659 1311 audire
688 1279 848 1321 potueris?
870 1280 1000 1311 Audisti

105 1321 199 1361 igitur
223 1332 261 1352 ex
285 1322 423 1359 muliere,
451 1323 597 1363 quoniam
626 1323 658 1353 id
684 1323 741 1354 viri
764 1333 864 1364 neque
890 1322 999 1354 vidisse

105 1373 205 1404 neque
228 1366 316 1395 nosse
339 1371 487 1406 poterant.
520 1366 656 1404 Qualem
679 1376 768 1407 porro
791 1366 878 1396 illam
907 1366 998 1396 ferni-

106 1416 179 1437 nam
203 1407 295 1438 fuisse
321 1408 448 1449 putatis,
469 1409 612 1448 judices?
636 1420 731 1450 quam
753 1409 908 1450 pudicam,
930 1419 1000 1450 quae

105 1460 176 1480 curn
193 1450 223 1481 V
226 1462 290 1481 erre
309 1451 504 1491 loqueretur.
497 1453 510 1473 9
535 1462 629 1492 quam
651 1452 835 1492 religiosam,
860 1462 930 1492 quae
951 1463 1000 1482 sa-

105 1493 192 1523 crarii
207 1494 357 1534 spoliandi
366 1495 536 1525 ostenderet
550 1495 717 1526 rationem.
710 1497 723 1517 9
745 1495 793 1525 Α1
802 1495 929 1526 minime
940 1495 1000 1525 mi-

105 1545 186 1575 rum,
208 1548 277 1578 quae
292 1548 374 1568 sacra
389 1548 444 1578 per
459 1548 614 1568 summam
634 1538 843 1569 castimoniam
864 1538 999 1568 virorum

105 1589 139 1609 ac
153 1580 318 1611 mulierum
340 1581 426 1618 fiant,
449 1581 554 1611 eadem
569 1592 623 1622 per
638 1581 724 1612 istius
738 1587 881 1622 stuprum
896 1591 931 1611 ae
945 1581 1000 1611 fla-

102 1622 214 1662 gitium
227 1634 289 1654 esse
304 1624 423 1654 violata.

147 1665 272 1697 XLVI.
297 1666 384 1704 Quid
403 1670 502 1707 ergo?
525 1668 583 1698 hoc
607 1668 707 1699 solum
730 1667 886 1698 auditione
906 1678 999 1708 expe-

105 1714 166 1739 tere
191 1710 292 1750 coepit‚
319 1720 389 1740 cum
414 1711 445 1740 id
472 1711 536 1752 ipse
556 1721 617 1741 non
637 1712 786 1742 vidisset?
810 1711 907 1741 immo
928 1721 998 1741 vero

102 1752 162 1782 alia
185 1753 367 1793 complura;
391 1764 429 1784 ex
450 1754 562 1795 quibus
579 1754 690 1795 eligam
711 1754 922 1795 spoliationem
944 1764 999 1784 no-
