1181 1902
188 55 252 86 248
362 56 412 86 IN
438 55 632 86 VERREM
660 56 723 86 Ill.
748 56 831 86 (lxv.
849 57 889 86 33

236 140 420 172 XXXVII.
444 142 554 182 Itaque
568 141 683 172 hortari
697 142 835 172 homines
856 142 955 183 coepit,
972 147 1007 172 ut
1026 142 1081 172 alia

192 183 267 225 quid
290 184 416 215 Sthenio
441 185 567 225 periculi
587 191 731 222 crearent,
755 185 949 226 criminisque
969 185 1083 215 confin-

192 232 307 267 gerent.
342 227 493 258 Dicebant
508 238 538 258 se
553 228 598 258 illi
621 228 698 258 nihil
712 228 823 259 habere
842 228 923 269 quod
939 228 1081 258 dicerent.

193 269 279 300 Tum
294 270 350 300 iste
370 271 417 301 his
433 277 534 311 aperte
557 271 687 301 ostendit
708 278 736 301 et
760 270 959 307 confirmavit,
982 281 1031 301 eos
1050 270 1083 300 in

194 312 367 351 Sthenium,
385 314 534 354 quidquid
550 314 671 351 vellent,
689 314 780 344 simul
796 320 886 354 atque
901 314 939 343 ad
956 324 986 343 se
998 313 1085 343 detu-

193 355 308 393 lissent,
325 358 511 397 probaturos.
536 358 585 387 Ita
600 357 644 387 illi
660 367 720 386 non
734 357 971 397 procrastinant:
997 356 1086 387 sthe-

194 398 283 429 nium
307 399 410 429 statim
434 400 585 430 educunt:
610 400 696 430 aiunt
714 402 752 430 ab
774 410 807 430 eo
828 400 929 430 literas
948 399 1086 440 publicas

197 452 261 472 esse
275 448 439 483 corruptas.
464 443 608 473 Sthenius
624 443 769 483 postulat,
786 448 821 473 ut
837 453 906 473 cum
923 452 1024 472 secum
1041 442 1088 472 sui

197 484 275 515 cives
291 492 383 525 agant
397 486 434 515 de
454 486 547 516 literis
567 486 697 526 publicis
719 486 876 526 corruptis,
898 486 1023 526 ejusque
1044 485 1088 515 rei

196 527 315 568 legibus
336 528 606 558 Thermitanorum
624 529 700 558 actio
716 528 775 558 sit·
767 552 776 564 ‚
801 539 871 559 cum
893 534 1013 558 senatus
1032 538 1088 569 po-

196 571 350 611 'pulusque
375 572 535 602 Romanus
562 572 771 602 Thermitanis
796 571 892 612 (quod
915 581 1033 611 semper
1054 571 1087 600 in

198 613 331 643 amicitia
346 613 466 655 fideque
480 614 672 651 mansissent)
696 615 814 650 urbem,
832 625 929 654 agros,
946 614 1088 655 legesque

200 666 279 693 suas,
293 656 490 693 reddidissem
516 658 708 698 Publiusque
725 657 870 698 Rupibus
891 662 994 698 postea
1008 657 1089 698 leges

198 698 242 729 ita
257 699 366 729 Siculis
382 710 419 730 ex
440 701 721 737 senatus-consulto,
739 700 775 730 de
795 700 899 730 decem
919 701 1089 740 legatorum

199 742 359 779 sententia,
376 743 517 781 dedisset,
531 749 565 773 ut
580 743 658 773 cives
668 743 746 772 inter
766 753 797 773 se
811 743 928 783 legibus
944 743 1004 773 suis
1020 753 1091 783 age-

199 790 288 821 rent3
312 785 454 826 idemque
469 786 526 816 hoc
545 786 685 816 habuerit
701 786 811 816 Verres
833 786 897 827 ipse
916 787 948 816 in
970 786 1087 823 edict03

200 833 248 863 ut,
266 828 303 858 de
318 828 364 858 his
380 829 522 859 omnibus
538 829 645 867 causis,
663 839 693 859 se
709 829 747 858 ad
762 829 842 869 leges
858 829 1000 869 rejiceret.

245 871 318 908 Iste,
340 871 432 901 homo
453 872 593 901 omnium
614 871 815 912 aequissimus⁷
833 878 924 913 atque
941 883 959 902 a
974 871 1091 913 cupidi-

201 918 263 944 tate
289 914 518 951 remotissinms,
546 925 577 945 se
604 915 797 955 cogniturum
824 925 886 945 esse
912 915 1088 945 confirmat:

201 962 343 997 paratum
367 957 406 987 ad
430 968 551 988 causam
576 957 735 988 dicendam
761 958 862 988 venire
886 958 962 988 hora
987 958 1093 988 octava

200 1000 298 1039 jubet.
331 1000 404 1030 Non
421 1007 483 1031 erat
498 1002 672 1038 obscurum,
689 1001 763 1042 quid
779 1001 871 1031 homo
886 1002 1043 1041 improbus
1058 1011 1092 1031 ac

201 1043 334 1074 nefarius
350 1043 511 1084 cogitaret:
537 1054 634 1085 neque
650 1045 731 1074 enim
747 1044 811 1084 ipse
826 1044 896 1074 satis
908 1044 1089 1074 occultarat:

201 1095 257 1116 nec
271 1087 382 1117 mulier
398 1092 494 1117 tacere
508 1093 634 1127 poterat.
667 1088 861 1118 Intellectum
882 1093 937 1125 est,
953 1087 984 1117 id
999 1088 1092 1117 istum

203 1139 302 1169 agere,
324 1136 370 1165 ut,
394 1140 464 1160 cum
481 1130 654 1167 Sthenium,
677 1131 740 1161 sine
759 1130 823 1160 ullo
845 1137 1035 1171 argumento,
1058 1141 1092 1160 ac

203 1172 267 1202 sine
282 1178 366 1210 teste,
384 1173 566 1211 damnasset,
580 1179 647 1204 tum
662 1174 754 1203 homo
769 1173 902 1204 nefarius
917 1173 954 1203 de
969 1173 1093 1203 homine

203 1215 310 1253 nobili,
327 1222 417 1257 atque
429 1216 460 1246 id
473 1217 578 1255 aetatis,
596 1227 710 1257 suoque
725 1217 852 1257 hospite,
869 1217 961 1257 virgis
977 1216 1094 1257 suppli-

205 1258 287 1288 cium
303 1259 508 1289 crudelissime
523 1265 661 1290 sumeret.
694 1260 787 1297 Quod
803 1270 873 1290 cum
889 1266 965 1290 esset
979 1259 1095 1300 perspi..

205 1311 319 1338 cuum;
337 1302 374 1332 de
389 1302 555 1332 amicorum
567 1303 782 1343 hospitumque
794 1313 918 1333 suorum
935 1302 1093 1341 sententia,

206 1344 351 1375 Thermis
362 1345 504 1375 Sthenius
517 1346 650 1376 Romam
663 1346 806 1387 profugit.
832 1346 938 1376 Hiemi
949 1356 1011 1376 sese
1020 1345 1095 1376 fluc-

205 1387 349 1428 tibusque
372 1388 559 1418 committere
578 1389 699 1427 maluit,
716 1399 809 1430 quam
830 1399 890 1419 non
907 1389 996 1418 istam
1012 1399 1095 1419 com-

204 1441 332 1461 munem
348 1431 520 1462 Siculorum
540 1437 748 1473 tempestatem
764 1432 1027 1473 calamitatemque
1050 1431 1096 1462 vi-

210 1478 283 1504 tare.

250 1517 451 1547 XXXVIII.
476 1517 549 1553 Iste,
565 1517 657 1548 homo
673 1524 770 1548 certus
786 1523 815 1548 et
830 1517 969 1558 diligens,
987 1517 1025 1547 ad
1040 1517 1096 1547 ho·-

205 1570 272 1590 ram
287 1570 399 1590 nonam
412 1567 520 1601 praesto
532 1566 584 1591 est.
608 1561 768 1591 Sthenium
782 1561 865 1591 citari
878 1562 984 1600 jubet:
1002 1571 1095 1601 quem

206 1608 405 1643 posteaquam
424 1604 505 1633 videt
527 1613 586 1634 non
608 1604 720 1642 adesse,
743 1604 844 1634 dolore
866 1603 979 1640 ardere,
1004 1609 1095 1644 atque

206 1645 363 1676 iracundia
377 1646 487 1683 furere,
504 1647 609 1688 coepit:
636 1647 782 1677 Venerios
791 1647 822 1676 in
839 1646 965 1676 domum
981 1646 1098 1678 Sthenii

207 1688 349 1719 mittere:
374 1689 489 1730 equites
510 1690 622 1720 circum
641 1700 727 1730 agros
744 1691 809 1729 ejus
827 1690 974 1730 villasque
994 1689 1097 1719 dimit.

207 1737 277 1762 tere.
303 1732 422 1773 Itaque,
439 1732 513 1763 dum
530 1739 692 1774 exspectat,
705 1733 851 1774 quidnam
867 1732 924 1764 sibi
940 1732 1011 1764 certi
1026 1731 1098 1762 affe-
