1181 1902
268 74 315 106 IN
343 76 537 109 VERREM
562 79 628 110 111.
645 78 728 110 CAP.
748 76 797 108 10.
912 78 976 108 223

178 162 384 196 (Testimonia
400 166 452 194 M.
469 166 607 205 Luculli,
621 166 739 203 Chlori,
750 164 890 201 Dionis.)

134 203 194 234 IX.
222 205 340 237 Satisne
363 208 447 238 vobis
469 219 613 249 magnam
640 208 799 249 pecuniam
826 206 977 238 Venerius

90 245 193 284 houm,
206 248 259 287 qui
275 258 291 277 e
307 250 480 281 Chelidonis
496 251 563 281 sinu
579 252 610 281 in
625 251 811 292 provinciam
826 250 978 291 profectus

90 296 176 328 esset,
203 291 233 321 V
235 292 329 322 eneris
353 293 476 324 nomine
500 295 642 334 quaesisse
662 294 804 324 videtur?
838 293 979 333 Accipite

89 333 193 369 aliam,
210 333 242 363 in
263 335 379 365 minore
402 337 541 377 pecunia,
563 347 624 367 non
648 337 750 366 minus
767 336 978 376 impudentem

78 376 285 406 calumniam.
309 378 454 420 Sosippus
470 386 499 409 et
517 380 673 420 Epicrates
689 380 794 409 fratres
804 385 874 408 sunt
889 379 978 419 Agy-

88 418 230 449 rinenses.
255 420 377 451 Horum
398 429 493 463 pater,
518 423 629 453 abhinc
653 423 715 452 duo
735 428 764 452 et
788 422 853 452 XX
872 431 979 459 annos,

89 468 135 492 est
149 468 308 493 mortuus:
333 464 364 494 in
385 466 472 504 cujus
492 472 681 502 testamento,
699 464 832 506 quodam
856 465 932 502 loco,
954 465 980 495 si

89 505 285 536 commissum
301 508 376 547 quid
392 515 478 547 esset,
488 509 588 539 multa
603 514 666 539 erat
678 507 800 539 Veneri.
828 507 900 548 Ipso
911 507 978 537 XX

88 557 181 586 anne,
197 558 267 578 cum
291 555 336 580 tot
354 551 467 582 interea
490 558 642 593 praetores,
669 557 713 581 tot
739 556 912 592 quaestores,
935 556 980 580 tot

89 591 332 630 calumniatores,
354 594 386 624 in
410 595 564 635 provincia
588 595 725 631 fuissent,
757 593 915 624 haereditas
940 594 979 623 ab

89 633 137 663 his
159 634 285 665 Veneris
301 637 424 667 nomine
446 638 540 678 petita
560 643 612 668 est.
645 638 778 668 Causam
802 636 912 666 Verres
930 646 980 666 co-

89 677 228 717 gnoscit:
253 680 414 718 pecuniam
438 691 491 721 per
511 681 687 711 Volcatium
713 679 831 720 accipit,
856 679 918 709 fere
941 679 980 709 ad

91 720 148 750 Hs
165 720 274 751 CCCC
290 723 398 761 millia,
419 725 458 754 ab
482 724 600 754 duobus
619 723 770 754 fratribus.
803 722 981 752 Multorum

91 763 263 794 testimonia
277 766 404 797 audistis
419 774 516 797 antea.
541 767 688 797 Vicemnt
700 766 908 806 Agyrinenses
919 764 981 795 fra-

92 811 149 835 tres
164 806 217 843 ita,
230 813 266 837 ut
281 816 400 849 egentes
414 810 578 852 inanesque
592 810 786 840 discederent.

134 849 175 879 X.
199 851 246 880 At
257 852 338 881 enim
354 853 392 882 ad
403 853 530 883 Verrem
543 853 671 894 pecunia
686 853 743 883 ista
757 861 818 882 non
833 851 980 892 pervenit.

86 892 171 930 -Quae
193 900 236 923 est
256 894 312 924 ista
324 895 481 927 defensio?
505 902 609 926 utrum
622 902 806 926 asseveratur
820 895 851 924 in
864 894 931 932 hoc,
942 903 982 924 an

92 936 244 966 tentatur?
267 938 343 968 mihi
354 939 435 969 enim
447 950 526 969 nova
536 950 580 969 res
591 947 643 969 est.
661 939 770 969 Verres
781 938 982 969 calumniam-

91 988 136 1008 res
149 981 334 1019 apponebat:
350 981 460 1012 Verres
472 983 572 1012 adesse
579 983 722 1022 jubebat:
737 981 847 1011 Verres
857 990 983 1020 cognos-

90 1023 197 1052 cebat:
223 1023 333 1054 Verres
347 1025 522 1063 judicabat:
548 1026 684 1066 pecuniae
703 1025 848 1054 maximae
867 1024 983 1053 daban-

91 1070 161 1095 tur:
187 1066 240 1106 qui
255 1066 379 1106 dabant,
396 1079 500 1099 causas
514 1069 709 1099 obtinebant:
735 1074 768 1098 tu
783 1066 859 1097 mihi
874 1067 916 1096 ita
931 1066 983 1097 de-

92 1107 220 1139 fendas?
253 1112 275 1127 “
290 1110 362 1141 Non
387 1117 430 1141 est
447 1112 505 1142 ista
528 1111 619 1142 Verri
638 1116 796 1141 numerata
820 1110 982 1150 pecunia.’'

92 1151 220 1191 Adjuvo
233 1158 262 1182 te
274 1164 282 1183 :
306 1154 367 1184 mei
382 1165 504 1195 quoque
514 1160 601 1185 testes
612 1154 693 1185 idem
704 1154 818 1184 dicunt.
843 1153 985 1183 Volcatio

92 1194 198 1225 dicunt
212 1206 275 1226 sese
290 1196 414 1227 dedisse.
439 1198 520 1236 Quae
534 1198 578 1228 vis
597 1203 659 1228 erat
676 1198 708 1227 in
730 1196 870 1227 Volcatio
886 1201 982 1233 tanta,

93 1244 128 1268 ut
145 1238 201 1269 HS
217 1240 328 1271 CCCC
344 1241 442 1270 millia
459 1251 478 1270 a
495 1240 614 1270 duobus
629 1240 805 1271 hominibus
824 1239 954 1269 auferret
967 1241 981 1269 ?

94 1288 124 1312 et
145 1282 214 1322 quis
232 1283 384 1321 Volcatio,
401 1284 425 1315 si
441 1282 495 1314 sua
509 1290 615 1324 sponte
630 1284 770 1320 venisset,
786 1292 880 1312 unam
895 1281 984 1312 libel-

93 1325 156 1354 lam
181 1325 310 1356 dedisset
326 1328 340 1357 ?
363 1326 477 1357 Veniat
497 1337 599 1357 nunc:
624 1326 816 1368 experiatur:
841 1330 918 1355 tecto
936 1335 983 1355 re-

94 1368 184 1408 cipiet
199 1378 298 1399 nemo.
321 1369 368 1400 At
380 1380 435 1410 ego
445 1370 577 1411 amplius
593 1369 679 1400 dico:
705 1369 762 1400 HS
778 1368 984 1409 quadringen-

94 1411 149 1441 ties
164 1412 309 1453 accepisse
324 1418 354 1443 te
374 1423 468 1453 arguo
489 1417 592 1443 contra
613 1413 713 1453 leges:
748 1421 827 1452 nego
851 1410 907 1441 tibi
926 1410 985 1451 ipsi

94 1454 195 1484 ulliun
210 1465 376 1485 nummum
391 1467 453 1486 esse
467 1462 682 1486 numeratum:
707 1455 759 1486 sed
774 1464 857 1491 cum,
874 1454 913 1484 ob
931 1459 986 1483 tua

94 1496 223 1535 decreta,
239 1499 278 1529 ob
290 1498 449 1539 imperata,
465 1500 503 1529 ob
511 1499 657 1538 judicata,
670 1498 807 1539 pecuniae
821 1497 984 1535 dabantur,

94 1550 156 1570 non
171 1546 234 1571 erat
242 1542 453 1582 quaerendum,
466 1543 553 1581 cujus
567 1551 662 1571 manu
674 1546 916 1578 numerarentur,
934 1539 985 1569 sed

94 1584 183 1623 cujus
194 1584 307 1623 injuria
322 1592 506 1626 cogerentur.
531 1584 664 1616 Comites
676 1584 721 1614 illi
737 1584 782 1614 tui
798 1582 904 1613 delecti
918 1592 985 1612 ma-

96 1636 154 1657 nus
179 1633 264 1657 erant
287 1633 366 1658 tuae:
399 1628 544 1669 praefecti,
571 1628 686 1665 scribae,
710 1627 831 1664 medici,
857 1625 984 1662 accensi,

96 1670 280 1710 haruspices,
296 1681 459 1711 praecones,
477 1680 561 1701 erant
576 1681 685 1701 manus
700 1677 772 1707 tuae,
796 1670 842 1700 Ut
857 1668 986 1710 quisque

97 1719 127 1743 te
138 1713 272 1743 maxime
288 1714 505 1744 necessitudine
516 1714 620 1755 aliqua
635 1714 814 1754 attingebat,
830 1712 873 1742 ita
887 1710 986 1741 maxi-

97 1766 147 1786 me
162 1766 271 1787 manus
291 1763 344 1787 tua
359 1758 543 1798 putabatur:
568 1756 672 1788 cohors
695 1763 757 1787 tota
772 1756 825 1788 illa
840 1761 904 1793 tua,
917 1765 987 1795 quat
