1181 1902
193 145 283 176 PRO
304 144 470 176 ROSCIO
492 143 724 175 AMERINO.
749 145 832 176 ΠΛΡ.
846 145 875 174 3.
936 144 977 174 39

95 230 216 267 derunt,
239 230 293 271 qui
318 230 400 272 apud
420 240 470 261 me
493 236 523 261 et
546 229 688 267 amicitia,
713 236 743 261 et
765 230 928 265 beneficiis,
953 235 984 259 et

96 272 252 313 dignitate,
283 273 452 314 plurimum
481 280 617 314 possunt,
645 284 776 314 quorum
803 284 858 314 ego
884 282 982 313 neque

94 316 333 346 benevolentiam
356 327 426 356 erga
452 327 502 346 me
525 317 673 356 ignorare,
697 326 751 346 nec
773 316 982 346 auctoritatem

94 358 277 399 adspernari,
294 369 348 390 nec
363 359 550 389 voluntatem
568 359 730 400 negligere,
747 359 904 389 debebam.

138 401 182 431 ΙΙ.
207 401 266 431 His
281 402 318 432 de
333 402 428 432 causis
441 413 496 442 ego
511 402 581 432 huic
597 413 694 432 causae
709 409 853 442 patronus
866 401 979 438 exstiti,

97 453 158 474 non
173 445 283 475 electus
303 455 392 481 unus,
410 445 464 486 qui
485 445 620 475 maximo
640 445 772 486 ingenio,
790 445 841 475 sed
861 445 982 474 relictus

95 497 133 517 ex
155 487 307 523 omnibus,
329 488 383 528 qui
403 488 532 517 minimo
555 488 699 528 periculo,
722 498 841 528 possem
863 487 981 517 dicere:

95 539 193 570 neque
205 530 249 560 uti
261 531 331 560 satis
347 531 435 560 firmo
450 531 588 571 praesidio
603 531 744 561 defensus
756 533 825 561 Sex.
840 530 980 567 Roscius,

94 582 200 602 verum
212 573 257 602 uti
268 583 306 603 ne
321 573 446 603 omnino
457 573 590 603 desertus
605 580 689 604 esset.
714 574 852 604 Forsitan
865 583 982 614 quaera-

96 614 144 651 tis,
161 615 214 655 qui
228 616 283 646 iste
298 622 392 646 terror
407 616 455 652 sit,
473 622 502 645 et
517 627 586 656 quae
601 622 685 646 tanta
700 616 841 653 formido,
854 626 924 656 quae
938 621 984 645 tot

95 658 214 688 actales
228 658 306 688 viros
322 658 479 699 impediat,
496 659 661 699 quominus
681 669 736 699 pro
757 660 853 699 capite
874 664 903 688 et
923 658 984 688 for-

95 700 177 730 tunis
200 701 333 739 alterius,
358 701 618 741 quemadmodum
643 700 837 738 consuerunt,
862 711 984 731 causam

96 742 189 773 velint
203 743 308 774 dicere.
341 744 435 782 Quod
450 744 550 774 adhuc
564 754 617 774 vos
637 744 775 784 ignorare
790 754 851 773 non
867 744 982 773 mirum

69 805 73 810 ·
96 791 150 823 est,
167 792 324 827 propterea
337 787 420 827 quod
439 787 587 825 consulto,
606 788 644 816 ab
663 786 896 824 accusatoribus,
917 787 983 825 ejus

94 828 148 865 rei,
165 840 234 869 quae
248 829 389 860 conflavit
398 830 455 860 hoc
462 829 625 869 judicium,
638 830 753 859 mentio
764 829 844 859 facta
858 839 919 859 non
929 835 983 859 est.

138 871 218 910 Quae
233 882 278 902 res
293 883 328 903 ea
343 874 411 903 est?
434 873 524 903 Bona
538 873 631 913 patris
646 873 772 912 hujusce
785 873 854 903 Sex.
868 872 983 909 Roscii,

94 925 164 955 quae
179 921 249 945 sunt
265 915 418 956 sexagies:
444 927 513 956 quae
528 916 565 946 de
580 915 644 946 viro
659 915 822 946 fortissimo
837 921 867 945 et
881 915 983 945 claris-

95 957 182 995 simo,
200 958 238 988 L.
252 958 348 997 Sulla,
366 962 472 1000 (quem
487 959 609 989 honoris
619 958 708 988 causa
717 958 854 995 nomino)
865 958 985 988 duobus

96 1000 233 1031 millibus
247 1003 410 1031 nummum
427 1012 457 1031 se
471 1001 543 1032 dicit
559 1001 665 1032 emisse
682 1001 852 1032 adolescens
868 1001 915 1031 vel
930 1011 985 1041 po-

95 1044 279 1074 tentissimus
294 1044 350 1075 hoc
359 1051 494 1086 tempore
506 1051 615 1075 nostrae
626 1044 764 1083 civitatis,
778 1044 816 1074 L.
825 1043 985 1074 Cornelius

95 1086 320 1128 Chrysogonus.
345 1088 377 1118 Is
395 1098 413 1118 a
434 1088 529 1126 vobis,
549 1087 676 1126 judices,
693 1087 750 1118 hoc
771 1087 915 1127 postulat,
937 1092 984 1125 ut,

95 1130 241 1170 quoniam
265 1130 297 1160 in
320 1131 450 1161 alienam
473 1131 645 1171 pecuniam,
668 1136 731 1160 tam
750 1130 873 1170 plenam
893 1136 986 1170 atque

95 1173 283 1212 praeclaram,
300 1173 386 1205 nullo
397 1175 467 1212 jure
481 1174 642 1209 invaserit;
667 1173 873 1214 quoniamque
888 1173 915 1202 ei
930 1183 983 1213 pe-

95 1215 192 1245 cuniae
204 1216 266 1246 vita
275 1217 345 1247 Sex.
358 1217 461 1247 Roscii
469 1218 587 1247 obstare
599 1222 689 1257 atque
699 1216 816 1246 officere
826 1215 961 1247 videatur
972 1226 983 1252 ;

94 1257 218 1289 deleatis
233 1269 270 1289 ex
286 1259 388 1290 animo
403 1270 457 1290 suo
478 1259 678 1300 suspicionem
696 1269 831 1296 omnem,
852 1264 987 1288 metum-

95 1311 156 1342 que
171 1302 291 1332 tollatis.
320 1303 401 1339 Sese,
418 1303 474 1333 hoc
489 1302 647 1340 incolumi,
668 1312 730 1333 non
750 1302 914 1332 arbitratur
927 1301 987 1331 hu·-

92 1344 144 1383 jus
159 1344 324 1375 innocentis
333 1345 552 1386 patrimonium
565 1352 628 1375 tam
640 1346 779 1386 amplum
789 1351 817 1375 et
829 1344 987 1385 copiosum

97 1396 182 1428 posse
202 1388 357 1424 obtinere,
349 1399 356 1407 ·
381 1388 526 1419 damnato
547 1394 575 1419 et
595 1389 700 1427 ejecto,
717 1394 815 1429 sperat
835 1398 865 1418 se
886 1397 984 1428 posse,

96 1430 179 1470 quod
194 1430 320 1472 adeptus
336 1437 379 1461 est
401 1442 454 1472 per
470 1432 577 1469 scelus,
594 1431 625 1461 id
646 1441 699 1472 per
713 1431 870 1461 luxuriam
886 1430 985 1460 effun-

97 1472 166 1503 dere
181 1479 272 1514 atque
287 1484 472 1505 consumere.
518 1475 612 1504 Hunc
622 1474 679 1504 sibi
690 1485 728 1504 ex
744 1474 846 1504 animo
858 1483 984 1514 scrupu-

97 1515 174 1553 lum,
191 1517 244 1557 qui
268 1527 298 1547 se
320 1517 384 1548 dies
408 1523 569 1558 noctesque
589 1517 724 1548 stimulet
746 1527 779 1547 ac
801 1522 929 1557 pungat,
951 1523 987 1547 ut

98 1559 242 1597 evellatis,
258 1561 410 1601 postulat3
430 1567 475 1599 ut,
495 1561 534 1590 ad
549 1561 627 1590 hanc
649 1570 737 1590 suam
757 1559 904 1600 praedam,
921 1565 985 1589 tam

99 1601 256 1640 nefariam,
272 1603 424 1642 adjutores
438 1614 491 1634 vos
506 1603 717 1644 profiteamini.
753 1602 786 1632 Si
801 1602 884 1632 vobis
901 1612 988 1642 aequa

98 1649 128 1674 et
152 1644 277 1676 honesta
296 1646 458 1686 postulatio
484 1646 614 1683 videtur,
639 1645 756 1685 judices
771 1656 782 1681 ς
805 1655 860 1685 ego
884 1651 989 1675 contra

98 1687 221 1717 brevem
235 1689 468 1729 postulationem
483 1689 586 1727 affero,
603 1694 632 1719 et
647 1688 814 1729 (quomodo
828 1687 906 1718 mihi
920 1698 989 1728 per-

100 1730 224 1768 suadeo)
239 1731 395 1772 aliquanto
411 1732 585 1772 aequiorem.

144 1773 180 1802 II
184 1773 210 1803 Ι.
235 1774 376 1805 Primum
390 1785 409 1805 a
424 1775 622 1815 Chrysogono
636 1780 717 1815 peto,
733 1779 768 1804 ut
783 1773 912 1815 pecunia
927 1773 987 1804 for-

101 1815 243 1857 tunisque
257 1818 364 1848 nostris
379 1823 538 1849 contentus
546 1817 595 1857 sit,
609 1817 789 1859 sanguinem
804 1822 834 1848 et
845 1816 939 1848 vitam
951 1826 989 1846 ne
