1181 1902
245 81 295 112 IN
321 81 514 112 VERREM
541 81 607 112 ΠΙ.
631 80 715 111 CAV.
735 81 784 110 13.
893 81 955 110 225

76 171 106 196 et
120 176 190 196 cum
206 166 265 197 iuis
279 178 313 197 ac
329 178 382 208 per
396 177 445 198 eos
460 167 645 208 praedabare,
670 172 699 198 et
713 177 762 197 eos
776 166 809 196 in
824 165 966 196 concione

77 209 198 240 annulis
213 210 310 241 aureis
325 210 478 245 donabas3
503 221 563 241 non
579 211 742 247 statuebas,
762 209 817 239 tibi
835 219 895 239 non
917 219 965 239 so·

74 252 141 282 lum
157 252 194 283 de
209 259 248 290 te,
266 253 316 284 sed
332 253 423 283 etiam
439 253 476 283 de
491 254 615 284 illorum
627 253 725 291 factis,
738 253 886 283 rationem
902 262 965 282 esse

75 295 259 326 reddendam
271 298 284 327 Ρ

118 340 198 368 Cum
214 339 268 369 hos
283 339 340 369 sibi
355 345 488 380 quaestus
503 339 714 377 constituisset,
732 348 859 379 magnos
873 344 965 378 atque

74 382 192 419 uberes,
209 393 246 412 ex
261 383 307 413 his
323 383 430 420 causis,
443 393 519 423 quas
534 383 597 423 ipse
612 382 782 412 instituerat
794 382 825 411 in
841 381 964 411 consilio

76 423 146 457 (hoc
158 432 212 462 est,
223 435 293 455 cum
306 426 361 455 sua
370 426 503 462 cohorte)
517 435 692 466 cognoscere
703 435 712 460 ς
729 431 796 454 tum
809 423 964 454 infinitum

74 477 170 506 genus
190 468 344 499 invenerat
364 469 402 499 ad
423 469 678 499 innumerabilem
695 467 857 508 pecuniam
875 466 966 497 corri-

74 510 226 550 piendam.

117 554 197 583 XII.
221 554 363 585 Dubium
388 555 503 585 nemini
526 561 581 592 est,
604 554 679 595 quin
700 563 805 584 omnes
825 552 964 583 omnium

75 597 212 636 pecuniae
231 598 336 638 positae
357 598 416 628 sint
436 598 467 628 in
489 608 593 628 eorum
614 603 760 639 potestate
782 596 836 637 qui
851 596 966 635 judicia

76 638 161 676 dant,
181 645 211 669 et
231 651 336 671 eorum
358 641 411 682 qui
438 641 597 680 judicant:
623 641 698 682 quin
719 650 809 670 nemo
828 641 965 669 nostrum

76 682 170 722 possit
185 683 262 714 aedes
277 695 357 722 suas,
380 694 470 714 nemo
490 684 634 722 fundum,
656 694 747 714 nemo
768 685 849 713 bona
868 682 966 723 patria

73 725 218 763 obtinere,
235 726 270 764 si,
287 737 358 757 cum
373 727 437 758 haec
449 739 467 758 a
478 727 623 768 quopiam
639 729 770 758 vestrum
785 725 880 766 petita
891 725 963 763 sint,

73 774 182 808 praetor
202 769 371 810 improbus,
394 771 442 801 cui
461 780 551 801 nemo
572 770 754 800 intercedere
774 768 878 809 possit,
901 767 963 806 det,

74 822 167 851 quem
184 813 255 842 velit
273 813 428 852 judicem;
449 813 546 853 judex
567 823 699 854 nequam
724 818 754 843 et
773 812 858 849 levis,
881 810 965 852 quod

73 861 183 894 praetor
191 856 324 894 jusserit,
335 857 459 895 judicet.
484 857 517 888 si
529 867 598 887 vero
610 856 687 887 illud
699 866 821 897 quoque
833 854 963 891 accedet,

75 903 109 926 ut
124 898 155 927 in
171 908 206 928 ea
221 901 311 930 verba
326 906 435 940 praetor
448 900 598 939 judicium
614 900 676 937 det,
697 905 732 929 ut
751 899 797 929 vel
813 898 850 928 L.
868 898 964 928 Octa-

75 940 141 971 vius
162 941 279 972 Balbus
297 943 404 982 judex,
428 943 520 973 homo
541 950 571 973 et
588 943 664 982 juris
685 949 714 973 et
734 942 823 973 officii
846 940 964 982 peritis-

74 983 180 1020 simus,
204 994 265 1015 non
287 987 380 1026 possit
404 986 489 1016 aliter
508 986 663 1026 judicare:
690 985 731 1025 [si
751 985 902 1024 judicium
927 983 965 1014 sit

75 1027 239 1069 ejusmodi]
264 1031 285 1046 “-
302 1029 341 1058 L.
358 1029 504 1060 Octavius
516 1029 613 1068 judex
628 1035 709 1059 esto:
735 1029 760 1058 si
774 1034 869 1068 paret,
892 1026 964 1057 fun-

73 1070 148 1100 dum
165 1071 362 1111 Capenatem,
387 1083 448 1113 quo
469 1072 506 1102 de
521 1073 632 1113 agitur,
657 1083 694 1102 ex
707 1073 777 1110 jure
792 1070 963 1109 Quiritium

74 1112 110 1143 P.
127 1113 246 1144 Servilii
261 1125 334 1152 esse,
358 1125 457 1156 neque
471 1115 496 1145 is
510 1115 625 1146 fundus
640 1116 681 1153 Q.
695 1115 807 1145 Catulo
827 1113 965 1144 restitue-

74 1157 167 1192 tur;''
189 1166 251 1187 non
272 1167 389 1188 necesse
409 1159 464 1188 erit
485 1158 523 1188 1..
541 1158 669 1189 Octavio
687 1158 783 1197 judici
804 1167 908 1197 cogere
926 1156 961 1186 P.

74 1199 238 1230 Servilium
270 1200 311 1238 Q.
336 1201 447 1232 Catulo
468 1201 599 1231 fundum
625 1201 790 1238 restituere,
816 1206 870 1230 aut
892 1209 963 1230 con-

73 1242 216 1273 demnare
236 1254 318 1281 eum,
343 1255 435 1285 quem
460 1254 520 1275 non
544 1246 704 1285 oporteat?
729 1242 964 1283 Ejusdemmodi

72 1292 171 1316 totum
184 1287 235 1325 jus
249 1288 436 1327 praetorium,
458 1288 678 1327 ejusdemmodi
699 1286 798 1317 omnis
818 1296 863 1316 res
880 1285 964 1324 judi-

71 1328 163 1359 ciaria
183 1328 243 1358 fuit
262 1329 294 1359 in
317 1330 418 1360 Sicilia
438 1341 492 1371 per
512 1330 688 1367 triennium,
712 1330 807 1360 Verre
826 1334 963 1370 praetore.

73 1372 203 1402 Decreta
218 1373 385 1411 ejusmodi:
412 1376 434 1392 “
448 1374 480 1404 Si
496 1383 557 1403 non
573 1373 691 1414 accipit,
711 1373 794 1413 quod
809 1378 838 1402 te
853 1372 962 1402 debere

72 1414 157 1452 dicis,
182 1426 320 1446 accuses:
345 1417 370 1446 si
393 1417 479 1458 petit,
505 1417 630 1446 ducas.’'
654 1416 690 1446 C.
712 1415 866 1446 Fuficium
890 1415 962 1445 duci

69 1458 159 1496 jussit
174 1459 344 1499 petitorem,
369 1460 406 1490 L.
421 1459 572 1497 Suetium,
597 1459 635 1489 L.
649 1459 813 1489 Racilium.
837 1457 963 1488 Judicia

72 1501 268 1540 hujusmodi:
294 1505 316 1519 “
330 1502 395 1540 Qui
406 1503 484 1533 cives
500 1502 634 1532 Romani
649 1508 744 1539 erant,
768 1502 793 1532 si
809 1501 903 1532 Siculi
918 1511 964 1531 es-

72 1550 149 1580 sent,
163 1552 229 1575 tum
242 1544 266 1574 si
278 1555 382 1576 eorum
398 1547 515 1586 legibus
527 1545 598 1575 dare
609 1550 765 1586 oporteret.
783 1545 848 1583 Qui
858 1544 964 1581 Siculi,

72 1587 97 1617 si
118 1588 196 1619 cives
218 1588 351 1619 Romani
375 1589 505 1620 essent.''
538 1588 667 1627 Verum,
689 1594 725 1618 ut
748 1593 847 1618 totum
867 1597 964 1627 genus

72 1631 315 1671 complectamini
337 1633 544 1672 judiciorum3
574 1632 657 1672 prius
680 1632 751 1671 jura
776 1630 961 1667 Siculorum,

73 1672 182 1704 deinde
195 1674 281 1704 istius
296 1675 445 1712 instituta,
462 1675 638 1715 cognoscite.

116 1716 215 1748 XIII.
239 1717 334 1749 Siculi
357 1718 414 1750 hoc
436 1719 504 1758 jure
525 1723 606 1756 sunt,
627 1724 673 1756 ut,
695 1717 778 1758 quod
799 1716 871 1748 civis
893 1726 965 1747 cum
