1181 1902
145 182 236 215 PRO
259 181 425 215 ROSCIO
448 181 684 214 AMERINO.
712 181 863 214 CAPAO.
906 182 949 219 73

59 274 217 299 mortuum
233 269 385 306 affecerit;
408 269 434 300 is
448 269 527 299 inter
540 269 681 300 honestos
695 268 845 307 homines,
857 274 951 310 atque

56 312 132 342 adeo
146 312 224 342 inter
239 312 332 349 vivos,
349 313 559 343 numerabitur
569 314 583 343 Ρ
609 312 646 342 Ι11
658 312 795 342 minimis
811 312 951 353 privatis-

58 365 118 395 que
139 357 238 392 rebus,
255 355 346 386 etiam
362 355 568 396 negligentia'
560 365 591 385 111
607 355 720 385 crimen
736 356 909 392 mandati,'
898 366 951 395 Ju-

55 398 187 439 diciique
216 398 386 434 infamiam,
417 404 583 434 revocatur,
612 404 770 439 propterea
800 399 893 439 quod,
924 398 950 429 si

56 447 135 471 recte
150 441 213 477 fiat,
231 442 319 471 illum
332 442 482 482 negligere
492 448 638 482 oporteat,
649 441 702 481 qui
712 441 875 479 mandarit,
887 451 949 472 non

56 483 146 513 illum
172 485 226 525 qui
250 484 431 514 mandatum
456 485 618 532 receperit.
644 485 676 514 in
700 495 732 514 re
756 485 852 522 tanta,
878 495 950 526 quae

56 527 178 567 publice
193 534 277 568 gesta
291 534 383 568 atque
399 538 558 558 commissa
574 527 622 565 sit,
639 527 693 568 qui
709 537 770 557 non
791 528 949 568 negligen-

57 568 99 599 tia
113 578 267 610 prlvatum
279 570 402 611 aliquod
415 570 610 601 commodum
625 570 746 607 laeserit,
759 570 810 600 sed
822 571 950 611 perfidia.

55 612 215 652 legationis
242 613 336 654 ipsius
362 613 567 644 caerimoniam
591 613 743 654 polluerit,
767 614 950 655 maculaque

55 656 206 692 affecerit,
231 656 292 697 qua
315 657 340 687 is
361 657 484 687 tandem
507 656 596 698 poena
616 656 762 687 afficietur
775 658 789 687 Ρ
812 663 866 687 aut
885 666 949 698 quo

54 699 170 738 judicio
186 700 405 730 damnabitur?

100 742 133 772 Si
148 743 225 773 hanc
245 743 272 773 ei
293 754 357 773 rem
378 743 518 784 privatim
541 744 611 774 Sex.
630 743 759 774 Roscius
774 742 948 774 mandavis-

52 791 109 823 set,
127 792 161 815 ut
176 796 246 816 cum
263 786 461 827 Chrysogono
477 787 653 827 transigeret
674 794 765 827 atque
785 787 946 824 decideret,

52 828 146 869 inque
162 839 229 859 eam
245 840 309 859 rem
325 830 416 859 fidem
432 840 531 867 suam,
548 830 573 860 si
588 830 664 870 quid
681 840 757 870 opus
778 840 840 860 esse
856 836 946 870 puta-

54 877 110 908 ret,
127 872 347 913 interponeret;
372 873 435 909 ine,
452 873 506 913 qui
521 883 583 903 sese
603 873 756 903 facturum
776 873 947 913 recepisset,

55 923 168 952 nonne,
185 916 209 946 si
225 926 262 946 ex
278 927 312 946 eo
328 916 447 956 negotio
463 917 617 946 tantulum
637 916 670 945 in
685 926 750 946 rem
768 926 855 946 suam
876 926 948 946 con-

57 958 203 995 vertisset,
220 959 382 989 damnatus
397 969 450 999 per
466 959 625 995 arbitrum,
643 965 673 989 et
687 969 751 989 rem
766 959 947 996 restitueret,

55 1006 86 1031 et
100 1001 288 1032 honestatem
304 1013 426 1032 omnem
442 1002 618 1032 amitteret?
643 1002 674 1032 N
677 1012 737 1032 unc
752 1011 812 1032 non
825 1002 904 1032 hanc
919 1002 947 1033 ei

55 1054 120 1074 rem
142 1046 212 1075 Sex.
236 1045 363 1076 Roscius
389 1045 566 1081 mandavit3
590 1045 641 1075 sed
668 1045 724 1083 (id,
741 1045 823 1085 quod
848 1046 948 1076 multo

54 1088 176 1127 gravius
192 1094 248 1125 est)
264 1088 328 1129 ipse
348 1090 418 1119 Sex.
437 1088 576 1125 Roscius,
593 1098 664 1118 cum
685 1087 778 1125 fama,
798 1087 870 1125 vit-51,
891 1090 947 1119 bo-

54 1130 163 1171 nisque
178 1132 331 1169 omnibus,
343 1142 360 1162 a
372 1131 584 1162 decurionibus
599 1131 720 1172 publice
736 1131 846 1161 Roscio
858 1142 948 1162 man-

54 1173 144 1204 datus
160 1181 224 1205 est:
250 1181 279 1205 et
299 1185 337 1205 ex
358 1185 392 1205 eo
407 1174 447 1204 T.
466 1174 594 1204 Roscius
614 1184 675 1204 non
696 1175 826 1215 paulum
846 1175 947 1205 nescio

53 1217 130 1257 quid
145 1217 176 1247 in
192 1228 256 1248 rem
272 1229 359 1248 suam
374 1217 530 1253 convertit,
547 1217 599 1247 sed
613 1217 695 1247 hunc
710 1217 849 1247 funditus
864 1228 948 1248 ever-

53 1260 90 1289 tit
105 1260 210 1291 bonis:
235 1261 298 1302 ipse
314 1261 371 1291 tria
386 1261 499 1302 praedia
514 1261 571 1291 sibi
585 1260 729 1301 depactus
750 1266 812 1290 est:
837 1261 948 1291 volun-

52 1308 148 1333 tatem
164 1304 360 1334 decurionum
377 1315 411 1334 ac
426 1304 618 1345 municipum
629 1303 769 1334 omnium
784 1303 945 1343 tantidem,

55 1347 163 1387 quanti
178 1347 270 1377 fidem
286 1358 385 1386 suam,
402 1347 480 1378 fecit.

96 1389 170 1420 XL.
194 1391 305 1421 Videte
317 1392 383 1430 jam
398 1401 487 1432 porro
502 1396 618 1428 caetera,
633 1390 760 1431 judices,
777 1395 812 1420 ut
832 1390 947 1421 intelli-

52 1433 143 1473 gatis,
160 1433 234 1474 fingi
255 1434 440 1465 maleficium
461 1435 583 1464 nullum
604 1445 701 1475 posse,
724 1444 785 1482 quo
807 1433 864 1464 iste
884 1444 947 1464 sese

53 1485 114 1506 non
126 1476 347 1507 contaminarit.
372 1478 411 1507 In
420 1478 512 1508 rebus
523 1478 692 1507 minoribus
702 1477 817 1507 socium
829 1476 946 1516 fallere,

52 1519 264 1560 turpissimum
281 1527 334 1557 est,
352 1531 499 1561 aequeque
514 1526 613 1561 turpe,
630 1526 722 1561 atque
733 1520 822 1558 illud,
836 1520 874 1550 de
884 1531 946 1560 quo

53 1570 123 1592 ante
138 1563 224 1594 dixi:
249 1574 348 1604 neque
363 1564 494 1603 injuria;
518 1570 677 1604 propterea
691 1563 774 1604 quod
792 1563 945 1594 auxilium

54 1605 111 1636 sibi
132 1616 163 1636 se
186 1613 274 1647 putat
294 1607 479 1646 adjunxisse,
496 1607 550 1648 qui
570 1617 641 1637 cum
662 1607 756 1637 altero
775 1616 841 1636 rem
863 1616 948 1636 com-

53 1649 230 1680 municavit.
262 1650 316 1680 Ad
337 1651 424 1689 cujus
450 1650 543 1691 igitur
570 1650 662 1680 fidem
686 1648 851 1690 confugiet,
874 1659 947 1680 cum

53 1702 106 1732 per
122 1693 186 1731 ejus
202 1693 294 1723 fidem
310 1693 441 1731 laeditur,
455 1693 504 1724 cui
517 1704 547 1723 se
562 1693 770 1723 commiserit?
794 1692 895 1733 Atqui
911 1703 947 1723 ea

52 1741 124 1765 sunt
140 1736 407 1767 animadvertenda
426 1742 549 1777 peccata
566 1736 713 1773 maxime,
736 1746 805 1776 quae
825 1735 946 1766 difficil-

51 1777 124 1808 lime
139 1786 354 1819 praecaventur.
388 1779 476 1810 Tecti
497 1790 559 1810 esse
579 1779 617 1810 ad
633 1780 746 1809 ah‘enos
761 1789 922 1819 possumus
934 1790 943 1808 z

51 1820 152 1851 intimi
168 1823 267 1853 multa
281 1823 430 1863 apertiora
450 1823 583 1860 videant,
600 1832 719 1853 necesse
740 1827 803 1852 est:
829 1822 945 1852 socium

52 1874 122 1895 vero
147 1875 250 1896 cavere
271 1868 325 1902 qui
346 1866 530 1902 possumus?
553 1876 646 1902 quem
671 1865 764 1896 etiam
784 1865 809 1896 si
832 1865 945 1895 metui-
