1181 1902
274 62 325 94 IN
348 61 545 94 VERREM
570 61 611 92 V.
635 61 719 93 Cn.
744 62 797 92 34.
916 62 978 92 419

88 155 226 194 portatur
241 149 418 190 Segestam:
443 148 475 179 in
487 148 548 179 suis
560 148 693 196 antiquis
708 147 840 186 sedibus,
857 147 979 179 summa

89 204 160 225 cum
175 192 376 234 gratulatione
393 191 505 222 civium
525 198 556 221 et
572 190 690 229 laetitia,
710 191 876 232 reponitur.
900 191 978 222 Haec

90 242 153 267 erat
178 235 276 277 posita
299 236 441 275 Segestae,
466 244 538 264 sane
563 234 681 265 excelsa
706 234 738 264 in
762 234 838 271 basi,
862 234 894 265 in
917 245 979 276 qua

89 279 255 320 grandibus
279 278 373 308 literis
395 278 430 307 P.
447 277 588 307 Africani
612 287 724 307 nomen
748 283 811 308 erat
834 278 977 316 incisum,

89 332 221 362 eumque
247 321 431 361 Carthagine
454 320 542 361 capta.
567 320 741 358 restituisse,
765 321 978 361 perscriptum.

91 365 256 395 Colebatur
271 374 288 393 a
303 364 419 394 civibus
434 374 442 393 ε
466 364 505 393 ab
521 363 663 393 omnibus
678 364 801 394 advenis
816 364 978 394 visebatur.

92 408 174 439 Cum
190 412 321 448 quaestor
341 417 448 444 essem,
470 406 548 436 nihil
563 406 640 436 mihi
660 408 698 437 ab
719 407 779 437 illis
795 412 839 437 est
853 407 981 438 demon-

90 456 220 481 stratum
235 450 328 490 prius.
352 449 429 479 Erat
444 449 611 479 admodum
627 449 766 490 amplum
782 455 811 479 et
826 451 981 481 excelsum

88 494 212 534 signum
228 503 299 523 cum
320 492 416 522 stola:
442 498 651 522 verumtamen
666 492 763 522 inerat
777 492 810 522 in
824 493 879 523 ina
893 503 981 534 mag-

89 536 229 567 nitudine
245 542 315 566 aetas
335 541 426 577 atque
437 535 560 565 habitus
576 535 741 576 virginalis.
765 536 891 576 Sagittae
905 547 981 577 pen-

89 580 202 610 debant
216 580 254 609 ab
270 579 398 608 humero
411 590 419 608 ε
444 578 565 608 sinistra
579 588 673 608 manu
689 579 838 609 retinebat
852 589 977 610 arcum:

88 622 196 653 dextra
210 621 366 652 ardentem
383 621 479 652 facem
494 621 681 662 praeferebat.

133 665 225 696 Hanc
240 675 310 695 cum
326 665 392 702 iste,
409 675 562 695 sacrorum
577 664 717 694 omnium
738 664 843 701 hostis,
859 665 981 706 reli'gio-

88 718 227 749 numque
250 708 364 748 praedo,
386 708 529 743 vidisset3
553 707 640 748 quasi
663 708 717 738 illa
740 707 803 748 ipse
823 707 888 738 face
912 719 981 749 per-

87 762 193 782 cussus
216 757 303 789 esset,
328 751 370 780 ita
396 750 521 791 flagrare
546 750 710 791 cupiditate
730 757 822 791 atquc
845 751 980 782 amentia

88 795 186 835 coepit.
212 794 348 834 Imperat
368 793 607 834 magistratibus,
628 800 664 823 ut
680 804 746 824 eam
762 794 978 833 demoliantur,

86 843 119 868 et
146 837 203 868 sibi
229 836 321 867 dent:
346 836 423 866 nihil
448 836 504 866 sibi
533 836 647 877 gratius
674 837 804 867 ostendit
827 837 978 868 futurum.

88 880 142 910 Illi
157 890 226 911 vero
241 880 350 917 dicere,
360 879 392 909 id
407 879 465 910 sibi
479 879 564 909 nefas
579 890 641 910 esse
654 891 664 916 ς
689 890 791 921 seque,
808 890 878 910 cum
894 890 980 910 sum-

88 924 141 954 ma
164 923 319 963 religione,
342 928 410 952 tum
434 932 556 953 summo
570 929 656 953 metu
675 923 781 963 legum
798 929 828 953 et
847 923 978 963 judicio-

87 977 169 1005 rum,
191 966 295 996 teneri.
321 965 383 996 Iste
403 971 471 996 tum
492 971 593 1006 petere
613 968 652 996 ab
670 966 744 1003 illis,
769 972 836 996 tum
854 967 977 1005 minari,

88 1015 156 1040 tum
170 1019 267 1050 spem,
283 1014 351 1039 tum
371 1015 502 1046 metum,
518 1009 682 1040 ostendere.
707 1009 914 1050 Opponebant
933 1009 981 1040 illi

88 1053 243 1083 interdum
261 1062 372 1082 nomen
396 1051 559 1082 Africani:
582 1052 700 1083 donum
720 1053 827 1094 populi
842 1053 979 1083 Romani

88 1095 166 1126 illud
187 1106 248 1126 esse
263 1095 422 1126 dicebant:
448 1095 526 1125 nihil
542 1105 573 1125 se
587 1095 619 1126 in
635 1106 670 1126 eo
685 1096 840 1136 potestatis
854 1096 977 1135 habere,

86 1139 170 1180 quod
196 1139 360 1179 imperator
385 1138 580 1174 clarissimus,
611 1140 687 1169 urbe
711 1139 846 1169 hostium
876 1140 977 1180 capta,

86 1182 312 1212 monimentum
328 1181 460 1212 victoriae
474 1181 581 1222 populi
597 1182 733 1212 Romani
747 1192 810 1212 esse
825 1182 977 1213 voluisset.

87 1225 169 1255 Cum
185 1225 241 1255 iste
261 1225 358 1255 nihilo
373 1225 538 1262 remissius,
560 1230 652 1266 atque
668 1225 759 1256 etiam
774 1225 873 1256 multo
889 1225 979 1256 vehe-

87 1268 232 1305 mentius,
261 1268 388 1298 instaret
417 1267 570 1309 quotidie3
594 1279 640 1298 res
670 1268 771 1309 agitur
799 1268 830 1298 in
861 1274 977 1299 senatu.

88 1311 294 1342 Vehementer
320 1312 358 1341 ab
387 1311 531 1341 omnibus
560 1312 751 1342 reclamatur.
790 1311 900 1353 Itaque
925 1311 979 1342 illo

87 1360 234 1395 tempore,
247 1364 282 1384 ac
299 1354 400 1394 primo
414 1354 501 1384 istius
511 1354 655 1392 adventu,
672 1360 864 1395 pernegatur.
890 1354 979 1385 Post-

89 1407 134 1435 ea,
160 1397 311 1439 quidquid
341 1402 404 1427 erat
430 1397 528 1428 oneris
554 1398 585 1427 in
617 1398 717 1428 nautis
751 1397 979 1439 remigibusque

87 1440 254 1481 exigendis,
271 1440 302 1470 in
319 1439 473 1471 frumento
488 1440 678 1481 imperando,
703 1441 884 1513 Segestanis,
900 1452 979 1482 prae-

84 1489 131 1514 ter
160 1489 292 1523 caeteros,
323 1483 501 1524 imponebat
526 1484 683 1525 aliquanto
712 1484 807 1525 ampli
809 1495 855 1522 us,
884 1494 979 1525 quam

85 1527 163 1558 ferre
188 1532 318 1574 possent.
344 1527 494 1557 Praeterea
518 1527 713 1568 magistratus
742 1537 847 1557 eorum
874 1538 978 1558 evoca-

86 1571 160 1600 bat.
185 1566 338 1611 optimum
354 1580 508 1619 quemque
531 1576 560 1601 et
580 1570 803 1601 nobilissimum
824 1570 863 1601 ad
879 1581 910 1601 se
930 1581 978 1601 ar-

85 1615 237 1644 cessebat:
262 1613 375 1644 circum
402 1614 506 1643 omnia
531 1614 694 1654 provinciae
722 1614 789 1644 fora
817 1614 975 1655 rapiebat:

86 1656 265 1698 singillatim
289 1656 454 1697 unicuique
480 1657 647 1688 calamitati
672 1657 736 1688 fore
759 1667 791 1688 se
816 1656 978 1688 denuntia„

83 1700 156 1730 bat:
181 1699 353 1730 universam
373 1710 404 1730 se
432 1699 572 1731 funditus
597 1700 684 1731 illam
709 1710 885 1732 eversurum
915 1711 978 1731 esse

83 1742 235 1774 civitatem
243 1743 427 1774 minabatur.
447 1743 556 1784 Itaque
566 1743 742 1785 aliquando,
756 1743 862 1775 multis
873 1743 975 1782 malis,
