1181 1902
262 88 317 125 ‚IN
343 88 538 120 VERREM
563 89 629 120 111.
654 89 737 120 CAP.
757 91 809 120 23.
914 81 980 121 ⁴235

81 184 143 207 ‚vos
158 179 321 214 ‚praetoreui
345 181 408 205 tam
432 175 635 216 palaestricum
650 175 787 211 vidistis;
812 186 917 207 verum
937 177 980 207 ita

93 216 270 256 palaestritas
285 217 475 255 defendebat,
492 224 527 248 ut
541 220 579 249 ab
595 218 655 248 iuis
675 219 738 259 ipse
753 219 870 249 unctior
885 218 980 250 disce--

87 258 179 289 deret.
204 260 269 297 Qui
290 261 402 298 statim,
424 271 494 291 cum
519 262 731 301 praesensisset,
754 262 842 300 jubet
856 262 977 293 cuidam

87 312 211 332 suorum
228 303 393 333 amicorum
406 304 560 334 numerari
573 304 629 334 Hs
642 304 781 334 LXXX.
806 305 867 335 Res
879 306 978 336 occul-

87 345 144 374 tari
160 346 230 376 satis
246 356 306 376 non
321 356 416 387 posse.
440 347 500 376 Per
515 346 680 387 quemdam
696 357 800 377 eorum
814 348 867 388 qui
883 348 977 379 inter-

86 387 196 425 fuerat,
214 389 248 418 fit
264 389 418 429 Epicrates
433 389 549 420 certior.
574 390 679 419 Primo
695 390 846 430 negligere
863 397 891 420 et
907 401 978 421 con-

86 436 220 462 temnere
243 432 342 472 coepit‚
368 433 451 473 quod
471 443 560 462 causa
583 443 716 473 prorsus,
740 433 823 473 quod
843 433 976 464 dubitari

86 480 197 514 posset,
220 475 298 505 nihil
320 475 458 505 habebat.
483 475 614 513 Deinde,
631 485 702 505 cum
717 475 754 505 de
771 475 913 506 Heraclio
929 487 978 507 co-

86 516 205 556 gitaret‚
231 523 260 548 et
282 518 368 548 istius
387 518 546 548 libidinem
562 520 673 555 nosset,
695 518 976 550 commodissimum

75 560 204 599 ⁴putavit
226 571 288 591 esse
307 561 344 591 de
364 561 518 602 provincia
542 561 621 591 clam
636 560 733 592 abire:
759 561 876 602 ita-que
896 562 976 593 fecit.

88 602 243 633 Profectus
259 610 302 634 est
317 604 484 644 Rhegium.

128 645 263 676 XXIII.
287 646 380 684 Quod
396 648 450 678 ubi
464 647 604 677 auditum
623 653 678 683 est,
695 653 820 678 aestuare
840 647 897 685 iffi,
921 649 976 689 qui

85 688 228 719 dederant
242 690 422 730 pecuniam:
447 696 555 731 putare
574 690 652 720 nihil
667 690 716 730 agi
736 701 832 731 posse,
854 692 977 722 absente

85 731 245 772 Epicrate:
270 743 341 762 nam
354 733 513 764 Heraclius
528 739 596 763 tum
606 733 744 770 affuerat,
758 744 828 763 cum
840 734 976 774 primum

86 774 149 804 dati
164 782 235 805 sunt
246 775 382 815 judices:
407 776 445 806 de
459 777 527 815 hoc,
544 776 609 817 qui,
626 781 790 816 antequam
806 777 837 806 in
855 778 906 816 jus
922 777 977 807 ad-

83 817 161 847 itum
183 824 268 855 esset,
294 825 458 860 antequam
482 819 614 859 denique
637 819 752 849 mentio
768 820 975 850 controversiae

84 860 164 890 facta
179 867 265 897 esset,
278 861 466 899 discessisset,
479 863 630 903 putabant
640 862 717 892 nihil
729 862 779 903 agi
788 873 882 903 posse.
907 863 975 894 Ηο-

85 903 182 934 mines
210 904 366 945 Rhegium
393 905 641 946 proficiscuntur:
666 904 842 946 Epicratem
866 916 974 936 conve-

85 947 194 977 niunt:
219 947 428 978 demonstrant
452 948 508 986 (id,
525 948 608 989 quod
631 948 683 978 ille
707 948 831 985 sciebat)
858 959 889 979 se
915 949 973 980 Hs

85 989 214 1020 LXXX
235 990 369 1021 dedisse:
394 998 502 1032 rogant
517 1001 599 1028 eum,
615 997 651 1021 ut
672 991 714 1029 id,
734 991 816 1031 quod
838 993 876 1021 ab
899 991 973 1032 ipsis

82 1033 195 1063 abisset
209 1033 356 1073 pecuniae,
373 1040 474 1064 curet:
500 1035 538 1064 ab
557 1045 619 1064 sese
638 1040 751 1071 caveat,
773 1034 972 1075 quemadmo-

82 1075 157 1106 dum
174 1076 257 1113 velit‚
283 1077 320 1107 de
332 1077 385 1107 ill-:2
396 1077 569 1107 haereditate
581 1087 651 1107 cum
664 1077 807 1117 Epicrate
816 1077 972 1108 neminem

82 1129 144 1149 esse
167 1125 316 1149 acturum.
349 1120 507 1161 Epicrates
522 1120 661 1150 homines
676 1120 781 1150 multis
794 1121 892 1150 verbis
907 1131 924 1151 a
940 1132 972 1151 se

80 1161 161 1192 male
170 1168 305 1203 acceptos
315 1163 430 1194 dimisit
441 1175 448 1193 :
467 1163 594 1193 redeunt
602 1163 647 1193 1111
659 1163 780 1203 Rhegio
790 1165 970 1203 Syracusas:

79 1205 165 1245 queri
172 1215 241 1235 cum
253 1206 369 1244 multis,
380 1206 422 1236 ita
428 1212 463 1236 ut
469 1206 514 1243 fit,
524 1206 685 1247 incipiunt,
696 1217 758 1236 sese
771 1206 827 1237 Hs
840 1207 970 1237 LXXX

79 1250 242 1278 nummum
257 1248 370 1279 frustra
384 1249 509 1279 dedisse.
534 1250 598 1280 Res
606 1249 795 1290 percrebuit:
820 1249 850 1279 in
864 1260 914 1280 ore
925 1256 971 1280 at-

68 1302 138 1332 que
154 1301 290 1321 sermone
304 1292 443 1322 omnium
458 1293 547 1333 coepit
562 1303 633 1323 esse.
657 1292 767 1322 Verres
779 1292 869 1322 refert
883 1293 969 1323 illam

68 1345 166 1370 ‚suam
182 1335 422 1375 Syracusanam:
448 1335 490 1365 ait
505 1346 536 1366 se
550 1336 627 1366 velle
643 1335 680 1365 de
694 1335 754 1365 illis
769 1335 826 1365 Hs
838 1335 969 1366 LXXX

78 1386 270 1418 cognoscere:
294 1378 420 1409 advocat
434 1379 556 1409 multos.
581 1378 699 1408 Dicunt
714 1378 820 1408 Bidini
829 1378 970 1409 Volcatio

77 1431 108 1450 se
122 1420 252 1450 dedisse:
269 1421 348 1452 illud
357 1431 418 1452 non
429 1421 557 1459 addunt,
571 1423 658 1461 jussu
673 1421 768 1451 istius.
793 1421 969 1452 Volcatium

79 1469 164 1494 vocat
177 1475 184 1493 :
209 1464 370 1504 pecuniam
391 1464 495 1495 referri
514 1465 653 1506 imperat.
683 1465 841 1495 Volcatius
865 1465 968 1495 animo

79 1506 251 1547 :equissimo
266 1517 409 1538 nummos
424 1507 522 1545 affert,
541 1508 596 1548 qui
610 1507 688 1538 nihil
703 1507 854 1538 amitteret
868 1519 875 1537 :
900 1508 968 1538 red-

79 1549 134 1584 dit,
151 1550 388 1590 inspectantibus
398 1551 504 1580 multis
516 1562 523 1580 :
541 1550 647 1581 Bidini
658 1560 802 1581 nummos
814 1550 965 1581 auferunt.

122 1592 212 1622 Dicet
222 1593 343 1634 aliquis,
368 1596 391 1611 “
421 1593 490 1623 inid
505 1604 576 1634 ergo
590 1594 623 1624 in
637 1594 695 1624 hoc
718 1594 846 1624 Verrem
867 1604 967 1634 repre-

79 1635 197 1672 hendis,
210 1636 264 1676 qui
276 1646 336 1666 non
351 1637 443 1667 modo
457 1637 522 1677 ipse
537 1637 586 1667 fur
601 1647 662 1667 non
678 1643 733 1674 est,
751 1636 802 1666 sed
817 1646 855 1666 ne
870 1637 965 1667 alium

80 1678 202 1718 quidem
213 1689 318 1719 passus
330 1686 374 1710 est
389 1691 450 1710 esse
463 1680 501 1711 ?''
523 1680 700 1710 Attendite:
716 1681 780 1719 jam
794 1679 968 1720 intelh'getis

79 1721 157 1751 hanc
173 1722 343 1761 pecuniam,
360 1723 422 1764 qua
439 1724 488 1754 via
502 1723 594 1753 modo
607 1723 670 1754 visa
688 1729 731 1753 est
747 1723 827 1753 exire
843 1724 880 1752 ab
896 1723 966 1759 visto,

79 1764 183 1795 cadem
199 1765 306 1796 semita
318 1766 480 1797 revertisse.
505 1766 590 1804 Quid
603 1767 706 1797 enim?
730 1765 834 1797 debuit
846 1771 966 1806 praetor,
