1181 1902
226 78 288 110 414
414 76 465 106 IN
489 74 684 106 VERREM
709 74 749 106 V.
773 74 856 106 CAP.
879 76 930 107 29.

228 161 386 193 ostendere
407 172 442 192 ac
463 161 596 202 proferre
611 161 794 197 voluerunt3
818 166 854 191 ut
873 167 902 191 et
921 160 1117 201 magnificen-

230 206 291 236 tius
308 205 469 240 videretur,
486 215 557 234 cum
573 214 627 234 suo
642 210 777 244 tempore
792 204 823 233 in
839 204 915 234 cella
930 204 1017 234 Jovis
1029 204 1120 244 Opti-

233 248 276 278 mi
300 247 435 278 Maximi
456 253 628 287 poneretur,
646 253 675 277 et
697 247 817 283 clarius,
834 257 904 276 cum
927 247 1122 287 pulchritudo

231 292 297 330 ejus
312 301 414 321 recens
430 291 468 320 ad
484 290 585 320 oculos
600 289 761 319 hominum
777 296 869 330 atque
889 289 1006 329 integra
1016 300 1120 330 perve-

230 334 318 364 niret.
344 334 522 364 Statuerunt
537 332 569 362 id
585 343 686 362 secum
696 333 727 362 in
740 332 859 372 Syriam
875 338 1025 372 reportare
1038 343 1047 368 ς
1071 338 1117 370 ut,

232 387 304 407 cum
327 376 493 413 audissent,
516 375 712 405 simulacrum
735 375 822 405 Jovis
843 375 964 415 Optimi
986 375 1120 405 Maximi

233 419 418 455 dedicatum,
429 419 543 459 legatos
556 418 721 455 mitterent,
735 418 799 458 qui,
813 428 882 448 cum
896 418 1007 448 caeteris
1019 420 1119 455 rebus,

234 462 312 491 illud
328 472 450 502 quoque
473 461 621 491 eximium
642 467 733 501 atque
750 461 991 501 pulcherrimum
1006 460 1121 491 donum

234 505 267 534 in
283 504 470 545 Capitolium
486 504 634 534 afferrent.
659 504 800 534 Pervenit
816 514 861 533 res
873 503 911 533 ad
926 503 1011 533 istius
1023 514 1120 540 aures,

235 548 335 578 nescio
360 547 531 588 quomodo:
557 557 629 576 nam
651 557 704 576 rex
728 547 859 577 celatum
880 547 1035 582 voluerat3
1059 557 1120 577 non

236 601 298 631 quo
314 590 482 631 quidquam
498 595 656 625 metueret,
673 595 726 619 aut
741 589 952 629 suspicaretur,
969 589 1020 619 sed
1035 595 1070 619 ut
1084 599 1123 620 ne

236 633 329 663 multi
348 633 427 663 illud
450 639 519 662 ante
539 632 725 672 perciperent
747 632 852 669 oculis,
877 642 969 672 quam
990 633 1122 672 populus

236 676 405 706 Romanus.
432 676 493 705 Iste
508 675 583 715 petit
603 686 620 704 a
635 686 715 715 rege,
732 681 761 704 et
776 685 846 704 eum
866 675 1005 715 pluribus
1025 676 1123 705 verbis

235 724 333 758 rogat,
349 725 384 748 ut
404 718 435 747 id
451 718 489 747 ad
510 729 540 747 se
555 718 676 747 mittat:
701 728 809 758 cupere
831 728 861 747 se
880 718 952 747 dicit
966 718 1121 758 inspicere,

236 771 335 802 neque
351 772 381 790 se
394 760 459 790 aliis
469 760 591 790 videndi
606 767 784 800 potestatem
797 770 860 790 esse
874 760 1035 790 facturum.

280 804 464 840 Antiochus,
487 803 540 843 qui
564 804 666 833 animo
691 809 720 832 et
742 802 850 843 puerili
875 809 950 833 esset
976 809 1005 833 et
1028 804 1121 843 regio,

236 846 315 876 nihil
339 846 376 876 de
401 846 487 876 istius
507 846 700 886 improbitate
721 845 888 886 suspicatus
909 852 970 875 est:
995 846 1124 886 imperat

239 889 312 927 suis,
329 895 363 918 ut
387 888 418 918 id
433 889 464 918 in
487 889 663 929 praetorium
682 888 854 918 involutum
875 898 968 929 quam
989 889 1126 919 occultis-

238 932 314 961 sime
329 931 487 961 deferrent.
511 932 584 969 Quo
599 938 795 972 posteaquam
811 932 989 967 attulerunt,
1006 932 1125 961 involu-

240 975 358 1015 crisque
384 975 498 1013 rejectis
527 975 758 1010 constituerunt,
788 974 843 1004 iste
866 975 995 1004 clamare
1025 975 1123 1015 coepit,

240 1017 365 1058 dignam
381 1027 445 1047 rem
461 1027 522 1047 esse
537 1027 629 1057 regno
639 1017 745 1057 Syriae,
758 1017 882 1058 dignam
895 1017 976 1057 regio
988 1027 1124 1055 munere,

240 1060 365 1100 dignam
390 1060 550 1100 Capitolio.
574 1060 699 1090 Etenim
726 1067 788 1090 erat
818 1070 852 1090 eo
879 1060 1046 1100 splendore,
1072 1061 1125 1101 qui

241 1113 280 1133 ex
296 1103 468 1133 clarissimis
484 1109 512 1133 et
527 1103 739 1143 pulcherrimis
754 1102 883 1143 gemmis
898 1113 960 1133 esse
975 1103 1122 1139 debebat;

240 1146 277 1176 ea
301 1146 443 1176 varietate
465 1156 603 1186 operum,
625 1152 659 1175 ut
682 1156 730 1176 ars
749 1152 861 1176 certare
884 1146 1034 1176 videretur
1056 1156 1127 1177 cum

240 1189 348 1229 copia;
374 1187 408 1218 ea
422 1188 644 1229 magnitudine,
664 1195 700 1219 ut
722 1189 851 1229 intelligi
869 1195 978 1229 posset,
1004 1199 1064 1219 non
1087 1190 1126 1219 ad

240 1231 402 1262 hominum
417 1238 610 1272 apparatum,
622 1232 672 1262 sed
684 1231 722 1261 ad
732 1232 911 1272 amplissimi
923 1232 1029 1272 templi
1039 1242 1127 1262 orna-

241 1281 393 1312 mentum,
421 1285 482 1304 esse
505 1274 630 1305 factum.
660 1274 754 1312 Quod
778 1285 848 1305 cum
874 1275 945 1305 satis
967 1275 1033 1314 jam
1058 1286 1126 1315 per-

240 1318 374 1358 spexisse
399 1317 560 1355 videretur,
591 1317 694 1348 tollere
719 1317 879 1358 incipiunt,
909 1324 944 1347 ut
973 1317 1127 1348 referrent.

242 1360 305 1390 Iste
320 1360 372 1397 ait,
387 1370 417 1390 se
432 1360 509 1390 velle
517 1360 595 1390 illud
607 1361 698 1390 etiam
713 1366 804 1401 atque
815 1361 906 1390 etiam
921 1360 1125 1391 considerare:

241 1403 437 1443 nequaquam
457 1414 487 1433 se
507 1414 568 1433 esse
588 1404 740 1433 satiatum.
764 1404 787 1433 J
790 1405 861 1433 ubet
879 1404 945 1433 flios
966 1403 1126 1441 discedere,

241 1453 272 1476 et
295 1446 511 1476 candelabrum
536 1446 714 1487 relinquere.
738 1446 788 1477 Sic
810 1447 857 1476 illi
876 1452 943 1476 tum
966 1446 1070 1477 inanes
1090 1446 1130 1476 ad

242 1488 434 1518 Antiochum
450 1494 649 1519 revertuntur.

285 1531 415 1561 XXIX.
440 1532 509 1561 Rex
525 1532 624 1572 primo
639 1532 716 1562 nihil
727 1538 871 1569 metuere,
885 1532 961 1562 nihil
973 1532 1126 1573 suspicari.

242 1573 317 1604 Dies
340 1584 431 1611 unus,
454 1575 540 1611 alter,
562 1575 682 1615 plures:
707 1585 768 1605 non
791 1575 903 1605 referri.
927 1575 1012 1605 Tum
1033 1576 1127 1605 mittit

241 1627 295 1647 rex
310 1617 348 1647 ad
363 1617 468 1655 istum,
485 1617 510 1646 si
529 1618 586 1647 sibi
602 1618 749 1666 videatur,
766 1624 800 1648 ut
823 1618 936 1648 reddat.
959 1618 982 1647 J
985 1619 1056 1648 ubet
1072 1619 1127 1648 iste

242 1660 390 1707 posterius
416 1660 455 1690 ad
482 1670 512 1690 se
538 1661 654 1691 reverti.
679 1661 799 1691 Mirum
828 1661 873 1690 illi
899 1660 1002 1691 videri.
1026 1661 1127 1690 Mittit

240 1702 368 1732 iterum:
393 1712 454 1733 non
469 1702 614 1734 redditur.
638 1704 709 1744 Ipse
730 1704 884 1734 hominem
905 1703 1057 1744 appellat:
1082 1714 1129 1733 ro-

241 1750 304 1785 gat,
327 1751 361 1776 ut
383 1745 497 1777 reddat.
521 1746 567 1777 Os
586 1747 718 1778 hominis
742 1747 870 1793 insieme·-
862 1757 953 1788 nque
968 1746 1128 1788 impuden-
