1181 1902
277 88 327 118 IN
352 86 547 118 VERREM
572 87 612 118 V.
636 87 719 118 cim
743 88 773 117 8.
903 86 967 118 39³

59 188 70 201 ·
127 173 202 203 Ilaec
228 183 298 204 cum
323 174 429 204 scirem
456 180 485 204 et
508 173 682 214 cogitarem,
704 172 842 204 commisi
865 178 968 203 tamen

82 225 142 253 nie,
153 216 280 255 judices,
294 216 384 246 Heio.
410 217 546 246 Produxi
558 227 627 246 eum
643 217 743 257 prima
758 216 892 246 actione:
916 225 969 246 ne-

82 269 142 298 que
160 258 190 288 id
206 265 307 289 tamen
324 259 387 289 ullo
402 259 535 300 periculo
551 259 616 290 feci.
649 260 736 297 Quid
750 259 831 289 enim
852 264 970 299 poterat

82 301 182 331 Heius
198 302 386 342 respondere,
404 302 428 332 si
444 308 519 332 esset
534 303 703 343 improbus,
720 302 744 332 si
769 302 816 332 sui
837 301 970 332 dissimi-

82 344 137 374 lis.
131 346 144 365 ί
169 345 263 385 Signa
283 345 336 375 ina
356 345 439 375 domi
464 356 525 375 suae
545 356 617 382 esse,
639 355 700 375 non
716 345 798 386 apud
814 345 970 375 Verrem?

82 386 147 424 Qui
164 395 279 428 poterat
302 388 470 429 quidquam
487 388 635 427 ejusmodi
655 388 778 418 dicere?
815 388 859 418 Ut
879 387 972 418 homo

82 430 274 470 turpissimus
303 438 389 469 esset,
428 431 752 471 impudentissimeque
780 430 972 468 mentiretur,

82 472 139 503 hoc
165 473 294 504 diceret:
327 474 380 504 ina
404 485 434 504 se
460 474 599 504 habuisse
623 474 751 511 venalia,
776 484 872 515 eaque
898 483 971 512 sese,

82 517 190 556 quanti
207 517 344 554 voluerit,
362 517 538 547 vendidisse.
564 517 680 553 Homo,
701 517 784 546 domi
805 527 867 546 suae
886 517 973 546 nobi-

80 559 225 597 lissimus,
251 560 304 601 qui
327 570 379 590 vos
398 560 435 590 de
459 560 602 600 religione
619 560 674 590 sua
690 570 724 590 ac
744 560 891 600 dignitate
906 569 975 590 vere

82 602 254 633 existimare
269 603 404 633 maxime
420 603 520 640 vellet,
537 603 636 643 primo
656 602 744 640 dixit,
761 613 792 633 se
803 603 896 632 istum
913 613 973 643 pu-

83 645 160 676 blice
174 645 309 683 laudare,
326 646 408 686 quod
424 646 480 675 sibi
495 646 538 675 ita
552 645 733 676 mandatum
745 651 839 676 esset:
864 645 973 675 deinde

82 697 182 728 neque
197 699 227 718 se
242 688 295 718 illa
309 688 450 718 habuisse
465 689 593 726 venalia,
607 699 706 729 neque
714 689 779 718 ulla
791 688 972 726 conditione,

82 731 120 768 si,
137 737 241 761 utrum
257 731 359 769 vellet,
371 731 484 769 liceret,
500 731 610 761 adduci
625 742 763 772 unquam
778 731 922 772 potuisse,
939 737 975 761 ut

83 773 226 804 venderet
248 774 312 812 illa,
334 785 403 815 quae
426 774 458 804 in
482 775 609 805 sacrario
630 775 756 805 fuissent
775 785 795 806 a
808 774 976 814 majoribus

84 816 146 847 suis
161 817 264 848 relicta
279 824 308 847 et
324 817 440 848 tradita.

128 860 227 890 VIII.
252 860 338 898 Quid
353 860 447 898 sedes,
464 861 596 891 Verres?
617 861 692 901 quid
707 862 883 901 exspectas?
899 859 975 901 quid

84 909 114 934 te
129 913 147 932 a
162 903 363 944 Centuripina.
383 904 513 940 civitate,
535 914 553 933 a
569 904 736 941 Catinensi,
757 905 795 933 ab
812 903 974 941 Halesina,

83 948 122 976 ab
138 946 361 986 Tyndaritana,
377 947 527 984 Ennensi,
538 946 736 987 Agyrinensi,
744 946 918 987 caeterisque
927 946 976 977 Si-

83 989 160 1020 ciliae
175 989 357 1026 civitatibus,
382 989 593 1019 circumveniri
617 996 709 1030 atque
730 989 862 1030 opprimi
876 988 975 1019 dicis?

84 1032 157 1062 Tua
172 1040 201 1062 te
215 1032 310 1062 altera
323 1032 431 1073 patria,
448 1032 710 1073 quemadmodum
731 1032 829 1062 dicere
848 1032 976 1071 solebas,

86 1075 241 1113 Messana,
258 1075 473 1105 circumvenit:
499 1081 563 1112 tua,
580 1075 718 1116 inquam,
736 1075 892 1113 Messana,
909 1081 977 1105 tuo-

86 1129 156 1148 rum
179 1118 313 1158 adjutrix
329 1119 487 1156 scelerum,
504 1118 669 1148 libidinum
693 1118 787 1156 testis,
803 1118 977 1159 praedarum

86 1172 121 1192 ac
136 1161 287 1191 furtorum
306 1161 463 1202 receptrix.
497 1161 597 1191 Adest
611 1162 693 1191 enim
708 1161 754 1191 vir
771 1161 978 1201 amplissimus

86 1205 153 1243 ejus
177 1204 316 1241 civitatis,
338 1205 466 1245 legatus,
492 1204 619 1244 hujusce
636 1205 745 1244 judicii
770 1203 858 1235 causa
882 1204 974 1234 domo

86 1247 207 1285 missus,
229 1247 367 1288 princeps
393 1247 575 1278 laudationis
602 1253 684 1284 tuae;
717 1247 771 1289 qui
799 1253 829 1279 te
856 1248 980 1289 publice

87 1290 211 1321 laudat:
235 1290 278 1321 ita
293 1291 375 1321 enim
399 1290 580 1321 mandatum
602 1297 694 1332 atque
717 1291 902 1332 imperatum
923 1296 978 1321 est.

88 1333 237 1370 Tametsi,
265 1340 387 1374 rogatus
407 1333 444 1363 de
468 1334 573 1374 cybea,
598 1334 704 1365 tenetis
724 1334 882 1371 memoria,
904 1333 979 1374 quid

89 1376 293 1417 responderit:
319 1377 497 1407 aedificatam
512 1377 641 1417 publicis
662 1377 771 1418 operis,
787 1377 908 1418 publice
928 1387 978 1407 co-

89 1421 173 1457 actis,
191 1420 278 1461 eique
294 1420 476 1450 aedificandae
487 1421 607 1460 publice
623 1419 846 1450 Mamertinum
862 1425 980 1450 senato-

90 1473 154 1493 rem
170 1463 333 1504 praefuisse.
358 1463 446 1493 Idem
462 1463 501 1493 ad
521 1474 573 1493 vos
587 1463 741 1504 privatim,
757 1463 883 1503 judices,
909 1473 980 1493 con-

91 1506 191 1546 fugit:
221 1506 318 1536 utitur
338 1507 394 1536 hac
415 1506 492 1547 lege,
512 1507 575 1547 qua
586 1506 738 1545 judicium
750 1512 794 1536 est
809 1506 981 1537 communis

91 1555 121 1579 et
132 1549 257 1590 privatae
272 1549 314 1579 rei
328 1550 487 1580 sociorum.
511 1549 649 1579 Tametsi
666 1550 716 1580 lex
737 1555 780 1580 est
794 1549 831 1580 de
847 1549 981 1591 pecuniis

92 1592 278 1633 repetundis,
295 1592 347 1623 ille
368 1603 398 1623 se
416 1598 507 1633 negat
526 1592 688 1633 pecuniam
711 1599 861 1634 repetere3
886 1602 981 1634 quam

92 1641 227 1676 ereptam
242 1645 303 1665 non
319 1642 474 1676 tantopere
489 1635 655 1666 desiderat:
685 1646 767 1666 sacra
783 1646 814 1666 se
828 1637 982 1675 majorum

93 1688 220 1708 suorum
235 1686 369 1719 repetere
384 1681 437 1709 abs
453 1686 482 1709 te
494 1678 585 1709 dicit:
610 1678 693 1710 Deos
713 1684 836 1720 penates
851 1690 870 1709 a
884 1685 914 1709 te
927 1689 983 1719 pa-

94 1721 168 1751 trios
181 1722 318 1762 reposcit.
342 1722 442 1763 Ecqui
461 1721 560 1762 pudor
574 1722 641 1752 est?
665 1732 760 1763 ecqua
774 1722 889 1763 religio,
905 1722 985 1752 Ver-

96 1763 168 1794 res?
191 1765 277 1806 ecqui
296 1767 422 1796 metus?
447 1765 603 1796 Habitasti
627 1765 710 1807 apud
734 1765 850 1796 Heium
869 1764 988 1796 Messa-
