1181 1902
244 54 296 86 IN
321 54 519 87 VERREM
544 54 604 86 1v.
628 54 713 87 CAP.
734 54 788 86 65.
895 52 956 84 351

68 145 199 178 teneare,
223 150 286 172 non
310 140 419 172 vides?
444 140 598 179 Primum,
622 146 708 171 tuam
728 151 794 172 rem
819 140 906 170 illam
930 145 961 170 et

69 183 203 224 praedam
222 183 332 215 fuisse:
357 194 442 223 nam,
467 184 525 214 nisi
548 184 589 214 ita
612 190 699 219 esset,
722 195 776 215 cur
798 189 831 214 tu
856 183 961 224 Apro-

68 226 156 256 nium
180 227 314 257 malebas
329 229 436 268 (quem
457 236 562 257 omnes
577 233 666 257 tuum
681 237 841 268 procurare
861 226 891 256 in
908 226 961 256 de-

68 269 166 299 cumis
196 270 352 310 negotium
381 270 611 310 loquebantur),
642 281 737 310 quam
769 269 959 306 Minucium,

68 311 211 342 decumas
227 312 291 352 agri
307 312 451 343 Leontini
467 314 611 343 sumere?
636 312 757 343 Deinde
775 313 961 342 immensum

68 360 160 395 atque
175 355 329 385 infinitum
345 356 464 386 lucrum
480 366 542 386 esse
557 355 671 385 factum
686 367 694 385 z
719 366 802 393 nam,
820 356 844 385 si
860 354 961 385 XXX

68 398 206 428 millibus
222 399 359 429 modium
376 398 465 429 tritici
481 404 514 428 tu
527 404 696 429 commotus
708 409 767 428 non
780 409 867 436 esses,
884 403 962 428 certe

69 440 126 470 hoc
141 441 221 471 idem
242 442 319 471 lucri
336 442 495 472 Minucius
512 441 653 483 Apronio
673 441 801 472 libenter
819 441 961 479 dedisset,

69 483 94 513 si
111 483 161 513 ille
175 484 308 525 accipere
323 485 474 515 voluisset.

113 527 271 564 Quantam
288 527 381 568 igitur
396 528 441 557 illi
457 538 542 569 spem
557 526 669 569 praedae
680 527 866 568 propositam
882 526 964 556 arbi·-

70 574 188 599 tramur
211 570 314 607 fuisse,
336 570 390 611 qui
414 577 534 601 tantum
558 581 690 619 praesens
718 571 851 606 lucrum,
876 569 964 599 nulla

70 622 159 652 opera
207 613 353 661 insumta,
395 614 586 644 contemserit
629 620 720 654 atque
765 612 962 653 despexerit?

72 654 193 685 Deinde
221 655 285 697 ipse
311 657 470 687 Minucius
494 667 654 698 nunquam
679 656 756 687 tanti
775 656 888 686 habere
912 665 965 685 vo-

68 697 185 735 luisset,
203 699 228 729 si
246 699 388 730 decumas
404 706 437 730 tu
449 700 516 741 lege
532 700 697 730 Hieronica
713 699 874 729 venderes.
900 698 963 735 sed,

69 741 163 781 quod,
181 742 240 772 tuis
259 742 344 772 novis
360 743 462 773 edictis
474 749 503 773 et
518 742 714 784 iniquissimis
725 742 882 777 institutis,
894 742 965 782 plus

68 784 227 824 aliquanto
256 796 287 816 se
322 796 417 826 quam
456 786 599 816 decumas
625 786 799 816 ablaturum
830 784 963 823 videbat,

69 826 180 858 idcirco
203 828 324 869 longius
347 839 521 870 progressus
543 835 596 859 est.
619 831 666 858 At
681 828 822 869 Apronio
847 838 966 868 semper

70 870 141 911 plus
157 871 249 901 etiam
271 872 370 902 multo
385 874 439 902 abs
458 878 487 903 te
502 872 683 913 permissum
699 877 754 909 est,
771 881 865 912 quam
881 870 965 911 quod

70 913 216 944 edixeras.
241 914 403 953 Quantum
413 915 506 955 igitur
521 921 673 956 quaestum
688 921 833 955 putamus
848 913 965 943 factum

69 966 133 986 esse
148 967 202 997 per
217 967 299 995 eum,
321 958 369 988 cui
392 958 512 999 quidvis
527 958 645 988 licitum
668 958 726 994 sit3
751 967 821 987 cum
843 962 965 986 tantum

70 999 148 1029 lucri
174 1000 302 1031 voluerit
331 1001 440 1031 addere
462 1001 499 1041 is,
526 1001 587 1041 cui,
613 1001 638 1032 si
665 1000 808 1032 decumas
832 1000 963 1037 emisset,

70 1041 153 1072 idem
169 1053 230 1073 non
245 1043 347 1074 liceret
356 1044 370 1073 .⁹

114 1086 283 1125 Postremo,
299 1087 353 1117 illa
371 1086 495 1128 quidem
516 1092 595 1118 certe
615 1087 671 1118 tibi
685 1086 810 1128 praecisa
829 1085 964 1116 defensio

71 1134 127 1168 est,
144 1129 175 1159 in
191 1131 254 1171 quit
269 1135 303 1160 tu
319 1141 436 1171 semper
451 1130 555 1161 omnia
570 1137 623 1161 tua
640 1130 722 1161 furta
737 1137 828 1171 atque
850 1129 965 1169 flagitia

69 1172 164 1202 latere
184 1184 269 1213 posse
289 1174 451 1204 arbitratus
475 1184 526 1210 es3
550 1184 662 1214 magno
681 1179 711 1203 te
731 1173 874 1203 decumas
892 1182 966 1202 ven-

69 1215 203 1252 didisse3
228 1217 310 1257 plebi
337 1218 487 1247 Romanae
512 1217 717 1252 consuluisse3
742 1226 870 1246 annonae
894 1225 965 1255 pro-

69 1259 212 1299 spexisse.
237 1260 310 1290 Non
335 1266 433 1301 potest
452 1260 510 1290 hoc
525 1260 644 1290 dicere'
637 1270 673 1296 is,
696 1259 749 1300 qui
765 1269 875 1298 negare
901 1267 964 1288 non

69 1308 179 1342 potest,
205 1313 236 1333 se
259 1303 350 1334 unius
369 1303 435 1344 agri
455 1303 599 1333 decumas
623 1303 723 1333 XXX
739 1302 876 1332 millibus
896 1311 964 1331 mo-

67 1344 154 1375 diam
170 1346 306 1384 minoris,
323 1357 417 1387 quam
432 1346 576 1386 potuerit,
593 1346 783 1381 vendidisse3
807 1350 842 1374 ut
857 1344 962 1382 etiam,

68 1387 94 1418 si
109 1388 164 1418 tibi
179 1388 236 1419 hoc
251 1389 426 1428 concedam,
438 1389 579 1419 Minucio
589 1389 656 1419 ideo
672 1394 701 1419 te
716 1399 777 1418 non
793 1387 963 1425 tradidisse,

68 1431 152 1471 quod
175 1432 241 1471 jam
263 1432 428 1463 addixisses
454 1432 605 1473 Apronio,
632 1432 732 1466 (aiunt
755 1431 836 1462 enim
867 1436 896 1460 te
921 1430 964 1460 ita

68 1474 217 1513 dictitare,
242 1475 325 1516 quod
349 1486 405 1516 ego
425 1481 578 1516 exspecto,
600 1475 751 1516 cupioque
773 1480 802 1504 te
822 1473 865 1504 ita
885 1473 963 1503 iuud

70 1516 243 1555 defendere)
268 1528 374 1548 verum
395 1525 431 1548 ut
450 1518 493 1548 ita
513 1518 562 1555 sit,
584 1524 686 1548 tamen
707 1527 768 1548 non
788 1523 873 1558 potes
893 1516 962 1554 hoc,

69 1561 157 1600 quasi
180 1561 361 1601 praeclarum
382 1561 509 1602 aliquid,
532 1561 705 1602 praedicare,
725 1570 838 1601 magno
859 1565 888 1589 te
911 1559 963 1589 de-

71 1613 176 1633 cumas
200 1604 379 1642 vendidisse,
410 1615 481 1635 cum
510 1604 603 1635 fuisse
627 1604 750 1643 fateare,
780 1603 835 1644 qui
864 1602 964 1632 multo

71 1646 168 1686 pluris
184 1647 334 1677 voluerint
349 1658 456 1678 emere.

118 1689 224 1720 LXV.
248 1690 387 1721 Tenetur
406 1690 501 1731 igitur
512 1690 591 1730 jam,
613 1690 743 1730 judices,
760 1694 789 1720 et
804 1687 966 1719 manifesto

76 1736 195 1763 tenetur
217 1733 355 1772 avaritia,
379 1733 529 1775 cupiditas
549 1733 693 1772 hominis,
724 1732 832 1770 scelus,
851 1731 966 1772 impro-
