1181 1902
255 72 307 103 IN
330 71 530 104 VERREM
554 71 601 103 ΙΙ.
625 70 709 102 ΟΑΡ.
726 70 780 101 31.
903 68 964 99 183

66 157 249 200 piditatique
260 159 405 200 paruerit,
416 158 622 189 immittentur
630 156 769 188 homines
780 158 794 187 ?
807 164 966 197 expugna·

63 203 180 233 buntur
194 202 330 233 domus?
354 202 499 250 civitates,
512 211 574 232 non
594 200 686 231 modo
707 205 832 241 pacatae,
858 207 965 229 verum

68 245 160 275 etiam
171 245 321 275 sociorum
331 252 422 286 atque
432 245 612 281 amicorum,
624 244 663 274 ad
679 243 742 274 vim
758 248 850 291 atque
865 241 903 272 ad
918 251 967 271 ar-

67 298 119 318 ma
135 288 321 329 confugient,
344 294 378 318 ut
398 289 437 318 ab
461 299 492 318 se
513 293 605 328 atque
625 288 663 317 ab
679 286 781 316 liberis
797 285 858 316 suis
873 283 967 324 legati

65 331 173 372 populi
181 332 314 362 Romani
324 332 419 362 scelus
429 341 463 361 ac
472 330 631 360 libidinem
641 329 817 370 propulsare
827 328 966 369 possint?

67 374 152 404 Nam
164 385 267 415 quaero
277 377 330 405 abs
340 380 380 412 te,
394 374 646 404 circumsessusne
656 373 696 403 sis
707 371 888 412 Lampsaci.
881 373 894 391 9
908 381 966 401 coe-

66 417 186 458 peritne
200 417 339 455 domum,
365 418 397 447 in
423 428 485 458 qua
505 417 704 452 diversabare,
727 415 780 444 illa
798 413 966 444 multitudo

68 460 246 491 incendere.
239 463 252 483 9
275 461 442 491 volueritne
457 461 593 501 legatum
609 459 715 500 populi
732 457 867 488 Romani
883 467 965 486 com-

69 504 178 534 burere
210 504 314 534 vivum
344 503 568 552 Lampsaceni.
561 505 574 524 9
615 503 738 542 Negare
768 511 829 531 non
859 505 964 540 potes:

68 546 167 577 habeo
187 547 270 577 enim
294 547 502 577 testimonium
527 552 628 583 tuum,
654 544 737 586 quod
760 543 843 584 apud
867 543 898 572 N
902 552 966 572 ero-

68 599 140 619 nem
156 590 279 620 dixisti:
299 590 408 627 habeo,
425 601 502 631 quas
517 589 556 619 ad
572 588 714 619 eumdem
730 588 832 618 literas
846 585 965 616 misisti.

70 632 180 663 Recita
193 633 298 664 hunc
290 644 392 674 1psum
407 634 509 664 locum
525 633 562 662 de
578 631 760 662 testimonio.

112 677 356 710 (Testimonium
374 677 410 707 C.
434 678 470 707 Vc
461 678 542 706 orris·
559 678 590 705 in
607 675 871 711 Atter›zid01·.um)

70 719 179 750 Recita
194 730 232 750 ex
249 720 279 751 V
281 731 353 750 erris
367 720 461 750 literis
476 719 514 750 ad
531 720 697 749 Neronem.

113 764 182 797 (Em
205 765 305 793 literis
334 765 370 794 C.
401 765 509 793 Verris
534 763 574 792 ad
603 763 639 793 C.
667 760 964 792 Neronem-..Non

70 807 169 836 multo
180 810 251 846 poet
267 808 300 836 ιή
315 807 439 836 domum
459 811 511 844 ...)

113 849 279 880 Bellumne
294 850 408 891 populo
425 850 567 879 Romano
587 847 798 898 Lampsaceni
804 847 902 877 facere
917 856 968 877 co-

69 893 242 923 nabantur.
233 893 247 912 9
280 893 406 924 deficere
432 894 470 923 ab
496 892 624 941 imperio
654 902 689 922 ac
716 890 840 921 nomine
866 895 968 920 nostro

68 935 230 967 volebant.
223 938 236 958 9
266 937 366 967 Video
381 936 475 974 enim,
492 942 532 974 et,
549 946 587 965 ex
602 935 638 965 iis
654 946 724 976 quae
737 934 798 974 legi
814 939 843 964 et
853 933 968 971 audivi,

69 978 229 1020 intelligo,
221 991 229 998 ·
253 979 285 1010 in
306 980 369 1021 qua
390 979 510 1010 civitate
531 989 592 1009 non
612 978 704 1008 modo
725 978 843 1018 legatus
862 976 971 1018 populi

71 1022 208 1052 Romani
223 1023 446 1060 circumsessus,
464 1033 525 1052 non
540 1021 632 1052 modo
652 1021 728 1062 igni,
751 1021 841 1058 ferro,
859 1030 967 1068 manu,

70 1066 165 1106 copiis
181 1072 387 1107 oppugnatus,
404 1065 456 1096 sed
477 1065 581 1107 aliqua
602 1075 639 1095 ex
661 1070 746 1105 parte
764 1063 893 1094 violatus
909 1063 967 1099 sit;

71 1108 130 1138 nisi
145 1109 266 1149 publice
282 1109 469 1140 satisfactum
485 1109 534 1148 sit,
555 1119 582 1139 e1
602 1107 716 1139 civitati
739 1107 856 1137 bellum
876 1086 970 1137 indici

71 1157 165 1193 atque
181 1152 284 1182 inferri
300 1153 403 1183 solere.

117 1195 198 1233 Quae
212 1196 290 1226 fuit
282 1196 376 1237 igitur
391 1206 492 1233 causa,
508 1206 562 1226 cur
577 1200 686 1226 cuncta
700 1194 804 1224 civitas
820 1193 972 1234 Lampsa-

73 1249 219 1269 cenorum
243 1239 280 1269 de
306 1239 459 1276 concione,
484 1238 746 1280 quemadmodum
768 1243 833 1267 tute
855 1237 971 1275 scribis,

73 1281 204 1312 domum
230 1288 315 1312 tuam
342 1288 571 1313 concana-‚ent
565 1284 577 1304 9
613 1281 643 1311 '1
646 1292 666 1311 u
693 1281 787 1319 enim,
814 1290 914 1320 neque
940 1279 973 1310 in

52 1337 55 1339 “
71 1325 178 1363 literis,
195 1336 300 1366 quasi
288 1326 405 1356 Neroni
420 1325 527 1361 mittis,
544 1335 643 1366 neque
658 1324 690 1353 in
705 1323 889 1359 testimonio,
903 1333 974 1353 cau-

75 1379 141 1399 sam
157 1369 233 1398 tanti
250 1369 400 1399 tumultus
415 1368 547 1399 ostendis
563 1369 679 1398 ullam:
704 1369 860 1397 obsessum
881 1372 911 1396 te
926 1366 973 1395 di-

76 1411 130 1449 015,
147 1411 251 1452 ignem
272 1412 412 1450 allatum,
435 1418 587 1442 sarmenta
606 1410 812 1447 circumdata3
836 1409 974 1440 lictorem

77 1460 168 1485 tuum
184 1455 316 1485 occisum
332 1465 394 1486 esse
410 1455 499 1491 dicis;
519 1454 690 1496 prodeundi
702 1454 776 1484 tibi
768 1465 800 1484 m
812 1452 974 1494 publicum

76 1503 257 1538 potestatem
272 1498 384 1529 factam
397 1508 505 1539 negas.
526 1508 649 1528 causam
659 1497 753 1546 hujus
765 1497 842 1527 tanti
854 1495 974 1526 terroris

78 1542 220 1571 occultas.
254 1542 351 1579 Nam,
375 1542 399 1572 si
420 1552 515 1582 quam
534 1541 694 1571 Rubrius'
687 1541 833 1580 injuriam
849 1549 903 1569 suo
919 1549 974 1569 no-

79 1584 173 1622 mine,
191 1595 225 1615 ac
240 1595 301 1615 non
317 1585 453 1625 impulsu
470 1591 523 1615 tuo
539 1590 567 1614 et
583 1584 636 1614 tua
651 1583 826 1624 cupiditate,
839 1582 973 1621 fecisset;

79 1627 118 1657 de
133 1628 179 1658 tui
193 1628 311 1658 comitis
326 1628 439 1667 injuria
454 1633 597 1669 questum
613 1627 652 1657 ad
666 1633 695 1657 te
710 1627 822 1668 potius,
836 1637 930 1667 quam
945 1634 976 1659 te

79 1678 305 1712 oppugnatum,
322 1672 468 1702 venirent.
493 1671 575 1702 Cum
586 1670 691 1711 igitur,
704 1681 774 1711 quae
789 1680 879 1700 causa
893 1670 976 1701 illius

80 1714 234 1746 tumultus
248 1714 352 1753 fuerit,
368 1720 457 1746 testes
471 1725 490 1746 a
504 1713 592 1745 nobis
606 1713 746 1755 producti
757 1712 900 1750 dixerint,
912 1715 978 1756 ipse
