1181 1902
226 177 278 210 IN
301 173 542 209 CAECILIUM
565 174 715 207 DIVIN.
731 174 815 207 clv.
833 176 863 206 6.
928 176 989 208 115

105 265 186 305 Quis
200 264 294 306 igitur
308 268 364 302 est,
380 262 434 304 qui
448 267 538 302 neget
559 267 697 302 oportere
719 272 824 293 eorum
847 263 993 294 arbitratu

105 308 173 350 lege
188 308 248 349 agi,
259 316 391 349 quorum
406 305 496 335 causa
510 305 561 335 lex
577 305 614 335 sit
623 305 810 336 constituta?
835 306 938 336 Sicilia
949 312 995 336 to-

107 358 149 390 ta,
167 351 191 382 si
207 351 270 381 una
292 360 363 381 voce
380 349 565 389 loqueretur,
582 348 639 378 hoc
653 348 782 379 diceret:
808 348 901 386 Quod
917 349 994 388 auri,

108 395 191 437 quod
213 393 341 434 argenti,
358 391 440 433 quod
455 397 702 421 ornamentorum
718 392 749 421 in
762 392 837 422 meis
859 393 996 430 urbibus,

107 438 239 474 sedibus,
255 436 388 467 delubris
402 434 462 464 fuit
475 445 484 470 ;
509 434 591 475 quod
606 434 637 464 in
650 435 835 475 unaquaque
848 446 889 472 re,
906 437 998 466 bene-

108 481 176 512 ficio
192 482 310 511 senatos
325 478 491 520 populique
507 478 652 515 Romani,
666 478 743 517 juris
761 478 866 513 habui,
880 478 911 508 id
921 478 998 508 mihi

109 530 155 561 tu,
173 524 208 554 C.
231 523 351 559 Verres,
369 520 504 562 eripuisti
519 527 610 561 atque
625 521 795 556 abstulisti3
820 532 881 562 quo
899 522 1000 551 nomi-

109 578 148 598 ne
163 569 217 597 abs
232 572 260 596 te
275 564 443 596 sestertium
458 564 569 594 millies
584 574 622 594 ex
644 564 710 604 lege
725 570 836 605 repeto·
874 565 907 594 si
929 564 999 594 uni-

109 621 194 642 versa
210 613 258 645 (ut
273 609 350 645 dixi)
366 607 521 648 provincia
535 607 620 648 loqui
642 614 752 648 posset,
768 607 824 637 hac
847 618 918 638 voce
933 614 1000 637 ute-

110 659 193 684 retur
206 665 214 683 :
239 652 384 694 quoniam
403 650 435 680 id
455 660 516 681 non
532 656 660 691 poterat,
676 650 787 681 harum
803 661 904 681 rerum
919 657 1001 680 acto-

111 707 188 733 rem,
205 706 297 737 quem
312 695 455 725 idoneum
471 704 533 724 esse
547 694 691 724 arbitrata
713 700 768 730 est,
792 694 857 734 ipsa
878 693 1000 734 delegit.

113 740 152 771 In
169 738 346 779 hujusmodi
357 749 388 768 re
400 737 563 778 quisquam
579 743 641 767 tam
654 737 816 778 impudens
826 737 1000 778 reperietur,

113 782 167 824 qui
182 783 221 813 ad
236 782 367 812 alienam
379 791 513 818 causam,
530 780 632 810 invitis
646 780 683 810 iis
698 790 830 821 quorum
846 780 1003 821 negotium

113 832 169 864 est,
181 825 318 857 accedere
333 831 387 854 aut
401 824 553 864 adspirare
565 823 674 854 audeat
689 825 702 853 ?

158 869 218 901 VI.
243 869 276 899 Si
300 868 367 906 tibi,
394 867 435 905 Q.
457 867 570 904 Caecfli,
592 867 648 897 hoc
667 866 762 897 siculi
780 866 930 897 dicerent:
955 866 1005 897 Te

114 923 176 943 non
191 912 351 943 novimus:
376 911 526 941 nescimus
541 910 595 950 qui
611 910 667 940 sis:
693 920 852 950 nunquam
869 915 897 940 te
918 916 1007 940 antea

115 956 268 987 vidimus:
294 955 357 985 sine
380 964 436 984 nos
457 964 511 994 per
533 964 604 983 eum
622 959 737 984 nostras
752 953 888 983 fortunas
903 953 1007 983 defen-

115 999 197 1037 dere,
215 999 301 1038 cujus
324 997 398 1028 fides
420 1003 464 1027 est
485 997 571 1027 nobis
594 996 733 1036 cognita;
758 1006 858 1026 nonne
875 996 907 1026 id
927 996 1008 1026 dice-

116 1048 195 1080 rent,
213 1041 295 1083 quod
317 1041 412 1072 cuivis
431 1041 558 1081 probare
578 1039 743 1070 deberent?
768 1040 862 1070 Nunc
883 1040 940 1069 hoc
959 1039 1008 1069 di-

116 1092 190 1117 cunt
203 1097 211 1115 ε
236 1092 402 1125 utrumque
416 1095 447 1114 se
462 1086 567 1114 ndsse:
593 1084 723 1113 alterum
739 1093 769 1114 se
785 1093 892 1123 cupere
904 1082 1009 1113 defen-

118 1139 216 1159 sorem
231 1139 293 1159 esse
315 1128 507 1158 fortunarum
519 1137 654 1163 suarum,
666 1126 796 1156 alterum
811 1127 901 1166 plane
916 1126 1007 1156 nolle.

118 1172 183 1202 Cur
192 1171 301 1209 nolint,
318 1170 436 1201 etiamsi
451 1176 560 1206 tacent,
577 1170 648 1200 satis
660 1170 774 1200 dicunt.
812 1170 931 1200 Verum
946 1179 1008 1199 non

118 1221 218 1246 tacent
231 1227 240 1245 :
265 1221 366 1244 tamen
382 1214 428 1243 his
444 1213 629 1244 invitissimis
645 1219 673 1243 te
686 1213 790 1243 offeres
803 1214 816 1243 ἓ
840 1212 960 1242 Tamen
975 1212 1010 1242 in

118 1257 217 1289 aliena
226 1258 316 1288 causa
330 1258 455 1298 loquere
468 1259 482 1287 ἒ
505 1263 607 1287 tamen
623 1267 671 1287 eos
687 1256 839 1291 defendes,
857 1256 910 1296 qui
925 1266 956 1286 se
971 1257 1010 1286 ab

120 1302 263 1332 omnibus
278 1301 409 1331 desertos
430 1300 542 1341 potius,
559 1310 653 1341 quam
668 1301 721 1330 abs
736 1306 766 1329 te
781 1299 929 1336 defensos,
949 1309 1012 1329 esse

122 1345 266 1376 malunt?
289 1350 391 1374 tamen
400 1343 448 1374 his
459 1354 582 1384 operam
598 1350 683 1373 tuam
696 1343 885 1383 pollicebere,
908 1341 961 1382 qui
982 1348 1012 1372 te

122 1398 222 1429 neque
237 1388 314 1419 velle
330 1386 435 1426 [suam
447 1388 598 1428 causam,]
610 1397 675 1424 nec,
692 1386 716 1416 si
731 1386 846 1427 cupias,
863 1395 949 1426 posse
965 1396 1013 1415 ar-

123 1431 274 1462 bitrantur
287 1432 301 1461 5³
331 1430 395 1461 Cur
419 1441 523 1460 eorum
550 1440 635 1471 spem
659 1429 802 1469 exiguam
826 1429 1014 1470 reliquarum

123 1475 329 1512 fortunarum,
339 1484 433 1515 quam
448 1473 562 1504 habent
576 1473 608 1503 in
617 1472 692 1513 leff's
702 1479 731 1503 et
742 1472 849 1511 judicii
859 1471 1015 1502 severitate

123 1518 266 1559 positam,
292 1518 322 1548 vi
344 1523 526 1559 extorquere
547 1516 689 1547 conaris?
713 1526 766 1546 eur
788 1522 817 1546 te
836 1515 1014 1556 interponis,

123 1561 312 1592 invitissimis
333 1560 392 1598 his,
416 1560 527 1601 quibus
547 1560 682 1590 maxime
699 1560 750 1589 lex
765 1559 937 1590 consultum
953 1568 1017 1589 esse

126 1604 220 1635 vult?
244 1615 309 1641 cur,
331 1604 370 1634 de
392 1604 505 1644 quibus
528 1604 560 1634 in
586 1603 740 1644 provinciis⁴
764 1612 825 1632 non
849 1602 963 1642 optime
987 1611 1018 1631 es

125 1648 264 1685 meritus,
292 1658 341 1678 eos
364 1657 446 1677 nunc
469 1647 560 1687 plane
582 1646 711 1676 fortunis
737 1645 879 1676 omnibus
903 1645 1019 1675 conaris

125 1692 284 1721 evertere?
317 1701 371 1721 cur
390 1690 437 1720 his
459 1700 521 1720 non
542 1690 634 1720 modo
656 1688 854 1730 persequendi
867 1688 943 1727 juris
959 1688 1018 1725 sui,

128 1734 180 1764 sed
206 1734 297 1764 etiam
323 1733 517 1774 deplorandae
540 1733 730 1769 calamitatis,
756 1732 864 1762 adimis
888 1737 1020 1772 potesta-

128 1779 217 1808 tem?
242 1777 342 1815 Num,
358 1783 387 1807 te
409 1783 519 1815 actore,
536 1787 628 1818 quem
647 1786 751 1806 eorum
773 1775 941 1806 affuturum
962 1784 1021 1814 pu-

122 1825 185 1858 tas,
202 1831 279 1861 quos
293 1820 448 1861 intelligis,
465 1830 526 1850 non
542 1826 577 1850 ut
590 1830 644 1861 per
664 1825 692 1850 te
708 1819 815 1856 alium,
838 1817 889 1849 sed
909 1823 944 1848 ut
965 1827 1019 1858 per

119 1863 263 1902 *aliquem
277 1864 421 1902 teipsum,
438 1863 633 1902 ulciscantur,
643 1863 804 1894 laborare?
