1181 1902
260 105 313 137 IN
337 105 534 138 VERREM
559 106 618 138 IV.
637 107 721 138 CAP.
738 108 790 137 24.
899 108 960 138 311

73 201 144 223 cum
160 191 270 223 virtute
285 198 315 223 ei.
329 193 487 224 nobilitate
499 193 582 223 domi
598 204 670 231 suae,
684 199 751 224 tum
767 193 858 224 etiam
873 204 965 235 pecu-

72 235 135 271 nia,
159 235 306 277 princeps.
341 236 425 266 Huic
448 236 577 271 homini,
598 237 726 276 judices,
747 237 966 267 honestissima„²

71 278 199 309 civitatis
208 278 429 316 honestissimo,
442 289 502 309 non
518 279 609 309 modo
622 280 767 310 frumenti
783 280 896 317 scitote,
914 281 965 311 sed

71 321 162 352 etiam
181 321 247 351 vitae
265 327 294 352 et
309 322 475 362 sanguinis,
492 329 612 352 tantum
627 323 765 353 relictum
779 334 852 359 esse,
869 334 966 363 quan-

72 369 140 394 tum
156 364 289 405 Apronii
303 365 399 395 libido
414 365 503 395 tulit:
538 375 610 395 nam
632 366 673 402 vi,
690 366 783 403 malo,
799 366 897 407 plagis
912 367 966 396 ad-

69 406 181 437 ductus
196 414 251 445 est,
268 413 302 438 ut
316 407 463 438 frumenti
478 408 573 447 daret,
586 418 647 439 non
663 415 814 449 quantum
830 409 965 449 haberet,

72 450 125 480 sed
141 456 291 491 quantum
307 457 471 491 cogeretur.

115 494 279 531 Sostratus,
304 500 334 524 et
350 494 537 532 Numenius,
559 499 588 524 et
610 494 864 536 Nymphodorus,
886 496 967 534 ejus-

73 535 144 567 dem
171 536 311 575 civitatis,
336 547 406 567 cum
433 548 470 567 ex
496 537 575 578 agris
602 543 661 568 tres
683 538 789 568 fratres
818 545 967 569 consortes

72 579 288 620 profugissent,
310 580 392 621 quod
417 580 453 611 iis
477 581 546 621 plus
569 580 716 611 frumenti
746 581 964 621 imperabatur,

72 633 167 664 quam
184 629 335 663 quantum
348 624 526 659 exararant;
542 623 718 654 hominibus
735 624 853 662 coactis,
869 625 901 654 in
917 636 967 655 eo-

72 676 143 696 rum
160 666 308 696 arationes
322 667 481 707 Apronius
496 667 596 703 venit3
619 677 710 697 omne
730 667 967 697 instrumentum

73 708 219 750 diripuit3
249 709 398 739 familiam
414 710 563 746 abduxit;
593 721 685 751 pecus
700 710 810 751 abegit.
846 710 967 749 Postea,

72 761 145 782 cum
160 752 199 782 ad
214 762 285 782 eum
301 753 543 794 Nymphodorus
557 753 685 784 venisset
701 754 842 790 AEtnam,
859 760 888 783 et
903 765 969 784 ora-

73 800 130 832 ret,
146 800 181 825 ut
204 795 261 826 sibi
284 807 337 826 sua
362 796 610 832 restituerentur;
633 796 789 827 hominem
803 797 911 837 corripi
932 808 967 828 ac

73 839 218 879 suspendi
235 839 326 878 jussit
345 839 377 869 in
396 839 522 870 oleastro
543 839 695 880 quodam;
720 851 789 881 quae
810 846 853 870 est
868 841 968 878 arbor,

72 881 202 921 judices,
223 882 255 911 in
279 882 354 912 foro.
382 882 519 912 Tamdiu
542 883 686 924 pependit
700 883 732 912 in
747 884 853 913 arbore
873 883 970 913 socius

74 925 252 966 amicusque
266 925 373 966 populi
388 925 534 963 Romani,
550 926 581 956 in
594 926 742 956 sociorum
758 927 832 956 urbe
847 936 881 956 ac
892 926 969 963 foro,

74 968 198 999 colonus
218 974 378 1009 aratorque
398 975 505 1007 vester,
522 969 670 1010 quamdiu
682 970 822 1000 voluntas
837 969 971 1010 Apronii

73 1011 155 1042 tulit.

120 1054 240 1085 Genera
262 1054 448 1094 jamdudum
474 1054 746 1086 innumerabilium
773 1055 969 1094 injuriarum,

81 1097 210 1137 judices,
227 1098 354 1138 singulis
369 1098 544 1129 nominibus
558 1099 694 1139 profero:
721 1099 873 1129 infinitam
889 1099 971 1129 mul-

79 1141 242 1171 titudinem
260 1141 442 1181 injuriarum
458 1142 665 1183 praetermitto.
705 1142 770 1172 Vos
785 1148 854 1172 ante
869 1142 972 1172 oculos

78 1184 257 1225 animosque
272 1191 383 1215 vestros
398 1185 462 1215 tota
477 1185 580 1215 Sicilia
594 1185 832 1215 decumanorum
847 1185 902 1215 hos
914 1185 973 1215 im-

79 1233 180 1268 petus,
206 1233 359 1258 aratorum
380 1227 574 1269 direptiones,
589 1228 683 1267 hujus
698 1228 972 1269 importunitatem,

79 1270 215 1311 Apronii
245 1281 387 1311 regnum,
414 1271 582 1312 proponite.
627 1271 797 1302 Contemsit
834 1271 970 1302 Siculos:

78 1321 140 1343 non
156 1314 246 1344 duxit
259 1313 418 1350 homines3
442 1324 496 1345 nec
510 1314 590 1355 ipsos
605 1315 644 1344 ad
664 1314 907 1356 persequendum
923 1325 974 1345 ve-

78 1355 237 1388 hementes
257 1357 332 1396 fore,
349 1363 378 1388 et
393 1368 445 1389 vos
460 1368 565 1389 eorum
580 1358 706 1397 injurias
721 1358 827 1388 leviter
847 1358 973 1395 laturos,

81 1400 275 1430 existimavit.

124 1442 254 1474 XXIV.
277 1443 374 1474 Esto:
408 1443 518 1474 falsam
536 1443 574 1474 de
588 1443 648 1474 illis
663 1444 771 1474 habuit
786 1443 972 1486 opinionem,

79 1486 195 1517 malam
210 1486 248 1517 de
256 1487 360 1517 vobis:
386 1494 607 1523 verumtamen,
625 1497 695 1517 cum
711 1487 748 1517 de
766 1487 876 1518 Siculis
892 1488 974 1517 male

79 1536 257 1567 mereretur,
269 1530 347 1560 cives
362 1531 519 1561 Romanos
534 1530 637 1567 coluit,
650 1530 697 1560 his
712 1530 850 1567 indulsit,
868 1541 973 1560 eorum

79 1573 230 1604 voluntati
246 1579 275 1603 et
286 1573 391 1614 gratiae
402 1574 522 1604 deditus
536 1574 604 1604 fuit.
629 1574 692 1604 Iste
704 1573 781 1604 cives
794 1574 973 1604 Romanos?

80 1616 127 1646 At
151 1616 245 1646 nullis
267 1616 418 1647 inimicior
438 1623 491 1646 aut
506 1616 641 1646 infestior
656 1616 724 1647 fuit.
750 1616 845 1647 Mitto
861 1617 972 1653 vincla,

79 1659 170 1689 mitto
180 1669 339 1697 carcerem,
351 1660 441 1690 mitto
452 1661 587 1697 verbera,
602 1660 691 1690 mitto
703 1670 818 1690 secures
830 1671 838 1689 :
855 1669 972 1690 cruceni

79 1701 213 1743 denique
236 1702 322 1732 illam
346 1703 554 1744 praetermitto,
572 1713 665 1744 quam
692 1703 807 1733 civibus
825 1703 974 1733 Romanis

79 1749 187 1775 testem
196 1745 396 1776 humanitatis
407 1746 439 1776 in
455 1756 504 1776 eos
519 1756 553 1776 ac
567 1746 784 1777 benevolentiae
799 1757 862 1776 suae
877 1746 973 1776 voluit

77 1798 158 1820 esse:
180 1788 283 1828 mitto,
304 1788 444 1831 inquam,
459 1789 525 1821 haec
538 1789 653 1827 omnia,
669 1796 762 1831 atque
776 1789 808 1820 in
826 1789 911 1820 aliud
926 1788 972 1819 di-
