1181 1902
208 91 259 123 IN
282 91 522 124 CAECILIUM
547 91 695 123 DIVIN.
719 91 802 123 CAP.
823 93 871 123 19.
929 93 988 128 127

88 183 269 219 quaestorem
284 178 367 209 illius
380 178 482 209 fuisse.
520 177 601 217 Quae
621 189 711 210 causa
730 178 830 219 gravis
850 184 937 217 esset,
960 179 987 209 si·

88 226 215 251 certares
229 231 362 259 mecum,
379 228 445 252 uter
460 224 598 252 nostrum
613 221 659 252 illi
674 222 798 252 amicior
818 232 880 252 esse
895 221 986 252 debe-

87 270 152 294 ret:
170 264 202 294 in
217 264 406 295 contentione
418 265 677 306 suscipiendarum
689 264 929 302 inimicitiarum,
946 265 987 294 ri-

87 306 226 337 diculum
250 313 294 338 est
314 314 432 348 putare,
455 318 577 338 causam
597 307 825 338 necessitudinis
848 308 886 338 ad
906 307 985 338 infe„

89 349 218 380 rendum
234 350 403 391 periculum
416 351 532 390 justam
548 350 643 381 videri
658 357 805 391 oportere.
843 351 984 389 Etenim,

89 392 115 422 si
130 393 277 434 plurimas
292 404 310 424 a
325 400 378 424 tuo
393 400 520 435 praetore
531 393 658 433 injurias
670 393 852 434 accepisses3
870 400 985 433 tamen,

91 446 141 466 eas
156 436 290 473 ferendo,
306 437 453 476 majorem
468 436 603 475 laudem,
616 447 710 477 quam
722 436 904 473 ulciscendo,
921 447 987 467 me-

92 489 208 509 rerere:
227 490 296 510 cum
313 490 382 510 vero
397 480 519 510 nullum
535 479 616 509 illius
631 480 663 510 in
679 480 741 510 vita
753 480 861 509 rectius
872 480 989 510 factum

91 522 141 560 sit,
158 533 252 563 quam
264 522 306 559 id,
320 523 402 563 quod
417 529 451 553 tu
465 523 610 562 injuriam
623 523 778 563 appellas3
795 522 827 552 hi
843 528 987 561 statuent,

93 564 172 595 hanc
187 575 319 603 causam,
337 576 431 606 quam
446 575 484 596 ne
499 566 530 595 in
546 566 605 596 alio
621 565 745 606 quidem
761 567 933 606 probarent,
954 566 988 596 in

91 614 122 638 te
133 609 248 647 justam
264 609 303 638 ad
318 608 568 639 necessitudinem
588 608 761 639 violandam
777 608 895 639 videri?
919 609 985 650 qui,

90 650 117 681 si
138 661 291 681 summam
312 652 455 691 injuriam
477 653 515 682 ab
535 652 588 681 illo
603 652 753 693 accepisti,
776 657 889 689 tamen,
912 663 988 692 quo-

91 694 176 724 niam
191 700 322 735 quaestor
336 695 400 734 ejus
415 694 512 733 fuisti,
528 705 589 725 non
601 701 686 736 potes
701 705 771 725 eum
785 695 848 725 sine
863 695 928 725 ulla
943 695 988 726 vi-

92 737 281 778 tuperatione
296 748 451 769 accusare:
478 739 502 768 si
517 748 587 769 vero
607 738 694 768 nulla
708 738 764 768 tibi
783 737 862 768 facta
877 744 921 768 est
940 738 988 768 in-

90 780 184 820 juria,
205 781 269 811 sine
289 781 397 812 scelere
416 791 487 811 eum
507 792 646 812 accusare
664 791 725 811 non
740 787 834 822 potes.
869 781 986 820 Quare,

91 833 164 854 cum
178 824 328 854 incertum
344 824 382 855 sit
396 824 434 855 de
448 824 571 864 injuria,
587 835 774 865 quemquam
796 834 858 854 esse
877 824 989 854 horum

90 873 192 909 putas,
216 867 270 908 qui
293 877 354 898 non
377 868 476 906 malit,
506 874 536 898 te
559 867 623 898 sine
642 867 873 909 vituperatione,
895 878 990 908 quam

92 921 164 941 cum
180 911 299 949 scelere,
315 911 466 941 discedere
476 913 490 941 ?

138 954 234 985 XIX.
257 954 303 984 At
323 954 402 991 vide,
424 954 499 996 quid
518 954 636 985 differat
656 954 734 985 inter
752 964 854 984 meam
870 953 990 995 opinio-

92 1006 164 1027 nem
179 1007 214 1028 ac
229 1002 326 1027 tuam.
360 997 425 1035 Tu,
448 1008 519 1028 cum
534 998 675 1028 omnibus
691 999 781 1028 rebus
796 997 919 1028 inferior
934 997 986 1034 sis,

91 1040 150 1071 hac
164 1041 227 1071 111ιέ1
242 1040 273 1070 in
289 1051 321 1071 re
335 1047 365 1071 te
380 1041 456 1071 mihi
477 1041 618 1072 anteferri
633 1046 723 1081 putas
738 1047 885 1081 oportere,
902 1040 986 1082 quod

93 1089 225 1125 quaestor
245 1083 327 1114 illius
350 1084 462 1114 fueris:
487 1095 554 1125 ego,
580 1084 605 1114 si
620 1084 754 1124 superior
770 1083 883 1114 caeteris
897 1085 988 1114 rebus

94 1137 183 1165 esses,
205 1127 284 1157 hanc
304 1137 399 1157 unam
422 1129 461 1158 ob
481 1137 604 1158 causam
625 1133 654 1157 te
675 1133 877 1157 accusatorem
897 1137 990 1167 repu-

93 1170 169 1200 diari
184 1176 324 1219 putarem
339 1176 485 1211 oportere.
509 1171 558 1202 Sic
575 1171 655 1201 enim
672 1181 690 1200 a
700 1170 867 1210 majoribus
879 1170 988 1200 nostris

93 1213 276 1254 accepimus,
292 1220 452 1254 praetorem
467 1214 610 1255 quaestori
625 1223 679 1244 suo
694 1213 826 1254 parentis
840 1213 906 1243 loco
927 1223 989 1243 esse

93 1263 249 1298 oportere·
274 1256 393 1287 nullam
408 1267 507 1298 neque
519 1258 680 1297 justiorem
700 1267 799 1298 neque
819 1256 989 1297 graviorem

93 1310 217 1330 causam
232 1300 460 1331 necessitudinis
475 1311 561 1349 posse
575 1300 709 1341 reperiri,
734 1310 827 1341 quam
846 1300 990 1339 conjunc-

93 1343 209 1373 tionem
230 1344 327 1381 sortis,
350 1354 443 1384 quam
463 1344 636 1393 provinciae,
658 1354 752 1384 quam
772 1343 873 1382 officii,
891 1353 989 1392 ‘quam

93 1386 251 1427 publicam
265 1387 400 1417 muneris
415 1387 595 1418 societatem.
628 1386 849 1425 Quamobrem,
875 1386 900 1416 si
920 1387 990 1425 jure

95 1440 168 1460 eum
182 1440 283 1470 posses
297 1440 446 1468 accusare,
463 1436 577 1468 tamen,
594 1440 665 1461 cum
679 1430 704 1461 is
719 1430 774 1461 tibi
788 1429 920 1470 parentis
931 1439 991 1459 nu-

95 1482 180 1503 mero
195 1472 312 1511 fuisset,
328 1473 360 1503 id
375 1473 424 1514 pie
439 1473 535 1504 facere
549 1483 611 1505 non
622 1484 733 1515 posses.
762 1473 844 1504 Cum
856 1483 874 1502 v
877 1482 926 1502 ero
938 1482 991 1502 ne-

94 1527 155 1557 que
178 1515 322 1556 injuriam
348 1517 506 1557 acceperis,
537 1523 566 1547 et
590 1517 712 1558 praetori
737 1522 790 1546 tuo
815 1515 988 1564 periculum

94 1569 194 1595 crees3
218 1559 349 1596 fatearis,
365 1570 482 1590 necesse
498 1566 552 1598 est,
574 1566 603 1591 te
618 1560 662 1590 illi
677 1560 826 1599 injustum
841 1559 989 1599 impium-

95 1613 157 1643 que
170 1603 287 1633 bellum
302 1603 413 1634 inferre
432 1604 542 1634 conari.
566 1603 692 1634 Etenim
712 1603 769 1633 ista
783 1608 936 1643 quaestura
952 1601 992 1631 ad

96 1656 164 1676 eam
188 1656 253 1676 rem
277 1647 368 1684 valet,
390 1653 425 1677 ut
446 1647 663 1677 elaborandum
679 1646 734 1676 tibi
749 1646 780 1675 in
796 1645 911 1675 ratione
925 1645 993 1675 red-

96 1688 197 1719 denda
212 1689 260 1727 sit,
277 1691 488 1730 quamobrem,
511 1690 564 1731 qui
580 1696 711 1731 quaestor
731 1690 796 1728 ejus
816 1688 920 1727 fueris,
943 1698 993 1717 ac-

95 1742 199 1763 cuses:
223 1743 285 1763 non
308 1739 352 1771 ut,
371 1735 410 1763 ob
426 1744 493 1764 eam
508 1734 607 1774 ipsam
622 1743 756 1771 causam,
773 1731 991 1773 postulandum

97 1775 148 1814 sit,
171 1781 206 1807 ut
226 1776 280 1807 tibi
301 1777 493 1818 potissimum
509 1777 657 1808 accusatio
677 1776 775 1807 detur.
801 1775 911 1816 Neque
931 1773 994 1804 fere
