<?xml version="1.0" encoding="UTF-8"?>
<!DOCTYPE html PUBLIC "-//W3C//DTD XHTML 1.0 Transitional//EN"
    "http://www.w3.org/TR/xhtml1/DTD/xhtml1-transitional.dtd">
<html xmlns="http://www.w3.org/1999/xhtml" xml:lang="en" lang="en">
 <head>
  <title>
</title>
<meta http-equiv="Content-Type" content="text/html;charset=utf-8" />
  <meta name='ocr-system' content='tesseract 3.04.00' />
  <meta name='ocr-capabilities' content='ocr_page ocr_carea ocr_par ocr_line ocrx_word'/>
</head>
<body>
  <div class='ocr_page' id='page_1' title='image "./operaern05ciceuoft_0315.png"; bbox 0 0 1181 1902; ppageno 0'>
   <div class='ocr_carea' id='block_1_1' title="bbox 206 117 926 169">
    <p class='ocr_par' dir='ltr' id='par_1_1' title="bbox 206 117 926 169">
     <span class='ocr_line' id='line_1_1' title="bbox 206 117 926 169; baseline 0 -20"><span class='ocrx_word' id='word_1_1' title='bbox 206 118 258 149; x_wconf 90' lang='lat' dir='ltr'>IN</span> <span class='ocrx_word' id='word_1_2' title='bbox 281 117 478 150; x_wconf 88' lang='lat' dir='ltr'><strong>VERREM</strong></span> <span class='ocrx_word' id='word_1_3' title='bbox 503 118 563 150; x_wconf 90' lang='lat' dir='ltr'>IV.</span> <span class='ocrx_word' id='word_1_4' title='bbox 587 118 672 169; x_wconf 58' lang='lat' dir='ltr'>(J&#39;Al‘.</span> <span class='ocrx_word' id='word_1_5' title='bbox 693 118 741 149; x_wconf 82' lang='grc'>16.</span> <span class='ocrx_word' id='word_1_6' title='bbox 860 118 926 149; x_wconf 83' lang='grc'>303</span> 
     </span>
    </p>
   </div>
   <div class='ocr_carea' id='block_1_2' title="bbox 23 203 932 1840">
    <p class='ocr_par' dir='ltr' id='par_1_2' title="bbox 23 203 931 1440">
     <span class='ocr_line' id='line_1_2' title="bbox 35 203 925 245; baseline 0 -11"><span class='ocrx_word' id='word_1_7' title='bbox 35 203 159 241; x_wconf 87' lang='lat' dir='ltr'>riorum,</span> <span class='ocrx_word' id='word_1_8' title='bbox 169 203 222 235; x_wconf 90' lang='lat' dir='ltr'>sed</span> <span class='ocrx_word' id='word_1_9' title='bbox 234 204 325 235; x_wconf 84' lang='lat' dir='ltr'>etiam</span> <span class='ocrx_word' id='word_1_10' title='bbox 341 212 445 236; x_wconf 86' lang='lat' dir='ltr'>contra</span> <span class='ocrx_word' id='word_1_11' title='bbox 455 205 559 236; x_wconf 90' lang='lat' dir='ltr'>omnia</span> <span class='ocrx_word' id='word_1_12' title='bbox 571 205 665 245; x_wconf 82' lang='lat' dir='ltr'>jura</span> <span class='ocrx_word' id='word_1_13' title='bbox 656 204 841 241; x_wconf 86' lang='lat' dir='ltr'>Siculorum,</span> <span class='ocrx_word' id='word_1_14' title='bbox 854 214 925 245; x_wconf 90' lang='lat' dir='ltr'>quae</span> 
     </span>
     <span class='ocr_line' id='line_1_3' title="bbox 37 246 926 290; baseline 0.002 -14"><span class='ocrx_word' id='word_1_15' title='bbox 37 246 150 277; x_wconf 88' lang='lat' dir='ltr'>habent</span> <span class='ocrx_word' id='word_1_16' title='bbox 164 257 182 277; x_wconf 81' lang='lat' dir='ltr'>a</span> <span class='ocrx_word' id='word_1_17' title='bbox 197 254 301 278; x_wconf 85' lang='lat' dir='ltr'>senatu</span> <span class='ocrx_word' id='word_1_18' title='bbox 317 249 492 290; x_wconf 88' lang='lat' dir='ltr'><strong>populoque</strong></span> <span class='ocrx_word' id='word_1_19' title='bbox 510 249 663 285; x_wconf 84' lang='lat' dir='ltr'>Romano,</span> <span class='ocrx_word' id='word_1_20' title='bbox 680 258 718 278; x_wconf 91' lang='lat' dir='ltr'>ne</span> <span class='ocrx_word' id='word_1_21' title='bbox 733 254 820 278; x_wconf 82' lang='lat' dir='ltr'>extra</span> <span class='ocrx_word' id='word_1_22' title='bbox 833 258 926 278; x_wconf 88' lang='lat' dir='ltr'>suum</span> 
     </span>
     <span class='ocr_line' id='line_1_4' title="bbox 37 289 924 332; baseline 0 -12"><span class='ocrx_word' id='word_1_23' title='bbox 37 289 138 320; x_wconf 84' lang='lat' dir='ltr'>forum</span> <span class='ocrx_word' id='word_1_24' title='bbox 153 290 361 321; x_wconf 87' lang='lat' dir='ltr'>vadimonium</span> <span class='ocrx_word' id='word_1_25' title='bbox 373 292 547 332; x_wconf 83' lang='lat' dir='ltr'>promittere</span> <span class='ocrx_word' id='word_1_26' title='bbox 557 302 612 331; x_wconf 72' lang='lat' dir='ltr'>conr</span> <span class='ocrx_word' id='word_1_27' title='bbox 613 298 711 321; x_wconf 88' lang='lat' dir='ltr'>antur.</span> <span class='ocrx_word' id='word_1_28' title='bbox 735 291 848 321; x_wconf 77' lang='lat' dir='ltr'>Statuit</span> <span class='ocrx_word' id='word_1_29' title='bbox 857 291 924 327; x_wconf 87' lang='lat' dir='ltr'>iste,</span> 
     </span>
     <span class='ocr_line' id='line_1_5' title="bbox 35 333 926 375; baseline 0.001 -13"><span class='ocrx_word' id='word_1_30' title='bbox 35 338 71 363; x_wconf 91' lang='lat' dir='ltr'>ut</span> <span class='ocrx_word' id='word_1_31' title='bbox 85 339 183 363; x_wconf 89' lang='lat' dir='ltr'>arator</span> <span class='ocrx_word' id='word_1_32' title='bbox 197 333 376 371; x_wconf 86' lang='lat' dir='ltr'>decumano,</span> <span class='ocrx_word' id='word_1_33' title='bbox 393 345 454 375; x_wconf 91' lang='lat' dir='ltr'>quo</span> <span class='ocrx_word' id='word_1_34' title='bbox 469 335 559 365; x_wconf 91' lang='lat' dir='ltr'>vellet</span> <span class='ocrx_word' id='word_1_35' title='bbox 575 335 772 371; x_wconf 77' lang='lat' dir='ltr'>decumanus,</span> <span class='ocrx_word' id='word_1_36' title='bbox 789 333 926 364; x_wconf 86' lang='lat' dir='ltr'>vadimo-</span> 
     </span>
     <span class='ocr_line' id='line_1_6' title="bbox 38 375 926 418; baseline 0.001 -13"><span class='ocrx_word' id='word_1_37' title='bbox 38 375 124 406; x_wconf 90' lang='lat' dir='ltr'>nium</span> <span class='ocrx_word' id='word_1_38' title='bbox 139 376 345 416; x_wconf 81' lang='lat' dir='ltr'>promitteret:</span> <span class='ocrx_word' id='word_1_39' title='bbox 371 384 405 407; x_wconf 91' lang='lat' dir='ltr'>ut</span> <span class='ocrx_word' id='word_1_40' title='bbox 424 378 474 407; x_wconf 82' lang='lat' dir='ltr'>hic</span> <span class='ocrx_word' id='word_1_41' title='bbox 495 388 617 418; x_wconf 90' lang='lat' dir='ltr'>quoque</span> <span class='ocrx_word' id='word_1_42' title='bbox 632 377 783 417; x_wconf 84' lang='lat' dir='ltr'>Apronio,</span> <span class='ocrx_word' id='word_1_43' title='bbox 801 386 871 406; x_wconf 88' lang='lat' dir='ltr'>cum</span> <span class='ocrx_word' id='word_1_44' title='bbox 888 387 926 407; x_wconf 89' lang='lat' dir='ltr'>ex</span> 
     </span>
     <span class='ocr_line' id='line_1_7' title="bbox 38 417 926 461; baseline 0.001 -13"><span class='ocrx_word' id='word_1_45' title='bbox 38 417 188 449; x_wconf 84' lang='lat' dir='ltr'>Leontino</span> <span class='ocrx_word' id='word_1_46' title='bbox 208 430 305 461; x_wconf 87' lang='lat' dir='ltr'>usque</span> <span class='ocrx_word' id='word_1_47' title='bbox 331 420 507 461; x_wconf 84' lang='lat' dir='ltr'>Lilybaeum</span> <span class='ocrx_word' id='word_1_48' title='bbox 533 420 668 461; x_wconf 85' lang='lat' dir='ltr'>aliquem</span> <span class='ocrx_word' id='word_1_49' title='bbox 694 420 866 457; x_wconf 85' lang='lat' dir='ltr'>vadaretur,</span> <span class='ocrx_word' id='word_1_50' title='bbox 888 430 926 450; x_wconf 88' lang='lat' dir='ltr'>ex</span> 
     </span>
     <span class='ocr_line' id='line_1_8' title="bbox 37 461 925 504; baseline 0.001 -13"><span class='ocrx_word' id='word_1_51' title='bbox 37 461 152 492; x_wconf 87' lang='lat' dir='ltr'>miseris</span> <span class='ocrx_word' id='word_1_52' title='bbox 175 463 342 494; x_wconf 86' lang='lat' dir='ltr'>aratoribus</span> <span class='ocrx_word' id='word_1_53' title='bbox 364 463 571 494; x_wconf 84' lang='lat' dir='ltr'>calumniandi</span> <span class='ocrx_word' id='word_1_54' title='bbox 595 469 728 504; x_wconf 85' lang='lat' dir='ltr'>quaestus</span> <span class='ocrx_word' id='word_1_55' title='bbox 752 462 925 492; x_wconf 80' lang='lat' dir='ltr'><strong>accederet.</strong></span> 
     </span>
     <span class='ocr_line' id='line_1_9' title="bbox 37 505 927 546; baseline 0.002 -12"><span class='ocrx_word' id='word_1_56' title='bbox 37 514 225 546; x_wconf 84' lang='lat' dir='ltr'>quamquam</span> <span class='ocrx_word' id='word_1_57' title='bbox 241 506 294 536; x_wconf 85' lang='lat' dir='ltr'>illa</span> <span class='ocrx_word' id='word_1_58' title='bbox 313 506 372 537; x_wconf 87' lang='lat' dir='ltr'>fuit</span> <span class='ocrx_word' id='word_1_59' title='bbox 387 506 426 536; x_wconf 91' lang='lat' dir='ltr'>ad</span> <span class='ocrx_word' id='word_1_60' title='bbox 441 506 626 537; x_wconf 77' lang='lat' dir='ltr'>calumniam</span> <span class='ocrx_word' id='word_1_61' title='bbox 642 505 788 546; x_wconf 84' lang='lat' dir='ltr'>singulari</span> <span class='ocrx_word' id='word_1_62' title='bbox 803 505 927 536; x_wconf 85' lang='lat' dir='ltr'>consilio</span> 
     </span>
     <span class='ocr_line' id='line_1_10' title="bbox 38 549 928 590; baseline 0.001 -13"><span class='ocrx_word' id='word_1_63' title='bbox 38 554 155 588; x_wconf 84' lang='lat' dir='ltr'>reperta</span> <span class='ocrx_word' id='word_1_64' title='bbox 174 549 261 587; x_wconf 85' lang='lat' dir='ltr'>ratio,</span> <span class='ocrx_word' id='word_1_65' title='bbox 283 549 365 590; x_wconf 87' lang='lat' dir='ltr'>quod</span> <span class='ocrx_word' id='word_1_66' title='bbox 386 549 531 587; x_wconf 80' lang='lat' dir='ltr'>edixerat,</span> <span class='ocrx_word' id='word_1_67' title='bbox 553 555 588 579; x_wconf 88' lang='lat' dir='ltr'>ut</span> <span class='ocrx_word' id='word_1_68' title='bbox 603 554 732 579; x_wconf 87' lang='lat' dir='ltr'>aratores</span> <span class='ocrx_word' id='word_1_69' title='bbox 750 550 859 589; x_wconf 85' lang='lat' dir='ltr'>jugera</span> <span class='ocrx_word' id='word_1_70' title='bbox 880 559 928 578; x_wconf 86' lang='lat' dir='ltr'>sa-</span> 
     </span>
     <span class='ocr_line' id='line_1_11' title="bbox 23 590 928 633; baseline 0 -13"><span class='ocrx_word' id='word_1_71' title='bbox 23 590 155 620; x_wconf 65' lang='lat' dir='ltr'>tionum</span> <span class='ocrx_word' id='word_1_72' title='bbox 171 602 295 622; x_wconf 89' lang='lat' dir='ltr'>suarum</span> <span class='ocrx_word' id='word_1_73' title='bbox 311 593 531 633; x_wconf 88' lang='lat' dir='ltr'>profiterentur.</span> <span class='ocrx_word' id='word_1_74' title='bbox 555 593 636 630; x_wconf 64' lang='lat' dir='ltr'>Quae</span> <span class='ocrx_word' id='word_1_75' title='bbox 655 602 701 622; x_wconf 88' lang='lat' dir='ltr'>res</span> <span class='ocrx_word' id='word_1_76' title='bbox 717 602 787 622; x_wconf 88' lang='lat' dir='ltr'>cum</span> <span class='ocrx_word' id='word_1_77' title='bbox 803 591 842 621; x_wconf 88' lang='lat' dir='ltr'>ad</span> <span class='ocrx_word' id='word_1_78' title='bbox 856 601 928 631; x_wconf 87' lang='lat' dir='ltr'>pac-</span> 
     </span>
     <span class='ocr_line' id='line_1_12' title="bbox 36 633 929 677; baseline 0.001 -14"><span class='ocrx_word' id='word_1_79' title='bbox 36 633 132 664; x_wconf 87' lang='lat' dir='ltr'>tiones</span> <span class='ocrx_word' id='word_1_80' title='bbox 147 634 351 676; x_wconf 85' lang='lat' dir='ltr'>iniquissimas</span> <span class='ocrx_word' id='word_1_81' title='bbox 366 646 511 677; x_wconf 87' lang='lat' dir='ltr'>magnam</span> <span class='ocrx_word' id='word_1_82' title='bbox 526 635 589 666; x_wconf 88' lang='lat' dir='ltr'>vim</span> <span class='ocrx_word' id='word_1_83' title='bbox 605 635 712 665; x_wconf 82' lang='lat' dir='ltr'><strong>habuit</strong></span> <span class='ocrx_word' id='word_1_84' title='bbox 727 635 818 668; x_wconf 84' lang='lat' dir='ltr'>(sicut</span> <span class='ocrx_word' id='word_1_85' title='bbox 828 640 929 664; x_wconf 89' lang='lat' dir='ltr'>osten-</span> 
     </span>
     <span class='ocr_line' id='line_1_13' title="bbox 38 676 928 719; baseline 0.001 -13"><span class='ocrx_word' id='word_1_86' title='bbox 38 676 135 715; x_wconf 87' lang='lat' dir='ltr'>dam),</span> <span class='ocrx_word' id='word_1_87' title='bbox 159 687 258 719; x_wconf 89' lang='lat' dir='ltr'>neque</span> <span class='ocrx_word' id='word_1_88' title='bbox 281 679 321 709; x_wconf 89' lang='lat' dir='ltr'>ad</span> <span class='ocrx_word' id='word_1_89' title='bbox 341 679 437 709; x_wconf 89' lang='lat' dir='ltr'>ullam</span> <span class='ocrx_word' id='word_1_90' title='bbox 458 679 621 709; x_wconf 83' lang='lat' dir='ltr'>utilitatem</span> <span class='ocrx_word' id='word_1_91' title='bbox 640 678 814 719; x_wconf 82' lang='lat' dir='ltr'>reipublicae</span> <span class='ocrx_word' id='word_1_92' title='bbox 834 677 928 717; x_wconf 87' lang='lat' dir='ltr'>perti-</span> 
     </span>
     <span class='ocr_line' id='line_1_14' title="bbox 37 720 928 762; baseline 0.001 -13"><span class='ocrx_word' id='word_1_93' title='bbox 37 720 124 756; x_wconf 86' lang='lat' dir='ltr'>nuit;</span> <span class='ocrx_word' id='word_1_94' title='bbox 149 727 216 751; x_wconf 87' lang='lat' dir='ltr'>tum</span> <span class='ocrx_word' id='word_1_95' title='bbox 232 732 301 752; x_wconf 88' lang='lat' dir='ltr'>vero</span> <span class='ocrx_word' id='word_1_96' title='bbox 316 722 355 752; x_wconf 88' lang='lat' dir='ltr'>ad</span> <span class='ocrx_word' id='word_1_97' title='bbox 370 722 568 759; x_wconf 80' lang='lat' dir='ltr'>calumnias,</span> <span class='ocrx_word' id='word_1_98' title='bbox 560 732 592 752; x_wconf 88' lang='lat' dir='ltr'>m</span> <span class='ocrx_word' id='word_1_99' title='bbox 608 732 683 762; x_wconf 91' lang='lat' dir='ltr'>quas</span> <span class='ocrx_word' id='word_1_100' title='bbox 699 731 803 751; x_wconf 87' lang='lat' dir='ltr'>omnes</span> <span class='ocrx_word' id='word_1_101' title='bbox 814 720 928 750; x_wconf 85' lang='lat' dir='ltr'>incide-</span> 
     </span>
     <span class='ocr_line' id='line_1_15' title="bbox 37 764 928 814; baseline 0.001 -22"><span class='ocrx_word' id='word_1_102' title='bbox 37 769 114 800; x_wconf 86' lang='lat' dir='ltr'>rent,</span> <span class='ocrx_word' id='word_1_103' title='bbox 128 774 204 804; x_wconf 91' lang='lat' dir='ltr'>quos</span> <span class='ocrx_word' id='word_1_104' title='bbox 224 765 313 795; x_wconf 83' lang='lat' dir='ltr'>vellet</span> <span class='ocrx_word' id='word_1_105' title='bbox 328 765 496 814; x_wconf 88' lang='lat' dir='ltr'>Apronius.</span> <span class='ocrx_word' id='word_1_106' title='bbox 520 765 565 795; x_wconf 93' lang='lat' dir='ltr'>Ut</span> <span class='ocrx_word' id='word_1_107' title='bbox 581 765 663 795; x_wconf 87' lang='grc'><strong>8111111</strong></span> <span class='ocrx_word' id='word_1_108' title='bbox 678 764 808 805; x_wconf 87' lang='lat' dir='ltr'>quisque</span> <span class='ocrx_word' id='word_1_109' title='bbox 823 769 928 794; x_wconf 81' lang='lat' dir='ltr'>contra</span> 
     </span>
     <span class='ocr_line' id='line_1_16' title="bbox 37 806 929 847; baseline 0 -11"><span class='ocrx_word' id='word_1_110' title='bbox 37 806 225 837; x_wconf 84' lang='lat' dir='ltr'>voluntatem</span> <span class='ocrx_word' id='word_1_111' title='bbox 236 809 301 847; x_wconf 87' lang='lat' dir='ltr'>ejus</span> <span class='ocrx_word' id='word_1_112' title='bbox 316 808 446 846; x_wconf 83' lang='lat' dir='ltr'>dixerat,</span> <span class='ocrx_word' id='word_1_113' title='bbox 458 809 501 838; x_wconf 89' lang='lat' dir='ltr'>ita</span> <span class='ocrx_word' id='word_1_114' title='bbox 515 808 547 838; x_wconf 92' lang='lat' dir='ltr'>in</span> <span class='ocrx_word' id='word_1_115' title='bbox 560 818 630 838; x_wconf 86' lang='lat' dir='ltr'>eum</span> <span class='ocrx_word' id='word_1_116' title='bbox 643 807 794 847; x_wconf 81' lang='lat' dir='ltr'>judicium</span> <span class='ocrx_word' id='word_1_117' title='bbox 806 806 844 836; x_wconf 87' lang='lat' dir='ltr'>de</span> <span class='ocrx_word' id='word_1_118' title='bbox 858 817 929 847; x_wconf 87' lang='lat' dir='ltr'>pro-</span> 
     </span>
     <span class='ocr_line' id='line_1_17' title="bbox 37 847 927 892; baseline 0.002 -14"><span class='ocrx_word' id='word_1_119' title='bbox 37 847 164 880; x_wconf 83' lang='lat' dir='ltr'>sessione</span> <span class='ocrx_word' id='word_1_120' title='bbox 185 851 329 891; x_wconf 88' lang='lat' dir='ltr'>jugerum</span> <span class='ocrx_word' id='word_1_121' title='bbox 349 852 578 892; x_wconf 86' lang='lat' dir='ltr'>postulabatur.</span> <span class='ocrx_word' id='word_1_122' title='bbox 603 852 691 890; x_wconf 91' lang='lat' dir='ltr'>cujus</span> <span class='ocrx_word' id='word_1_123' title='bbox 712 850 820 890; x_wconf 88' lang='lat' dir='ltr'>judicii</span> <span class='ocrx_word' id='word_1_124' title='bbox 842 856 927 880; x_wconf 87' lang='lat' dir='ltr'>metu</span> 
     </span>
     <span class='ocr_line' id='line_1_18' title="bbox 37 894 928 933; baseline 0.001 -12"><span class='ocrx_word' id='word_1_125' title='bbox 37 901 167 933; x_wconf 86' lang='lat' dir='ltr'>magnus</span> <span class='ocrx_word' id='word_1_126' title='bbox 191 904 209 923; x_wconf 90' lang='lat' dir='ltr'>a</span> <span class='ocrx_word' id='word_1_127' title='bbox 232 894 337 924; x_wconf 90' lang='lat' dir='ltr'>multis</span> <span class='ocrx_word' id='word_1_128' title='bbox 358 894 505 924; x_wconf 81' lang='lat' dir='ltr'>frumenti</span> <span class='ocrx_word' id='word_1_129' title='bbox 522 905 669 924; x_wconf 85' lang='lat' dir='ltr'>numerus</span> <span class='ocrx_word' id='word_1_130' title='bbox 689 894 819 931; x_wconf 87' lang='lat' dir='ltr'>ablatus,</span> <span class='ocrx_word' id='word_1_131' title='bbox 840 903 928 933; x_wconf 90' lang='lat' dir='ltr'>mag-</span> 
     </span>
     <span class='ocr_line' id='line_1_19' title="bbox 37 937 929 978; baseline 0.001 -14"><span class='ocrx_word' id='word_1_132' title='bbox 37 944 145 976; x_wconf 83' lang='lat' dir='ltr'>naeque</span> <span class='ocrx_word' id='word_1_133' title='bbox 160 937 296 977; x_wconf 83' lang='lat' dir='ltr'>pecuniae</span> <span class='ocrx_word' id='word_1_134' title='bbox 314 943 424 968; x_wconf 64' lang='lat' dir='ltr'>coactae</span> <span class='ocrx_word' id='word_1_135' title='bbox 439 943 530 973; x_wconf 85' lang='lat' dir='ltr'>sunt;</span> <span class='ocrx_word' id='word_1_136' title='bbox 554 947 616 967; x_wconf 92' lang='lat' dir='ltr'>non</span> <span class='ocrx_word' id='word_1_137' title='bbox 632 947 694 978; x_wconf 92' lang='lat' dir='ltr'>quo</span> <span class='ocrx_word' id='word_1_138' title='bbox 709 938 852 977; x_wconf 88' lang='lat' dir='ltr'>jugerum</span> <span class='ocrx_word' id='word_1_139' title='bbox 869 945 929 966; x_wconf 51' lang='lat' dir='ltr'>nu„</span> 
     </span>
     <span class='ocr_line' id='line_1_20' title="bbox 37 979 928 1021; baseline 0.001 -14"><span class='ocrx_word' id='word_1_140' title='bbox 37 987 157 1008; x_wconf 87' lang='lat' dir='ltr'>merum</span> <span class='ocrx_word' id='word_1_141' title='bbox 174 990 241 1010; x_wconf 80' lang='lat' dir='ltr'>vere</span> <span class='ocrx_word' id='word_1_142' title='bbox 250 980 383 1020; x_wconf 74' lang='lat' dir='ltr'>profiteri</span> <span class='ocrx_word' id='word_1_143' title='bbox 395 987 469 1011; x_wconf 84' lang='lat' dir='ltr'>esset</span> <span class='ocrx_word' id='word_1_144' title='bbox 482 980 614 1017; x_wconf 89' lang='lat' dir='ltr'>difficile,</span> <span class='ocrx_word' id='word_1_145' title='bbox 627 987 681 1010; x_wconf 89' lang='lat' dir='ltr'>aut</span> <span class='ocrx_word' id='word_1_146' title='bbox 692 980 824 1021; x_wconf 88' lang='lat' dir='ltr'>amplius</span> <span class='ocrx_word' id='word_1_147' title='bbox 837 979 928 1009; x_wconf 83' lang='lat' dir='ltr'>etiam</span> 
     </span>
     <span class='ocr_line' id='line_1_21' title="bbox 37 1021 929 1064; baseline 0.001 -13"><span class='ocrx_word' id='word_1_148' title='bbox 37 1021 182 1061; x_wconf 82' lang='lat' dir='ltr'>profiteri,</span> <span class='ocrx_word' id='word_1_149' title='bbox 199 1023 288 1064; x_wconf 89' lang='lat' dir='ltr'>(quid</span> <span class='ocrx_word' id='word_1_150' title='bbox 303 1023 385 1053; x_wconf 90' lang='lat' dir='ltr'>enim</span> <span class='ocrx_word' id='word_1_151' title='bbox 400 1024 431 1053; x_wconf 88' lang='lat' dir='ltr'>in</span> <span class='ocrx_word' id='word_1_152' title='bbox 448 1034 482 1054; x_wconf 89' lang='lat' dir='ltr'>eo</span> <span class='ocrx_word' id='word_1_153' title='bbox 497 1023 624 1064; x_wconf 89' lang='lat' dir='ltr'>periculi</span> <span class='ocrx_word' id='word_1_154' title='bbox 639 1033 701 1053; x_wconf 87' lang='lat' dir='ltr'>esse</span> <span class='ocrx_word' id='word_1_155' title='bbox 715 1028 815 1063; x_wconf 88' lang='lat' dir='ltr'>posset</span> <span class='ocrx_word' id='word_1_156' title='bbox 825 1022 853 1059; x_wconf 69' lang='grc' dir='ltr'>Ρ)</span> <span class='ocrx_word' id='word_1_157' title='bbox 877 1022 929 1052; x_wconf 92' lang='lat' dir='ltr'>sed</span> 
     </span>
     <span class='ocr_line' id='line_1_22' title="bbox 39 1065 928 1108; baseline 0.001 -14"><span class='ocrx_word' id='word_1_158' title='bbox 39 1074 128 1095; x_wconf 84' lang='lat' dir='ltr'>causa</span> <span class='ocrx_word' id='word_1_159' title='bbox 143 1072 205 1095; x_wconf 83' lang='lat' dir='ltr'>erat</span> <span class='ocrx_word' id='word_1_160' title='bbox 212 1066 319 1105; x_wconf 84' lang='lat' dir='ltr'>judicii</span> <span class='ocrx_word' id='word_1_161' title='bbox 329 1066 514 1107; x_wconf 81' lang='lat' dir='ltr'>postulandi,</span> <span class='ocrx_word' id='word_1_162' title='bbox 525 1066 608 1108; x_wconf 91' lang='lat' dir='ltr'>quod</span> <span class='ocrx_word' id='word_1_163' title='bbox 618 1076 655 1096; x_wconf 85' lang='lat' dir='ltr'>ex</span> <span class='ocrx_word' id='word_1_164' title='bbox 665 1066 762 1096; x_wconf 87' lang='lat' dir='ltr'>edicto</span> <span class='ocrx_word' id='word_1_165' title='bbox 776 1065 928 1106; x_wconf 88' lang='lat' dir='ltr'>professus</span> 
     </span>
     <span class='ocr_line' id='line_1_23' title="bbox 38 1109 928 1150; baseline 0.001 -13"><span class='ocrx_word' id='word_1_166' title='bbox 38 1116 99 1138; x_wconf 91' lang='lat' dir='ltr'>non</span> <span class='ocrx_word' id='word_1_167' title='bbox 115 1115 199 1138; x_wconf 87' lang='lat' dir='ltr'>esset.</span> <span class='ocrx_word' id='word_1_168' title='bbox 223 1109 245 1139; x_wconf 86' lang='lat' dir='ltr'><em>J</em></span> <span class='ocrx_word' id='word_1_169' title='bbox 249 1109 381 1139; x_wconf 82' lang='lat' dir='ltr'>udicium</span> <span class='ocrx_word' id='word_1_170' title='bbox 399 1116 502 1140; x_wconf 85' lang='lat' dir='ltr'>autem</span> <span class='ocrx_word' id='word_1_171' title='bbox 514 1109 597 1150; x_wconf 92' lang='lat' dir='ltr'>quod</span> <span class='ocrx_word' id='word_1_172' title='bbox 611 1109 703 1139; x_wconf 90' lang='lat' dir='ltr'>fuerit</span> <span class='ocrx_word' id='word_1_173' title='bbox 717 1109 774 1139; x_wconf 86' lang='lat' dir='ltr'>isto</span> <span class='ocrx_word' id='word_1_174' title='bbox 788 1114 928 1150; x_wconf 87' lang='lat' dir='ltr'>praetore,</span> 
     </span>
     <span class='ocr_line' id='line_1_24' title="bbox 40 1151 928 1193; baseline 0.001 -13"><span class='ocrx_word' id='word_1_175' title='bbox 40 1151 76 1189; x_wconf 89' lang='lat' dir='ltr'>si,</span> <span class='ocrx_word' id='word_1_176' title='bbox 93 1162 162 1192; x_wconf 82' lang='lat' dir='ltr'>quae</span> <span class='ocrx_word' id='word_1_177' title='bbox 181 1152 286 1182; x_wconf 89' lang='lat' dir='ltr'>cohors</span> <span class='ocrx_word' id='word_1_178' title='bbox 307 1162 336 1182; x_wconf 91' lang='lat' dir='ltr'>et</span> <span class='ocrx_word' id='word_1_179' title='bbox 357 1153 411 1193; x_wconf 91' lang='lat' dir='ltr'>qui</span> <span class='ocrx_word' id='word_1_180' title='bbox 436 1153 597 1183; x_wconf 84' lang='lat' dir='ltr'>comitatus</span> <span class='ocrx_word' id='word_1_181' title='bbox 615 1152 718 1188; x_wconf 70' lang='lat' dir='ltr'>fuerit,</span> <span class='ocrx_word' id='word_1_182' title='bbox 734 1151 928 1189; x_wconf 85' lang='lat' dir='ltr'>meministis,</span> 
     </span>
     <span class='ocr_line' id='line_1_25' title="bbox 39 1193 930 1237; baseline 0.001 -14"><span class='ocrx_word' id='word_1_183' title='bbox 39 1193 112 1224; x_wconf 85' lang='lat' dir='ltr'>scire</span> <span class='ocrx_word' id='word_1_184' title='bbox 127 1194 251 1225; x_wconf 86' lang='lat' dir='ltr'>debetis.</span> <span class='ocrx_word' id='word_1_185' title='bbox 275 1195 361 1233; x_wconf 89' lang='lat' dir='ltr'>Quid</span> <span class='ocrx_word' id='word_1_186' title='bbox 371 1196 465 1236; x_wconf 82' lang='lat' dir='ltr'>igitur</span> <span class='ocrx_word' id='word_1_187' title='bbox 480 1202 535 1234; x_wconf 87' lang='lat' dir='ltr'>est,</span> <span class='ocrx_word' id='word_1_188' title='bbox 551 1195 633 1237; x_wconf 90' lang='lat' dir='ltr'>quod</span> <span class='ocrx_word' id='word_1_189' title='bbox 646 1206 684 1226; x_wconf 83' lang='lat' dir='ltr'>ex</span> <span class='ocrx_word' id='word_1_190' title='bbox 699 1195 754 1225; x_wconf 91' lang='lat' dir='ltr'>hac</span> <span class='ocrx_word' id='word_1_191' title='bbox 769 1194 930 1236; x_wconf 86' lang='lat' dir='ltr'>iniquitate</span> 
     </span>
     <span class='ocr_line' id='line_1_26' title="bbox 39 1238 931 1279; baseline 0.001 -12"><span class='ocrx_word' id='word_1_192' title='bbox 39 1246 188 1268; x_wconf 88' lang='lat' dir='ltr'>novorum</span> <span class='ocrx_word' id='word_1_193' title='bbox 212 1238 379 1269; x_wconf 85' lang='lat' dir='ltr'>edictorum</span> <span class='ocrx_word' id='word_1_194' title='bbox 399 1239 528 1279; x_wconf 85' lang='lat' dir='ltr'>intelligi</span> <span class='ocrx_word' id='word_1_195' title='bbox 549 1238 651 1275; x_wconf 89' lang='lat' dir='ltr'>velim,</span> <span class='ocrx_word' id='word_1_196' title='bbox 673 1238 789 1278; x_wconf 87' lang='lat' dir='ltr'>judices</span> <span class='ocrx_word' id='word_1_197' title='bbox 802 1239 816 1268; x_wconf 61' lang='grc' dir='ltr'>ἶ*</span> <span class='ocrx_word' id='word_1_198' title='bbox 841 1238 931 1277; x_wconf 85' lang='lat' dir='ltr'>InJ&#39;u-</span> 
     </span>
     <span class='ocr_line' id='line_1_27' title="bbox 40 1279 930 1312; baseline 0 -2"><span class='ocrx_word' id='word_1_199' title='bbox 40 1279 155 1311; x_wconf 86' lang='lat' dir='ltr'>riamne</span> <span class='ocrx_word' id='word_1_200' title='bbox 173 1281 284 1312; x_wconf 86' lang='lat' dir='ltr'>factam</span> <span class='ocrx_word' id='word_1_201' title='bbox 305 1282 390 1312; x_wconf 83' lang='lat' dir='ltr'>sociis</span> <span class='ocrx_word' id='word_1_202' title='bbox 402 1283 416 1312; x_wconf 83' lang='lat'>?</span> <span class='ocrx_word' id='word_1_203' title='bbox 439 1288 471 1312; x_wconf 91' lang='lat' dir='ltr'>at</span> <span class='ocrx_word' id='word_1_204' title='bbox 494 1282 610 1312; x_wconf 86' lang='lat' dir='ltr'>videtis.</span> <span class='ocrx_word' id='word_1_205' title='bbox 633 1281 858 1312; x_wconf 85' lang='lat' dir='ltr'>Auctoritatem</span> <span class='ocrx_word' id='word_1_206' title='bbox 879 1291 930 1310; x_wconf 90' lang='lat' dir='ltr'>su-</span> 
     </span>
     <span class='ocr_line' id='line_1_28' title="bbox 38 1323 930 1365; baseline 0.001 -12"><span class='ocrx_word' id='word_1_207' title='bbox 38 1323 191 1363; x_wconf 87' lang='lat' dir='ltr'>periorum</span> <span class='ocrx_word' id='word_1_208' title='bbox 202 1325 391 1365; x_wconf 80' lang='lat' dir='ltr'>repudiatam</span> <span class='ocrx_word' id='word_1_209' title='bbox 403 1327 417 1355; x_wconf 70' lang='grc' dir='ltr'><em>Ρ</em></span> <span class='ocrx_word' id='word_1_210' title='bbox 440 1335 500 1355; x_wconf 88' lang='grc'><strong>11011</strong></span> <span class='ocrx_word' id='word_1_211' title='bbox 514 1324 638 1355; x_wconf 87' lang='lat' dir='ltr'>audebit</span> <span class='ocrx_word' id='word_1_212' title='bbox 647 1335 766 1365; x_wconf 79' lang='lat' dir='ltr'>negare.</span> <span class='ocrx_word' id='word_1_213' title='bbox 790 1323 930 1354; x_wconf 84' lang='lat' dir='ltr'>Tantum</span> 
     </span>
     <span class='ocr_line' id='line_1_29' title="bbox 39 1366 931 1409; baseline 0.001 -13"><span class='ocrx_word' id='word_1_214' title='bbox 39 1366 216 1407; x_wconf 85' lang='lat' dir='ltr'>Apronium</span> <span class='ocrx_word' id='word_1_215' title='bbox 231 1368 288 1398; x_wconf 84' lang='lat' dir='ltr'>isto</span> <span class='ocrx_word' id='word_1_216' title='bbox 296 1374 424 1409; x_wconf 87' lang='lat' dir='ltr'>praetore</span> <span class='ocrx_word' id='word_1_217' title='bbox 438 1368 571 1409; x_wconf 85' lang='lat' dir='ltr'>potuisse</span> <span class='ocrx_word' id='word_1_218' title='bbox 583 1370 596 1398; x_wconf 67' lang='grc' dir='ltr'><strong><em>ἓ</em></strong></span> <span class='ocrx_word' id='word_1_219' title='bbox 620 1369 797 1398; x_wconf 86' lang='lat' dir='ltr'>confiteatur</span> <span class='ocrx_word' id='word_1_220' title='bbox 812 1376 931 1397; x_wconf 85' lang='lat' dir='ltr'>necesse</span> 
     </span>
     <span class='ocr_line' id='line_1_30' title="bbox 41 1415 93 1440; baseline -0.019 0"><span class='ocrx_word' id='word_1_221' title='bbox 41 1415 93 1440; x_wconf 85' lang='lat' dir='ltr'>est.</span> 
     </span>
    </p>

    <p class='ocr_par' dir='ltr' id='par_1_3' title="bbox 41 1452 932 1752">
     <span class='ocr_line' id='line_1_31' title="bbox 81 1452 929 1494; baseline 0 -11"><span class='ocrx_word' id='word_1_222' title='bbox 81 1453 176 1483; x_wconf 89' lang='lat' dir='ltr'><strong>XVI.</strong></span> <span class='ocrx_word' id='word_1_223' title='bbox 199 1452 260 1484; x_wconf 87' lang='lat' dir='ltr'>Sed</span> <span class='ocrx_word' id='word_1_224' title='bbox 277 1464 330 1484; x_wconf 83' lang='lat' dir='ltr'>vos</span> <span class='ocrx_word' id='word_1_225' title='bbox 349 1454 485 1492; x_wconf 85' lang='lat' dir='ltr'>fortasse,</span> <span class='ocrx_word' id='word_1_226' title='bbox 503 1453 586 1494; x_wconf 91' lang='lat' dir='ltr'>quod</span> <span class='ocrx_word' id='word_1_227' title='bbox 606 1464 658 1484; x_wconf 87' lang='lat' dir='ltr'>vos</span> <span class='ocrx_word' id='word_1_228' title='bbox 673 1453 725 1483; x_wconf 82' lang='lat' dir='ltr'>lex</span> <span class='ocrx_word' id='word_1_229' title='bbox 744 1458 929 1490; x_wconf 84' lang='lat' dir='ltr'>commonet,</span> 
     </span>
     <span class='ocr_line' id='line_1_32' title="bbox 41 1495 932 1538; baseline 0.001 -13"><span class='ocrx_word' id='word_1_230' title='bbox 41 1495 72 1525; x_wconf 89' lang='lat' dir='ltr'>id</span> <span class='ocrx_word' id='word_1_231' title='bbox 86 1495 117 1525; x_wconf 93' lang='lat' dir='ltr'>in</span> <span class='ocrx_word' id='word_1_232' title='bbox 132 1496 189 1526; x_wconf 89' lang='lat' dir='ltr'>hoc</span> <span class='ocrx_word' id='word_1_233' title='bbox 203 1496 270 1527; x_wconf 91' lang='lat' dir='ltr'>loco</span> <span class='ocrx_word' id='word_1_234' title='bbox 285 1498 436 1538; x_wconf 85' lang='lat' dir='ltr'>quaeretis,</span> <span class='ocrx_word' id='word_1_235' title='bbox 449 1507 526 1527; x_wconf 88' lang='lat' dir='ltr'>num</span> <span class='ocrx_word' id='word_1_236' title='bbox 541 1508 617 1538; x_wconf 82' lang='lat' dir='ltr'>quas</span> <span class='ocrx_word' id='word_1_237' title='bbox 632 1507 669 1527; x_wconf 78' lang='lat' dir='ltr'>ex</span> <span class='ocrx_word' id='word_1_238' title='bbox 685 1497 765 1527; x_wconf 85' lang='lat' dir='ltr'>hisce</span> <span class='ocrx_word' id='word_1_239' title='bbox 776 1497 866 1527; x_wconf 91' lang='lat' dir='ltr'>rebus</span> <span class='ocrx_word' id='word_1_240' title='bbox 877 1506 932 1536; x_wconf 88' lang='lat' dir='ltr'>pe-</span> 
     </span>
     <span class='ocr_line' id='line_1_33' title="bbox 43 1539 932 1581; baseline 0 -12"><span class='ocrx_word' id='word_1_241' title='bbox 43 1539 147 1569; x_wconf 85' lang='lat' dir='ltr'>eunias</span> <span class='ocrx_word' id='word_1_242' title='bbox 166 1540 301 1580; x_wconf 81' lang='lat' dir='ltr'>ceperit?</span> <span class='ocrx_word' id='word_1_243' title='bbox 326 1540 461 1579; x_wconf 89' lang='lat' dir='ltr'>Docebo,</span> <span class='ocrx_word' id='word_1_244' title='bbox 486 1540 597 1581; x_wconf 86' lang='lat' dir='ltr'>cepisse</span> <span class='ocrx_word' id='word_1_245' title='bbox 616 1539 788 1575; x_wconf 86' lang='lat' dir='ltr'>maximas;</span> <span class='ocrx_word' id='word_1_246' title='bbox 812 1549 932 1569; x_wconf 84' lang='lat' dir='ltr'>omnes-</span> 
     </span>
     <span class='ocr_line' id='line_1_34' title="bbox 44 1582 932 1624; baseline 0.001 -13"><span class='ocrx_word' id='word_1_247' title='bbox 44 1592 103 1622; x_wconf 91' lang='lat' dir='ltr'>que</span> <span class='ocrx_word' id='word_1_248' title='bbox 118 1592 167 1612; x_wconf 88' lang='lat' dir='ltr'>eas</span> <span class='ocrx_word' id='word_1_249' title='bbox 182 1583 367 1623; x_wconf 88' lang='lat' dir='ltr'>iniquitates,</span> <span class='ocrx_word' id='word_1_250' title='bbox 379 1583 417 1613; x_wconf 88' lang='lat' dir='ltr'>de</span> <span class='ocrx_word' id='word_1_251' title='bbox 428 1583 540 1624; x_wconf 91' lang='lat' dir='ltr'>quibus</span> <span class='ocrx_word' id='word_1_252' title='bbox 552 1590 640 1613; x_wconf 86' lang='lat' dir='ltr'>antea</span> <span class='ocrx_word' id='word_1_253' title='bbox 648 1582 724 1618; x_wconf 80' lang='lat' dir='ltr'>dixi,</span> <span class='ocrx_word' id='word_1_254' title='bbox 737 1582 784 1612; x_wconf 88' lang='lat' dir='ltr'>sui</span> <span class='ocrx_word' id='word_1_255' title='bbox 799 1584 932 1623; x_wconf 67' lang='lat' dir='ltr'>quaesths</span> 
     </span>
     <span class='ocr_line' id='line_1_35' title="bbox 44 1624 932 1667; baseline -0.001 -12"><span class='ocrx_word' id='word_1_256' title='bbox 44 1624 133 1655; x_wconf 71' lang='lat' dir='ltr'>causa</span> <span class='ocrx_word' id='word_1_257' title='bbox 147 1626 334 1656; x_wconf 88' lang='lat' dir='ltr'>constituisse</span> <span class='ocrx_word' id='word_1_258' title='bbox 353 1627 541 1663; x_wconf 85' lang='lat' dir='ltr'>convincam,</span> <span class='ocrx_word' id='word_1_259' title='bbox 559 1626 583 1656; x_wconf 92' lang='lat' dir='ltr'>si</span> <span class='ocrx_word' id='word_1_260' title='bbox 604 1626 687 1667; x_wconf 87' lang='lat' dir='ltr'>prius</span> <span class='ocrx_word' id='word_1_261' title='bbox 702 1625 779 1655; x_wconf 88' lang='lat' dir='ltr'>illud</span> <span class='ocrx_word' id='word_1_262' title='bbox 797 1635 932 1666; x_wconf 88' lang='lat' dir='ltr'>propug-</span> 
     </span>
     <span class='ocr_line' id='line_1_36' title="bbox 44 1669 931 1710; baseline 0 -13"><span class='ocrx_word' id='word_1_263' title='bbox 44 1669 201 1706; x_wconf 87' lang='lat' dir='ltr'>naculum,</span> <span class='ocrx_word' id='word_1_264' title='bbox 222 1679 284 1710; x_wconf 91' lang='lat' dir='ltr'>quo</span> <span class='ocrx_word' id='word_1_265' title='bbox 303 1675 406 1700; x_wconf 84' lang='lat' dir='ltr'>contra</span> <span class='ocrx_word' id='word_1_266' title='bbox 426 1680 531 1700; x_wconf 87' lang='lat' dir='ltr'>omnes</span> <span class='ocrx_word' id='word_1_267' title='bbox 550 1679 632 1700; x_wconf 88' lang='lat' dir='ltr'>meos</span> <span class='ocrx_word' id='word_1_268' title='bbox 649 1669 781 1710; x_wconf 87' lang='lat' dir='ltr'>impetus</span> <span class='ocrx_word' id='word_1_269' title='bbox 801 1678 931 1698; x_wconf 88' lang='lat' dir='ltr'>usurum</span> 
     </span>
     <span class='ocr_line' id='line_1_37' title="bbox 45 1711 667 1752; baseline 0 -11"><span class='ocrx_word' id='word_1_270' title='bbox 45 1721 76 1741; x_wconf 88' lang='lat' dir='ltr'>se</span> <span class='ocrx_word' id='word_1_271' title='bbox 90 1717 188 1752; x_wconf 81' lang='lat' dir='ltr'>putat,</span> <span class='ocrx_word' id='word_1_272' title='bbox 205 1722 243 1742; x_wconf 85' lang='lat' dir='ltr'>ex</span> <span class='ocrx_word' id='word_1_273' title='bbox 258 1711 429 1743; x_wconf 85' lang='lat' dir='ltr'>defensione</span> <span class='ocrx_word' id='word_1_274' title='bbox 445 1714 510 1752; x_wconf 88' lang='lat' dir='ltr'>ejus</span> <span class='ocrx_word' id='word_1_275' title='bbox 524 1712 667 1751; x_wconf 87' lang='lat' dir='ltr'>dejecero.</span> 
     </span>
    </p>

    <p class='ocr_par' dir='ltr' id='par_1_4' title="bbox 47 1754 932 1840">
     <span class='ocr_line' id='line_1_38' title="bbox 87 1754 929 1796; baseline 0 -12"><span class='ocrx_word' id='word_1_276' title='bbox 87 1754 216 1795; x_wconf 83' lang='lat' dir='ltr'>Magno,</span> <span class='ocrx_word' id='word_1_277' title='bbox 237 1754 349 1796; x_wconf 88' lang='lat' dir='ltr'>inquit,</span> <span class='ocrx_word' id='word_1_278' title='bbox 375 1755 517 1786; x_wconf 87' lang='lat' dir='ltr'>decumas</span> <span class='ocrx_word' id='word_1_279' title='bbox 537 1756 668 1786; x_wconf 83' lang='lat' dir='ltr'>vendidi.</span> <span class='ocrx_word' id='word_1_280' title='bbox 692 1754 778 1793; x_wconf 86' lang='lat' dir='ltr'>Quid</span> <span class='ocrx_word' id='word_1_281' title='bbox 799 1754 867 1785; x_wconf 79' lang='lat' dir='ltr'>ais?</span> <span class='ocrx_word' id='word_1_282' title='bbox 891 1763 929 1784; x_wconf 88' lang='lat' dir='ltr'>an</span> 
     </span>
     <span class='ocr_line' id='line_1_39' title="bbox 47 1797 932 1840; baseline 0 -12"><span class='ocrx_word' id='word_1_283' title='bbox 47 1803 79 1828; x_wconf 87' lang='lat' dir='ltr'>tu</span> <span class='ocrx_word' id='word_1_284' title='bbox 101 1797 254 1836; x_wconf 84' lang='lat' dir='ltr'>decumas,</span> <span class='ocrx_word' id='word_1_285' title='bbox 277 1798 370 1830; x_wconf 89' lang='lat' dir='ltr'>homo</span> <span class='ocrx_word' id='word_1_286' title='bbox 390 1798 588 1830; x_wconf 84' lang='lat' dir='ltr'>audacissime</span> <span class='ocrx_word' id='word_1_287' title='bbox 607 1804 697 1840; x_wconf 83' lang='lat' dir='ltr'>atque</span> <span class='ocrx_word' id='word_1_288' title='bbox 715 1797 932 1836; x_wconf 76' lang='lat' dir='ltr'>amentissime,</span> 
     </span>
    </p>
   </div>
   <div class='ocr_carea' id='block_1_3' title="bbox 1172 1038 1181 1231">
    <p class='ocr_par' dir='ltr' id='par_1_5' title="bbox 1172 1038 1181 1231">
     <span class='ocr_line' id='line_1_40' title="bbox 1172 1038 1181 1231; textangle 90"><span class='ocrx_word' id='word_1_289' title='bbox 1177 1208 1181 1231; x_wconf 82' lang='grc'>.-</span> <span class='ocrx_word' id='word_1_290' title='bbox 1172 1164 1181 1199; x_wconf 53' lang='lat'>12„</span> <span class='ocrx_word' id='word_1_291' title='bbox 1172 1136 1181 1153; x_wconf 58' lang='lat' dir='ltr'>*u</span> <span class='ocrx_word' id='word_1_292' title='bbox 1173 1055 1181 1088; x_wconf 45' lang='lat'>2„</span> <span class='ocrx_word' id='word_1_293' title='bbox 1174 1038 1179 1042; x_wconf 54' lang='lat' dir='ltr'>v</span> 
     </span>
    </p>
   </div>
   <div class='ocr_carea' id='block_1_4' title="bbox 1168 1319 1181 1616">
    <p class='ocr_par' dir='ltr' id='par_1_6' title="bbox 1168 1319 1181 1616">
     <span class='ocr_line' id='line_1_41' title="bbox 1168 1319 1181 1616; textangle 90"><span class='ocrx_word' id='word_1_294' title='bbox 1168 1419 1181 1616; x_wconf 29' lang='lat' dir='ltr'>:namna-‚zar</span> <span class='ocrx_word' id='word_1_295' title='bbox 1169 1380 1181 1407; x_wconf 56' lang='grc' dir='ltr'>,π</span> <span class='ocrx_word' id='word_1_296' title='bbox 1171 1341 1173 1346; x_wconf 58' lang='grc'><strong><em>&lt;</em></strong></span> <span class='ocrx_word' id='word_1_297' title='bbox 1171 1319 1174 1325; x_wconf 93' lang='grc'>-</span> 
     </span>
    </p>
   </div>
   <div class='ocr_carea' id='block_1_5' title="bbox 1164 1710 1181 1902">
    <p class='ocr_par' dir='ltr' id='par_1_7' title="bbox 1164 1710 1181 1902">
     <span class='ocr_line' id='line_1_42' title="bbox 1164 1710 1181 1902; textangle 90"><span class='ocrx_word' id='word_1_298' title='bbox 1165 1887 1181 1902; x_wconf 56' lang='lat'>3.</span> <span class='ocrx_word' id='word_1_299' title='bbox 1164 1755 1181 1879; x_wconf 54' lang='lat' dir='ltr'>ffissm</span> <span class='ocrx_word' id='word_1_300' title='bbox 1166 1731 1175 1747; x_wconf 71' lang='lat'>—⁴</span> <span class='ocrx_word' id='word_1_301' title='bbox 1173 1710 1180 1718; x_wconf 50' lang='grc' dir='ltr'>ψ.</span> 
     </span>
    </p>
   </div>
  </div>
 </body>
</html>
