1181 1902
186 147 228 178 40
286 145 377 177 PRO
401 145 567 179 ROSCIO
589 145 823 178 AMERINO.
847 145 930 177 Cu.
944 146 975 176 4.

183 237 285 273 petat:
309 232 417 263 deinde
437 243 454 263 a
474 232 570 270 vobis,
591 232 718 272 judices,
741 237 776 262 ut
794 232 956 263 audacium
972 231 1075 262 sceleri

182 275 336 313 resistatis,
364 275 570 306 innocentium
594 276 797 305 calamitatem
827 275 943 312 levetis,
971 280 1011 311 et,
1038 274 1072 303 in

185 318 275 348 causa
291 319 360 348 Sex.
378 318 491 356 Roscii,
508 318 688 359 periculum,
706 318 788 358 quod
808 318 839 347 in
855 328 960 348 omnes
974 317 1075 347 inten-

183 360 276 397 ditur,
292 361 481 402 propulsetis.
514 361 607 398 Quod
628 361 652 390 si
675 367 727 390 aut
749 371 839 391 causa
860 360 1003 397 criminis,
1020 365 1074 389 aut

185 403 256 433 facti
272 404 411 444 suspicio,
429 409 482 434 aut
501 404 644 444 quaelibet
665 403 795 444 denique
811 404 858 433 vel
879 403 1008 432 minima
1027 412 1074 432 res

185 446 359 486 reperietur,
377 448 574 487 quamobrem
586 446 745 476 videantur
760 446 805 475 illi
820 446 959 476 nonnihil
972 451 1074 475 tamen

185 488 217 518 in
228 488 388 519 deferendo
401 489 522 519 nomine
533 489 641 524 secutig
666 495 827 529 postremo,
841 489 876 524 si,
887 494 995 529 praeter
1007 497 1074 517 eam

185 531 320 572 praedam
336 543 430 573 quam
445 532 520 569 dixi,
533 532 702 572 quidquam
718 531 801 560 aliud
817 542 914 561 causae
926 530 1075 560 inveneri-

187 574 224 604 tis
236 585 245 610 ;
270 584 330 604 non
346 585 529 611 recusamus,
543 575 616 615 quin
628 575 749 603 illorum
762 574 882 604 libidini
892 574 960 603 Sex.
973 573 1077 603 Roscii

185 617 247 646 vita
262 617 398 647 dedatur.
431 618 484 647 Sin
506 617 590 647 aliud
611 617 710 655 agitur
731 616 818 653 nihil,
835 616 904 652 nisi,
927 622 962 645 ut
981 616 1016 645 iis
1038 625 1078 645 ne

186 660 260 700 quid
276 660 362 697 desit,
380 660 491 700 quibus
506 659 577 689 satis
597 659 673 688 nihil
695 665 758 693 est;
783 659 807 688 si
828 659 885 688 hoc
900 659 998 688 solum
1019 658 1076 688 hoc

186 708 322 742 tempore
337 708 502 742 pugnatur,
520 708 554 732 ut
574 701 612 731 ad
633 701 717 731 illam
733 701 867 741 opimam
887 701 1079 741 praeclaram-

186 756 246 786 que
261 745 395 785 praedam
411 744 565 774 damnatio
589 746 658 775 Sex.
682 744 796 782 Roscii,
817 744 899 774 velut
921 743 1075 781 cumulus,

185 788 325 823 accedat3
350 797 461 823 nonne,
487 798 556 817 cum
581 787 679 817 multa
698 787 835 826 indigna,
860 792 926 816 tum
950 787 996 816 vel
1018 786 1076 817 hoc

186 830 432 870 indignissimum
448 836 502 866 est,
520 840 572 859 vos
586 830 709 859 idoneos
724 829 853 865 habitos,
870 840 923 869 per
944 839 1076 869 quorum

187 873 349 903 sententias
361 874 472 913 jusque
485 872 652 911 jurandum
663 872 693 901 id
706 878 914 912 assequantur,
926 871 1008 912 quod
1024 881 1078 901 an-

186 921 234 945 tea
249 916 307 955 ipsi
328 916 434 945 scelere
455 921 483 945 et
504 915 582 945 ferro
602 915 720 955 assequi
742 913 945 944 consuerant?
970 915 1023 954 qui
1039 925 1077 944 ex

187 959 306 989 civitate
321 959 352 988 in
369 964 507 988 senatum
523 964 644 998 propter
664 958 854 997 dignitatem,
872 968 909 987 ex
926 963 1029 987 senatu
1045 957 1077 986 in

187 1002 245 1031 hoc
260 1001 419 1031 consilium
435 1000 542 1030 delecti
553 1001 622 1031 estis
637 1007 758 1040 propter
770 1000 968 1037 severitatem,
982 1001 1019 1029 ab
1030 999 1077 1030 his

187 1044 245 1074 hoc
260 1044 412 1084 postulare
427 1043 564 1073 homines
576 1043 694 1073 sicarios
709 1050 800 1084 atque
811 1043 1002 1082 gladiatores,
1016 1052 1077 1072 non

186 1087 278 1117 modo
294 1093 328 1117 ut
344 1086 493 1127 supplicia
505 1087 610 1123 vitent,
628 1097 696 1126 quae
711 1097 729 1116 a
750 1086 833 1116 vobis
852 1096 907 1126 pro
922 1085 1078 1115 maleficiis

187 1130 249 1160 suis
270 1136 403 1160 metuere
425 1135 516 1169 atque
531 1129 650 1159 horrere
671 1129 791 1165 debent,
809 1139 914 1158 verum
935 1128 1026 1158 etiam
1042 1135 1077 1158 ut

187 1173 289 1213 spoliis
313 1172 397 1203 Sexti
420 1172 522 1202 Roscii
544 1182 582 1202 ex
603 1172 660 1202 hoc
679 1171 794 1212 judicio
817 1171 914 1201 ornati
936 1171 1078 1212 auctique

188 1216 343 1246 discedant
355 1217 369 1246 Ρ

232 1259 292 1289 IV.
313 1258 372 1288 Ilis
388 1258 425 1288 de
440 1258 539 1293 rebus,
556 1258 647 1288 tantis
663 1263 786 1298 tamque
802 1257 962 1294 atrocibus,
979 1267 1078 1297 neque

188 1302 259 1332 satis
280 1311 330 1331 me
351 1300 507 1331 commode
522 1301 630 1339 dicere,
647 1311 745 1340 neque
766 1300 835 1330 satis
856 1300 987 1340 graviter
1007 1309 1078 1329 con-

187 1344 285 1385 queri,
310 1354 407 1384 neque
431 1343 501 1373 satis
527 1343 620 1373 libere
644 1343 798 1373 vociferari
821 1354 906 1383 posse
929 1342 1076 1382 intelligo.

186 1388 272 1418 Nam
288 1386 494 1416 commoditati
509 1386 678 1426 ingenium,
692 1386 831 1426 gravitati
847 1392 929 1423 aetas,
944 1385 1076 1415 libertati

186 1436 323 1471 tempora
349 1434 419 1459 sunt
442 1429 669 1469 impedimento.
704 1429 776 1458 Huc
801 1428 914 1458 accedit
937 1437 1076 1459 summus

186 1473 288 1510 timor,
305 1482 396 1512 quem
417 1471 493 1501 mihi
514 1478 622 1502 natura
639 1471 797 1512 pudorque
820 1482 905 1501 meus
925 1470 1075 1509 attribuit,

185 1521 216 1546 et
227 1522 324 1545 vestra
339 1514 481 1554 dignitas,
498 1520 527 1544 et
542 1515 586 1545 vis
601 1515 852 1551 miverszniorum,
869 1520 898 1543 et
914 1515 984 1543 Sex.
996 1514 1075 1543 Ros-

185 1559 224 1589 cii
239 1558 380 1599 pericula.
413 1558 618 1597 Quapropter,
636 1568 686 1587 vos
702 1567 753 1587 oro
769 1563 860 1596 atque
875 1558 1007 1593 obsecro,
1022 1557 1074 1594 ju-

185 1601 275 1638 dices,
293 1607 327 1630 ut
342 1606 454 1630 attente
470 1600 609 1640 bonaque
630 1610 699 1629 cum
722 1600 809 1629 veniit
824 1601 914 1629 verba
936 1609 1004 1628 mea
1019 1609 1074 1628 au-

185 1644 283 1674 diatis.
317 1643 392 1672 Fide
413 1642 620 1683 sapientilique
641 1642 738 1672 vestra
760 1642 864 1677 fretus,
887 1642 956 1682 plus
977 1641 1074 1671 oneris

185 1687 305 1722 sustuli,
322 1696 413 1726 quam
431 1685 507 1715 ferre
522 1695 571 1715 me
586 1695 671 1725 posse
692 1685 836 1725 intelligo.
872 1685 941 1714 Hoc
957 1694 1033 1714 onus
1049 1684 1073 1714 si

186 1740 239 1761 vos
254 1729 358 1768 aliqua
373 1738 409 1758 ex
425 1733 509 1767 parte
524 1728 701 1765 allevabitis,
719 1728 825 1764 feram,
839 1733 874 1757 ut
883 1733 997 1768 potero,
1010 1733 1075 1757 stu-

185 1771 235 1802 dio
254 1778 283 1803 et
301 1770 461 1808 industria,
482 1770 608 1809 judices.
633 1770 687 1800 Sin
703 1780 721 1800 a
742 1770 825 1800 vobis
842 1770 897 1807 (id,
914 1769 996 1810 quod
1012 1779 1073 1799 non

184 1820 283 1856 spero)
302 1813 438 1849 deseram
463 1819 564 1843 tamen
584 1813 686 1844 animo
707 1822 766 1843 non
790 1811 950 1849 deficia1113
975 1818 1004 1843 et
1027 1811 1070 1851 id,
