1181 1902
137 184 229 216 PRO
252 184 419 217 ROSCIO
442 184 677 217 AMERINO.
698 186 782 217 CAP.
799 187 851 217 49..
897 187 938 222 75

47 271 152 302 labant
161 270 176 300 Ρ
197 281 236 301 an
252 281 298 302 res
313 271 379 312 ipsa
393 270 449 301 tibi
463 271 570 312 iniqua
584 271 743 302 videbatur
757 274 771 303 Ρ
796 272 938 303 Postula-

48 315 123 345 bant
145 314 284 344 homines
304 314 484 344 nobilissimi
505 321 597 355 atque
618 315 806 355 integerrimi
828 322 938 346 nostrae

49 357 189 395 civitatis,
202 368 279 398 quos
291 358 357 397 jam
369 363 458 387 antea
469 357 641 394 nominavi3
665 358 719 398 qui
730 358 773 388 ita
784 358 938 395 vixerunt,

48 400 183 441 talesque
203 411 221 430 a
241 401 356 441 populo
378 400 521 430 Romano
540 406 698 440 putantur,
720 407 765 437 ut,
787 401 939 442 quidquid

47 443 191 480 dicerent,
208 453 299 474 nemo
314 449 400 479 esset,
417 443 470 484 qui
485 452 545 473 non
562 454 687 484 aequum
708 450 838 484 putaret.
863 445 940 475 Pos-

48 486 189 517 tulnbant
204 492 307 516 autem
329 497 383 527 pro
399 486 522 516 homine
538 487 707 517 miserrimo
728 493 820 527 atque
840 487 941 517 infeli-

47 529 178 567 cissimo,
196 530 249 570 qui
266 530 311 559 vel
326 531 390 570 ipse
404 540 466 560 sese
482 529 512 559 in
529 530 697 560 cruciatum
718 530 783 559 dari
799 536 934 570 cuperet,

47 571 124 602 dum
139 572 177 603 de
191 572 285 613 patris
300 579 397 602 morte
412 578 604 613 quaereretur.
639 573 702 603 Res
724 583 813 613 porro
833 575 886 603 abs
911 579 941 604 tc

51 616 202 654 ejusmodi
228 616 451 656 postulabatur,
479 622 514 645 ut
539 616 616 645 nihi]
642 616 808 654 interesset,
835 622 941 646 utrum

51 668 119 689 eam
135 669 199 689 rem
218 669 380 697 recusares,
396 669 435 689 an
451 659 488 689 de
506 658 654 689 maleficio
669 658 852 689 confiterere.

91 701 173 739 Quae
188 712 258 732 cum
273 702 316 732 ita
331 702 401 739 sint,
419 712 522 742 quaero
531 703 584 732 abs
600 708 640 739 te,
654 712 747 742 quam
763 703 801 732 ob
818 712 941 733 causam

47 745 203 775 recusaris.
215 744 297 775 Cum
307 745 452 775 occiditur
459 746 528 776 Sex.
538 745 676 782 Roscius,
685 745 797 775 ibidem
808 745 943 775 fuerunt.

48 788 157 819 Servos
168 788 259 829 ipsos,
276 788 358 829 quod
374 788 412 818 ad
428 798 477 818 me
492 788 610 825 attinet,
627 798 725 828 neque
736 798 831 828 arguo
843 798 944 829 neque

47 841 147 872 purgo
160 842 168 861 :
193 831 277 872 quod
291 841 309 861 a
324 831 408 862 vobis
423 831 480 861 hoc
494 831 624 872 pugnari
635 831 733 867 video,
747 841 785 861 ne
805 831 837 860 in
858 842 942 872 quae-

48 874 177 904 stionem
189 875 309 911 dentur,
321 874 520 915 suspiciosum
536 880 588 904 est.
606 874 700 911 Quod
715 884 784 904 vero
796 875 879 915 apud
891 884 944 905 vos

48 917 129 958 ipsos
143 917 175 947 in
191 918 304 948 honore
319 923 403 947 tanto
413 924 495 956 sunt,
508 917 640 958 profecto
652 927 769 947 necesse
779 923 833 954 est,
847 917 943 947 sciant

48 961 177 1002 aliquid,
191 960 273 1001 quod
288 960 314 991 si
328 960 471 997 dixerint,
488 960 689 1001 perniciosum
703 960 787 991 vobis
799 960 941 990 futurum

49 1003 97 1034 sit.
123 1004 161 1034 In
177 1004 315 1034 dominos
331 1004 427 1044 quaeri
441 1003 478 1033 de
494 1003 584 1034 servis
600 1003 741 1043 iniquum
758 1009 811 1033 est.
848 1004 943 1034 Anne

48 1047 217 1088 quaeritur?
241 1048 312 1078 Sex.
328 1046 411 1076 enim
427 1046 555 1076 Roscius
567 1057 635 1076 reus
647 1052 700 1076 est.
724 1046 836 1087 Neque
847 1046 942 1085 enim,

47 1100 119 1121 cum
131 1090 169 1120 de
184 1090 240 1120 hoe
255 1089 414 1130 quaeritur,
428 1099 480 1120 vos
496 1089 635 1119 dominos
651 1100 713 1119 esse
728 1089 835 1120 dicitis.
860 1090 945 1121 Cum

52 1132 251 1173 Chrysogono
266 1138 346 1163 sunt.
382 1133 432 1163 Ita
447 1132 553 1162 credo:
578 1132 671 1162 literis
687 1143 792 1163 eorum
807 1139 838 1163 et
851 1134 946 1163 urba-

47 1176 143 1206 nitate
161 1176 377 1217 Chrysogonus
397 1175 529 1213 ducitur,
550 1181 586 1205 ut
609 1175 687 1205 inter
711 1185 779 1205 suos
803 1175 945 1206 omnium

47 1219 224 1250 deliciarum
248 1224 340 1259 atque
361 1219 502 1248 omnium
527 1219 640 1248 artium
661 1219 814 1259 puerulos,
833 1230 871 1249 ex
897 1224 944 1249 tot

48 1262 278 1303 elegantissimis
293 1261 417 1291 familiis
432 1262 535 1299 lectos,
552 1261 625 1292 velit
638 1261 694 1291 hos
710 1262 831 1301 versari,
843 1262 945 1292 homi-

48 1315 101 1336 nes
116 1315 201 1346 paene
217 1304 377 1346 operarios,
394 1315 432 1335 ex
451 1304 603 1335 Amerina
621 1304 781 1345 disciplina
803 1305 944 1346 patrisfa-

49 1348 143 1379 miliae
158 1348 311 1378 rusticani.
344 1348 375 1378 N
380 1358 422 1377 on
437 1353 480 1378 est
498 1348 541 1378 ita
558 1347 703 1388 profecto,
717 1347 855 1386 judices:
880 1358 944 1378 non

48 1397 94 1422 est
105 1391 277 1428 verisimile,
295 1396 329 1420 ut
345 1390 560 1431 Chrysogonus
575 1391 686 1420 horum
701 1391 803 1421 literas
818 1391 944 1421 adama-

51 1435 101 1471 rit,
119 1440 171 1464 aut
185 1434 407 1464 humanitatem
420 1445 427 1464 z
453 1444 525 1472 non,
546 1440 580 1464 ut
595 1434 638 1464 rei
653 1434 810 1464 familiaris
822 1434 944 1475 negotio

51 1477 241 1518 dffigentiam
257 1477 393 1517 cognorit
408 1487 512 1507 eorum
530 1483 559 1508 et
576 1477 678 1507 fidem.
704 1477 762 1507 Est
783 1478 943 1518 quiddam,

52 1521 134 1561 quod
149 1521 337 1555 occultatum
362 1520 456 1561 quod,
473 1531 535 1561 quo
556 1520 718 1550 studiosius
734 1522 772 1550 ab
795 1521 867 1561 ipsis
890 1531 946 1560 op-

52 1563 195 1604 primitur
211 1570 239 1594 et
254 1564 458 1601 absconditur,
475 1574 509 1594 eo
525 1563 621 1603 magis
637 1564 750 1594 eminet
765 1570 794 1593 et
809 1569 945 1604 apparet.

95 1607 208 1637 XLII.
243 1606 329 1644 Quid
344 1606 437 1647 igitur
451 1609 464 1637 1²
498 1607 724 1647 Chrysogonus,
742 1607 789 1636 sui
804 1606 946 1637 maleficii

53 1649 223 1680 occultandi
233 1650 334 1687 causa,
345 1650 542 1690 quaestionem
558 1649 595 1679 de
607 1649 653 1679 his
666 1650 770 1680 haberi
783 1660 843 1679 non
855 1650 921 1679 vult
931 1649 947 1678 ‘1’

54 1693 198 1730 Minime,
212 1693 337 1731 judices.
363 1693 436 1722 Non
451 1693 483 1722 111
499 1703 603 1723 omnes
615 1693 742 1722 arbitror
754 1693 858 1722 omnia
873 1702 945 1722 con-

54 1736 164 1766 venire.
189 1737 259 1776 Ego
274 1736 306 1765 in
322 1736 531 1776 Chrysogono,
548 1736 631 1776 quod
646 1736 685 1765 ad
700 1746 750 1766 me
762 1736 880 1774 attinet,
898 1736 945 1765 ni-

54 1777 99 1809 hil
114 1778 262 1818 ejusmodi
277 1779 410 1819 suspicor
421 1789 431 1815 ;
455 1789 553 1820 neque
564 1779 622 1809 hoc
630 1779 708 1808 mihi
719 1789 800 1809 nunc
809 1779 947 1819 primum

51 1820 82 1851 in
98 1828 232 1852 mentem
248 1822 329 1853 venit
343 1822 450 1852 dicere.
485 1821 684 1860 Meministis,
704 1832 755 1852 me
778 1822 821 1852 ita
844 1822 947 1852 distri-

50 1864 151 1897 buisse
164 1865 252 1896 initio
263 1875 397 1902 causam,
414 1865 446 1896 in
461 1865 588 1902 crimen,
604 1865 691 1902 cujus
706 1871 770 1896 tota
781 1874 945 1902 argumen-
