1181 1902
282 111 333 142 IN
359 111 555 143 VERREM
581 111 647 143 ΙΙΙ.
671 111 758 143 CAP.
778 111 829 142 49.
940 110 1003 142 259

111 197 246 233 teritum,
260 198 464 238 excogitavit?
489 197 598 239 Ecqua
612 209 658 229 res
674 197 756 239 apud
772 197 906 228 civitates
917 196 1005 228 Sicu-

112 241 156 271 las
171 241 332 281 expetitur,
348 242 380 270 in
397 241 457 281 qua
469 248 522 271 aut
537 242 632 272 honos
645 242 755 282 aliquis
771 241 819 278 sit,
837 246 889 271 aut
905 246 1006 281 potes-

112 289 169 320 tas,
190 289 243 313 aut
257 284 438 324 procurati0‚
455 284 530 325 quin
547 294 613 314 eam
629 295 693 314 rem
714 290 747 314 tu
763 283 802 314 ad
818 290 907 314 tuum
923 293 1007 324 quae-

113 332 206 362 stum,
220 326 532 367 nundinationemque
544 327 717 364 hominum,
735 326 903 357 traduxeris
915 327 929 356 ‚⁹

156 368 282 399 XLIX.
307 369 399 400 Dicta
415 376 496 406 sunt,
514 370 612 410 priore
628 370 756 406 actione,
773 375 802 400 et
817 369 962 410 privatim
978 374 1008 399 et

112 411 233 453 publice
243 413 414 443 testimonia
426 424 434 442 ι
459 413 551 453 legati
564 412 768 453 Centuripini,
782 412 935 450 Halesini,
947 412 1008 442 Ca-

114 455 255 491 tinenses,
273 456 545 496 Panormitanique
561 455 715 493 dixerunt,
740 456 909 485 multarum
932 465 1010 495 prae-1

114 504 194 528 terea
203 498 359 528 civitatum
374 511 381 528 :
397 499 459 538 jam
474 509 544 529 vero
558 499 700 539 privatim
712 498 838 539 plurimi
850 509 857 528 ε
876 508 1008 538 quorum

115 551 153 572 ex
175 541 353 571 testimoniis
376 552 552 582 cognoscere
571 542 722 582 potuistis,
747 540 809 572 totzi
833 539 935 571 Sicilia
957 551 1011 581 per

115 584 280 614 triennium
296 584 450 614 neminem
462 584 526 615 ulla
535 585 566 614 in
583 585 702 615 civitate
714 591 882 615 senatorem
894 584 1011 614 factum

117 638 180 657 esse
195 628 310 667 gratis;
336 628 501 664 neminem,
527 634 562 658 ut
577 628 658 668 leges
674 638 778 658 eorum
796 632 877 664 sunt,
904 626 1013 656 suffra-

117 670 174 710 giis
187 681 196 705 ς
221 671 386 707 neminem,
400 671 457 701 nisi
472 671 558 701 istius
574 671 701 711 imperio
713 677 766 700 aut
779 670 894 706 literisg
919 675 1012 710 atque

117 713 148 743 in
164 713 210 743 his
223 714 365 743 omnibus
377 714 564 744 senatoribus
577 714 763 754 cooptandis,
776 723 836 743 non
847 712 939 742 modo
949 712 1013 742 suf-

117 756 214 796 fragia
229 756 314 786 nulla
332 757 436 794 fuis'se,
461 757 512 787 sed
536 767 574 787 ne
596 767 707 797 genera
732 756 856 798 quidem
881 761 1014 797 spectata

116 809 192 837 esse,
209 809 246 830 ex
259 800 371 841 quibus
386 800 417 830 in
429 810 501 830 eum
513 800 651 830 ordinem
667 800 799 840 cooptari
814 800 936 834 liceret;
960 809 1014 828 ne-

116 853 177 883 que
198 853 314 880 census,
338 853 437 884 neque
457 843 564 881 aetatis,
590 853 688 884 neque
709 849 815 873 caetera
839 842 1013 873 Siculorum

112 886 208 924 jurav
211 886 328 916 aluisse.
346 885 543 927 Quicumque
553 892 672 916 senator
681 886 808 916 voluerit
815 885 891 922 fieri,
903 895 1013 926 quam-

119 928 163 958 vis
179 939 265 969 puer,
282 929 422 970 quamvis
442 929 597 970 indignus,
620 929 760 970 quamvis
775 939 812 959 ex
829 939 863 959 eo
881 929 958 967 loco,
975 938 1014 958 ex

118 983 181 1012 quo
194 982 253 1002 non
264 973 385 1007 liceret;
403 972 427 1003 si
437 973 461 1003 is
471 973 567 1014 pretio
582 973 683 1013 apud'
675 979 769 1002 istum
779 972 863 1002 fieret
874 971 1013 1009 idoneus,

114 1022 154 1045 ut
169 1015 310 1052 vinceret,
326 1015 442 1045 factum
458 1026 520 1046 esse
536 1026 672 1056 semper:
698 1025 760 1046 non
781 1015 872 1045 modo
894 1014 1011 1045 Siculo-

120 1069 190 1088 rum
202 1058 280 1088 nihil
295 1059 326 1088 in
342 1058 399 1089 hac
414 1069 446 1089 re
467 1058 596 1089 valuisse
617 1059 711 1099 leges,
733 1058 785 1088 sed
800 1068 838 1088 ne
854 1059 892 1088 ab
907 1064 1014 1090 senatu

121 1101 246 1142 quidem
265 1102 440 1142 populoque
457 1102 599 1132 Romano
615 1101 708 1132 datas.
733 1101 820 1139 Quas
836 1101 917 1131 enim
934 1101 1015 1141 leges

119 1145 206 1174 sociis
221 1145 386 1186 amicisque
397 1145 450 1175 dat
464 1145 500 1182 is,
518 1145 571 1185 qui
586 1145 678 1175 habet
693 1145 857 1185 imperium
873 1155 891 1174 a
902 1144 1016 1184 populo

122 1188 275 1225 Romano,
287 1188 496 1218 auctoritatem
510 1188 616 1228 legum
632 1188 802 1218 dandarum
813 1198 831 1217 a
841 1193 958 1224 senatu,
968 1186 1017 1217 hae

119 1230 233 1261 debent
245 1237 274 1261 et
285 1231 392 1272 populi
404 1231 540 1261 Romani
552 1237 581 1262 et
597 1234 717 1261 senatus
733 1230 909 1261 existimari.

166 1274 317 1311 Hzssesini,
334 1284 389 1314 pro
404 1274 509 1304 multis
525 1281 554 1304 et
575 1274 695 1315 magnis
717 1274 778 1304 suis
801 1274 1017 1314 majorumque

122 1327 246 1348 suorum
263 1317 294 1346 in
307 1317 527 1358 rempublicam
544 1324 677 1348 nostram
693 1317 808 1347 meritis
824 1322 915 1357 atque
926 1317 1017 1346 bene-

122 1360 208 1398 ficiis,
222 1370 276 1390 suo
289 1361 357 1399 jure
374 1370 483 1401 nuper,
501 1361 538 1390 L.
554 1360 684 1398 Licinio,
702 1360 742 1397 Q.
760 1360 869 1390 Mucio
884 1359 1018 1390 consuli-

118 1405 191 1441 bus,
213 1413 284 1433 cum
307 1403 454 1434 haberent
478 1404 556 1434 inter
578 1414 608 1434 se
631 1403 844 1433 controversias
859 1402 896 1433 de
912 1408 1018 1432 senatu

124 1446 304 1487 cooptando,
320 1446 402 1487 leges
417 1448 455 1476 ab
468 1453 573 1477 senatu
589 1453 690 1477 nostro
701 1446 881 1487 petiverunt.
906 1445 1020 1475 Decre-

124 1489 167 1519 vit
197 1497 318 1519 senatus
343 1489 508 1520 honorifico
538 1489 821 1527 senatus-consulto,
852 1494 887 1518 ut
909 1487 956 1518 his
981 1488 1018 1518 C.

120 1532 284 1570 Claudius,
308 1533 407 1573 Appii
428 1533 521 1569 filius,
545 1533 687 1569 Pulcher,
707 1538 828 1573 praetor,
853 1531 890 1562 de
913 1537 1019 1561 senatu

125 1575 293 1616 cooptando
308 1576 388 1616 leges
404 1576 610 1606 conscriberet.
646 1575 681 1606 C.
697 1575 857 1612 Claudius,
875 1574 1018 1604 adhibitis

125 1618 267 1648 omnibus
280 1618 435 1649 Marcellis
451 1619 505 1659 qui
520 1625 588 1649 tum
600 1625 696 1656 erant,
707 1619 745 1649 de
757 1628 862 1649 eorum
872 1616 1020 1648 sententia

126 1662 207 1702 leges
221 1661 374 1691 Halesinis
385 1661 485 1698 dedit;
502 1661 533 1691 in
544 1661 656 1703 quibus
665 1662 765 1692 multa
774 1661 874 1692 sanxit
885 1661 922 1690 de
933 1666 1020 1690 aetate

126 1704 300 1742 hominum,
324 1714 363 1734 ne
387 1705 455 1745 quis
475 1705 576 1735 minor
601 1705 726 1745 triginta
749 1705 836 1734 annis
862 1710 936 1734 natu
949 1714 958 1738 ;
982 1703 1021 1733 de

128 1754 258 1788 quaestu,
276 1757 368 1788 quem
384 1747 438 1788 qui
453 1747 580 1786 fecisset,
606 1757 644 1778 ne
664 1748 834 1788 legeretur3
859 1746 895 1777 de
917 1756 1020 1783 censu,

115 1790 167 1820 ‚de
183 1790 295 1820 caeteris
310 1792 420 1821 rebus.
446 1802 515 1832 quae
527 1791 642 1829 omnia,
659 1798 730 1821 ante
745 1791 839 1821 istum
849 1795 1022 1837 praetorem,

126 1839 155 1863 et
168 1838 339 1864 nostrorum
356 1834 592 1875 magistratuum
609 1834 798 1865 auctoritate
813 1839 841 1864 et
860 1831 1023 1868 Halesino-
