1181 1902
274 111 337 140 314
448 109 499 140 ΙΝ
524 109 720 140 VERREM
746 109 805 140 IV.
830 110 913 140 CAP.
940 111 991 140 26.

274 195 329 237 qui
340 201 428 226 antea
443 196 549 235 alium,
567 196 665 226 studio
680 195 838 232 adductus,
855 196 1030 235 accusasset,
1042 196 1097 227 sibi
1110 195 1164 226 ad-

273 239 405 269 venienti
428 245 536 280 praesto
558 245 632 269 esset
647 239 779 275 futurus,
796 249 866 269 cum
883 245 957 269 esset
972 240 1102 280 parentis
1117 240 1164 269 in-

273 282 361 321 juriis
377 288 406 312 et
421 282 583 312 domestico
599 282 700 312 dolore
720 288 899 312 commotus.

319 325 447 355 XXVI.
471 325 585 355 Jamne
608 325 787 365 intelligitis,
815 325 942 364 judices,
965 335 1034 366 quae
1063 325 1165 366 pestis,

276 378 346 408 quae
369 368 543 398 immanitas
563 368 595 397 in
618 368 716 398 vestra
736 368 957 408 antiquissima,
980 368 1165 405 fidelissima,

278 410 479 452 proximaque
508 410 660 452 provincia
692 417 806 441 versata
836 411 895 441 sit?
939 411 960 441 J
964 421 1013 440 am
1048 411 1166 448 videtis,

276 464 370 494 quam
392 456 430 484 ob
451 464 572 484 causam
592 453 704 491 Sicilia,
728 460 771 483 tot
786 453 947 483 hominum
968 460 1056 484 antea
1070 454 1167 494 furta,

275 497 407 537 rapinas,
438 497 622 537 iniquitates,
653 496 895 537 ignominiasque
924 507 1073 537 perpessa,
1108 506 1168 526 non

276 540 408 580 potuerit
419 540 475 570 hoc
487 550 544 570 nov
548 550 600 569 um
613 550 646 569 ac
662 540 813 580 singulare
825 546 915 580 atque
930 539 1104 569 incredibile
1119 550 1170 579 ge-

275 592 334 613 nus
360 583 541 622 injuriarum
568 583 881 623 contumeliarumque
908 583 1058 623 perferre
1051 584 1064 604 '²
1095 583 1170 613 Jam

276 636 381 656 omnes
397 626 582 666 intelligunt,
600 636 652 655 cur
664 626 793 656 univers
788 636 804 655 2
818 625 972 666 provincia
983 625 1169 655 defensorem
1180 642 1181 645 =

277 679 340 699 suae
356 669 460 699 salutis
476 679 545 699 eum
559 669 708 709 quaesivit,
725 669 811 708 cujus
826 669 881 698 iste
897 669 978 705 fidei,
993 668 1181 709 diligentiae„

277 713 518 752 perseverantiae,
536 712 622 741 nullst
643 712 758 741 ratione
779 711 852 752 eripi
872 718 980 752 posset.
1011 712 1073 741 Tot
1086 711 1181 750 judi-¹

277 754 330 785 ciis
354 754 546 785 interfuistis:
580 760 624 784 tot
647 755 785 784 homines
809 761 948 784 nocentes
969 761 998 784 et
1019 754 1171 795 improbos

278 803 443 835 accusatos,
467 804 497 828 et
520 796 617 828 vestra
643 803 672 827 et
698 797 886 838 superiorum
909 796 1065 834 memoria,
1092 797 1171 827 scitis

279 851 362 877 esse3
397 851 523 882 ecquem
552 840 680 877 vidistis,
711 850 836 881 ecquem
863 841 1000 875 audistis,
1024 841 1056 870 in
1082 840 1172 870 tantis

279 883 379 921 furtis,
399 884 430 913 in
448 889 511 913 tam
527 883 648 924 apertis,
665 883 696 912 in
713 883 797 913 tanta
812 883 950 921 audacis,
967 884 1051 913 tanta
1071 883 1171 924 impu-

279 927 383 956 dentia
399 937 460 957 esse
476 933 627 957 versatum
637 928 651 957 Ρ

322 970 481 1010 Apronius
497 969 651 1010 stipatores
667 969 813 1000 Venerios
830 979 931 999 secum
943 969 1092 999 habebat:
1118 969 1173 999 du-

279 1014 366 1044 cebat
382 1023 431 1043 eos
448 1012 560 1043 circum
577 1013 728 1043 civitates:
753 1012 874 1053 publice
889 1012 945 1042 sibi
966 1012 1102 1042 convivia
1121 1023 1170 1053 pa-

279 1056 351 1093 rari,
376 1056 467 1086 sterni
493 1056 633 1091 triclinia,
661 1062 689 1085 et
713 1055 744 1084 in
772 1056 836 1085 foro
857 1055 947 1085 sterni
965 1056 1111 1094 jubebat:
1140 1066 1172 1085 eo

280 1099 379 1129 vocari
394 1099 531 1128 homines
542 1098 777 1136 honestissimos,
794 1109 854 1128 non
867 1098 966 1128 solum
978 1099 1105 1135 Siculos,
1123 1098 1173 1128 sed

280 1142 372 1172 etiam
388 1142 503 1183 equites
518 1142 691 1177 Romanos;
716 1147 761 1179 ut,
775 1142 901 1182 quicum
914 1141 989 1171 inire
1001 1141 1173 1171 convivium

280 1194 371 1215 nemo
387 1195 536 1226 unquam,
553 1185 610 1215 nisi
626 1184 722 1225 turpis
737 1184 948 1225 impurusque,
966 1184 1118 1221 voluisset,
1135 1184 1174 1214 ad

280 1229 345 1267 ejus
366 1228 538 1258 convivium
561 1227 768 1268 spectatissimi
791 1234 881 1268 atque
901 1227 1103 1257 honestissimi
1118 1227 1174 1258 viri

281 1276 462 1301 tenerentur.
489 1271 564 1301 Haec
580 1276 625 1308 tu,
642 1270 781 1301 omnium
802 1269 978 1300 mortalium
994 1270 1174 1311 profligatis-

283 1313 359 1343 sime
374 1325 408 1344 ac
424 1314 636 1355 perditissime,
654 1324 723 1344 cum
739 1314 838 1351 scires,
855 1324 925 1344 curn
941 1313 1059 1343 audires
1075 1313 1179 1354 quoti-g

283 1357 343 1393 die,
357 1367 427 1387 cum
444 1357 578 1393 videres;
604 1357 627 1387 si
639 1357 702 1387 sine
717 1363 769 1387 tuo
781 1357 918 1387 maximo
930 1362 1046 1397 quaestu
1057 1351 1179 1394 fierent,¹

279 1410 352 1430 cum
368 1405 452 1430 tanto
470 1400 603 1440 periculo
619 1406 671 1430 tuo
692 1400 756 1430 fieri
771 1405 905 1440 paterere
921 1406 1012 1440 atque
1030 1399 1172 1429 concede-

284 1444 352 1473 res?
377 1449 405 1473 et
422 1449 542 1473 tantum
568 1443 650 1483 apud
674 1448 704 1473 te
728 1448 860 1484 quaestus
886 1442 1030 1483 Apronii,
1054 1448 1174 1472 tantum

284 1486 349 1524 ejus
373 1496 471 1516 sermo
495 1486 766 1526 inquinatissimus,
793 1492 821 1516 et
843 1485 998 1516 blanditiae
1022 1485 1175 1525 flagitiosae

284 1529 455 1566 valuerunt,
473 1534 507 1558 ut
526 1539 685 1569 nunquam
701 1529 840 1558 animum
861 1537 950 1558 tuum
966 1539 1038 1558 cura
1053 1534 1175 1558 tuarum

284 1570 477 1601 fortunarum
494 1572 694 1612 cogitatioque
710 1573 866 1612 tangeret?

330 1614 471 1653 Cernitis,
485 1615 612 1653 judices,
629 1615 711 1655 quod
724 1622 753 1645 et
768 1620 918 1655 quantum
934 1614 1108 1644 incendium
1125 1613 1175 1644 de-

286 1666 486 1687 cumanorum
499 1658 626 1698 impetu,
649 1668 709 1687 non
723 1658 821 1687 solum
842 1668 895 1698 per
910 1668 1006 1697 agros,
1021 1657 1071 1687 sed
1087 1657 1175 1687 etiam

287 1708 341 1740 per
356 1700 487 1741 reliquas
502 1700 638 1730 fortunas
653 1706 818 1737 aratorum,
835 1710 933 1741 neque
946 1701 1043 1729 solum
1059 1711 1112 1740 per
1123 1701 1176 1730 bo-

289 1752 339 1780 na,
353 1743 404 1773 sed
420 1744 511 1773 etiam
523 1754 576 1784 per
588 1745 659 1783 jura
674 1743 820 1773 libertatis
836 1749 865 1773 et
879 1743 1017 1779 civitatis,
1034 1743 1090 1773 isto
1102 1753 1176 1783 prae-

288 1789 363 1823 tore,
386 1787 561 1826 pervaserit.
600 1786 719 1816 Videtis
745 1786 875 1826 pendere
901 1786 974 1815 alios
994 1796 1031 1816 ex
1058 1787 1176 1820 arbore;

288 1828 403 1869 pulsari
410 1835 512 1860 autem
523 1829 597 1859 alios
608 1834 636 1859 et
647 1829 794 1859 verberari
808 1841 815 1859 :
833 1839 921 1869 porro
931 1828 1004 1858 alios
1017 1828 1046 1857 iu
1060 1828 1181 1869 publicq
