1181 1902
273 107 324 138 IN
348 106 544 138 VERREM
571 106 637 138 111.
661 106 745 138 CAP.
769 106 821 137 63.
931 107 991 142 271

102 192 183 223 noris
198 193 243 223 tui
258 194 359 231 causa,
376 194 531 224 voluntate
546 193 612 231 sua,
637 193 808 224 contulisse.
844 191 895 222 Da
917 192 995 222 mihi

101 235 175 266 hoc:
196 237 261 275 jam
279 237 333 267 tibi
355 237 524 267 maximam
545 244 662 277 partem
684 236 866 267 defensionis
888 235 994 276 praeci-

99 278 188 309 deris.
214 279 286 309 Non
302 280 383 310 enim
404 280 526 320 poteris,
543 287 673 310 aratores
693 280 749 310 tibi
764 280 855 309 iratos
871 289 933 309 esse
948 285 994 308 at-

102 332 162 362 que
179 322 327 360 inimicos,
350 322 456 353 dicere.
481 324 512 353 O
535 333 657 353 causam
680 321 882 363 singularem!
907 332 925 352 ο
940 321 993 351 de-

100 364 267 395 fensionem
289 365 430 395 miseram
446 376 480 396 ac
494 365 661 406 perditam!
693 366 774 395 nolle
789 365 845 395 hoc
860 364 993 405 accipere

101 417 188 437 reum
216 409 253 438 ab
278 414 459 445 accusatore,
485 416 513 438 et
538 418 609 438 eum
633 418 732 446 reum,
753 408 807 449 qui
831 413 941 448 praetor
960 407 992 437 in

99 450 205 481 Sicilia
218 450 321 488 suerit,
344 457 474 481 aratores
489 451 516 481 ei
531 458 662 481 statuam
678 452 733 481 suit
755 451 910 481 voluntate
934 456 994 480 sta-

101 493 208 524 tuisse:
234 501 363 525 aratores
378 494 416 524 de
432 505 467 525 eo
487 496 563 524 bene
584 494 767 531 existimare,
789 494 901 523 amicos
917 503 991 529 esse,

102 536 221 566 salvum
236 547 298 567 esse
313 538 441 578 cupere!
467 537 594 574 Metuit,
611 547 649 567 ne
659 537 716 568 hoc
725 547 777 568 vos
793 536 990 566 existimetis:

101 580 241 609 obruitur
255 580 336 609 enim
352 587 506 610 aratorum
522 580 709 610 testimoniis.

146 622 224 653 Utar
238 633 284 659 eo,
300 623 382 663 quod
394 623 492 653 datur.
516 624 605 654 Certe
619 623 676 653 hoc
692 623 735 653 ita
750 622 835 653 vobis
852 621 993 661 judican-

101 665 178 695 dum
193 672 247 703 est,
264 677 324 703 eos,
341 667 395 707 qui
410 667 458 696 isti
473 666 672 696 inimicissimi
684 673 755 696 sunt
771 669 818 700 (ut
835 665 994 706 ipse‘exis-

90 708 203 738 ›timari
217 709 309 746 vult),
330 710 369 739 ad
390 710 475 739 istius
489 710 617 739 honores
632 717 723 750 atque
737 709 927 739 monimenta
941 718 994 749 pe-

100 751 223 782 cuniam
238 761 299 782 non
315 753 470 783 voluntate
485 754 540 783 sua
555 753 724 783 contulisse.
748 753 868 792 Atque,
885 758 920 781 ut
934 751 992 781 hoc

100 800 200 825 totum
223 795 367 826 facillime
392 795 521 836 intell'gi
540 796 644 836 possit,
665 806 758 837 quem
780 795 861 825 voles
883 804 991 824 eorum

99 838 234 876 testium,
257 849 332 879 quos
352 838 535 879 produxero,
558 839 612 880 qui
632 849 669 869 ex
691 839 794 869 sicilia
814 844 902 868 testes
918 837 989 874 sint,

99 880 160 911 sive
175 887 314 921 togatum
331 882 415 918 velis,
429 882 490 912 sive
502 881 652 919 Siculum,
669 888 784 930 rogato,
798 888 827 912 et
840 891 922 918 eum,
935 881 990 921 qui

95 923 174 954 tibi
166 924 390 955 inimicissimus
406 935 468 955 csse
483 925 645 963 videbitur,
667 925 720 966 qui
741 935 772 955 se
792 924 955 965 spoliatum
971 934 990 953 a

94 972 123 997 te
138 967 232 1002 dicet;
258 968 365 1008 ecquid
377 978 432 998 suo
447 968 570 998 nornine
585 968 617 997 in
632 976 718 998 tuam
734 975 866 998 statuam
882 973 988 997 contu-

91 1009 169 1040 lerit.
195 1010 361 1041 Neminem
385 1011 524 1052 reperies,
550 1011 604 1052 qui
623 1018 728 1052 neget.
753 1011 866 1043 etenim
881 1020 986 1040 omnes

90 1052 248 1083 dederunt.

133 1095 332 1145 Quemquam
357 1097 450 1138 igitur
474 1103 565 1138 putas
590 1097 815 1134 dubitaturum,
845 1096 921 1146 quin
948 1096 986 1135 is,

89 1149 182 1180 quem
205 1139 450 1170 inimicissimum
473 1141 528 1170 tibi
551 1151 612 1171 esse
635 1152 722 1181 opor
710 1146 782 1189 teat,
804 1141 858 1181 qui
879 1141 933 1170 abs
957 1146 986 1170 te

89 1182 281 1222 gravissimas
301 1183 428 1232 injurias
448 1184 606 1224 acceperit,
628 1184 789 1224 pecuniam
809 1189 916 1214 statuae
931 1192 987 1213 nom

89 1225 172 1256 mine
187 1226 313 1263 dederit,
332 1226 361 1256 vi
376 1233 468 1267 atque
486 1227 615 1267 imperio
631 1227 792 1264 adductus,
808 1236 870 1257 non
886 1226 985 1256 officio

89 1278 125 1298 ac
143 1269 321 1300 voluntate?
344 1270 388 1300 Et
409 1270 502 1309 hujus
528 1280 584 1310 ego
605 1270 754 1311 pecuniae,
769 1269 898 1309 judices,
916 1280 986 1310 quae

88 1321 256 1352 permagna
270 1318 326 1349 est,
341 1312 669 1354 impudentissimeque
690 1319 792 1344 coacta
810 1314 848 1343 ab
869 1312 984 1351 invitis,

87 1363 148 1384 non
171 1355 266 1385 habui
285 1356 444 1394 rationem,
464 1366 562 1397 neque
585 1356 696 1387 habere
713 1356 811 1397 potui,
832 1361 984 1397 quantum

86 1398 125 1428 ab
140 1398 318 1446 aratoribus,
335 1405 486 1440 quantum
501 1401 541 1430 ab
557 1399 805 1448 negotiatoribus,
822 1399 876 1440 qui
891 1400 984 1439 Syra-

85 1440 174 1479 cusis,
196 1442 250 1481 qui
262 1442 438 1482 Agrigenti,
455 1442 509 1483 qui
525 1443 682 1479 Panomii,
699 1442 753 1483 qui
766 1441 896 1482 Lilybaei
908 1451 982 1489 neg-

82 1483 230 1521 otiantur,
247 1491 322 1515 esset
331 1492 489 1521 coactum3
516 1486 664 1526 quoniam
683 1485 865 1525 intelligitis,
883 1485 980 1526 ipsuis

82 1537 207 1568 quoque
221 1527 406 1559 confessione
422 1529 460 1558 ab
476 1529 664 1559 invitissimis
680 1534 814 1558 coactam
831 1538 903 1558 esse.

126 1569 257 1600 LXIII.
282 1570 381 1602 Venio
388 1581 468 1602 nunc
479 1572 517 1602 ad
529 1571 663 1602 civitates
676 1571 803 1602 Siciliae:
818 1571 855 1601 de
867 1571 980 1612 quibus

81 1612 226 1644 facillime
244 1613 396 1653 judicium
420 1614 485 1644 fieri
505 1614 670 1645 voluntatis
686 1621 793 1655 potest.
816 1615 872 1644 An
888 1614 980 1644 etiam

82 1655 178 1686 Siculi
191 1656 280 1686 inviti
296 1658 513 1688 contulerunt?
530 1667 591 1688 non
607 1664 651 1687 est
661 1657 828 1699 probabile.
852 1656 980 1688 Etenim

81 1698 124 1730 sic
139 1699 175 1729 C.
193 1699 321 1730 Verrem
337 1707 502 1740 praeturam
517 1701 549 1731 in
573 1701 676 1731 Sicilia
701 1700 826 1741 gessisse
850 1705 978 1735 constat,

82 1747 127 1778 ut,
145 1752 215 1772 cum
231 1742 367 1784 utrisque
382 1744 552 1775 satisfacere
567 1753 628 1774 non
640 1750 754 1784 posset,
774 1749 804 1773 et
823 1743 933 1774 Siculis
950 1748 980 1773 et

80 1784 202 1825 togatis,
224 1786 314 1817 officii
338 1787 439 1828 potius
462 1787 493 1818 in
513 1788 618 1828 socios,
643 1797 739 1828 quam
756 1786 932 1819 ambitionis
946 1785 978 1815 in
