1181 1902
189 52 248 88 176
273 80 278 87 .
359 57 410 88 ΙΝ
434 55 629 89 VERREM
658 56 704 87 11.
721 56 803 88 CAP.
820 57 872 87 24.

190 150 252 177 ma,
269 151 338 182 quae
353 152 435 174 nunc
450 143 489 173 ad
502 142 686 184 impluvium
699 149 786 173 tuum
802 147 892 180 stant,
908 152 977 183 quae
991 141 1073 173 mul-

192 187 237 212 tos
253 194 348 215 annos
363 185 401 216 ad
416 187 518 217 valvas
532 186 554 216 J
558 186 665 216 unonis
680 185 791 217 Samiae
811 190 968 234 steterunt,
983 185 1077 216 habes

195 227 349 276 quomodo
371 229 498 265 emeris3
522 229 621 268 haec,
613 238 751 269 mquam,
773 228 845 266 duo,
865 238 934 269 quae
954 228 987 258 in
1009 228 1082 258 aedi-

195 270 252 298 bus
267 270 327 300 tuis
343 271 428 301 sola'
417 282 482 311 jam
498 277 579 309 sunt,
596 282 664 312 quae
680 278 823 302 sectorem
835 276 1021 312 exspectant,
1034 282 1081 302 re-

195 311 267 342 licta
281 324 315 343 ac
330 314 474 345 destituta
488 325 506 345 a
521 315 632 345 caeteris
648 314 750 355 signis.

239 355 368 387 XXIV.
391 358 448 395 At,
464 357 586 395 credo,
579 367 610 387 1n
626 357 707 387 hisce
722 357 791 387 solis
809 358 899 387 rebus
918 356 1082 387 indomitas

198 398 376 439 cupiditates
398 406 489 441 atque
508 400 664 430 effrenatas
679 400 829 430 habebat:
854 404 967 430 caeterae
980 400 1083 430 libidi-

198 451 250 472 nes
276 443 340 481 ejus
370 443 483 473 ratione
513 443 616 484 aliqua
645 449 698 473 aut
726 443 817 473 modo
843 442 1084 473 continebantur.

197 484 301 522 Quam
316 486 421 516 multis
435 486 528 516 istum
543 486 694 526 ingenuis,
707 496 799 526 quam
811 485 916 515 multis
924 485 1087 516 matribus-

198 528 339 567 familias,
360 529 391 559 in
412 529 466 559 illa
489 529 566 559 tetra
589 534 679 570 atque
704 528 825 569 impura
844 528 1004 568 legatione,
1021 528 1084 559 vim

198 571 334 601 attulisse
356 572 558 602 existimatis?
582 572 690 612 Ecquo
714 572 745 601 in
771 571 884 612 oppido
903 571 1013 611 pedem
1030 581 1085 611 po-

198 614 269 652 suit,
287 614 340 644 ubi
362 625 422 645 non
447 615 536 655 plura
555 621 730 655 stuprorum
753 614 998 654 flagitiorumque
1017 624 1086 644 suo-

199 667 280 694 rum,
303 668 396 698 quam
420 658 566 688 adventus
590 658 648 694 sui,
673 657 797 698 vestigia
823 657 1002 697 reliquerit?
1026 657 1087 687 Sed

200 710 255 740 ego
281 700 394 739 omnia,
420 711 488 741 quae
518 701 622 740 negari
650 706 803 741 poterunt,
834 699 1083 740 praetermittam:

201 744 291 773 etium
306 744 382 780 haec,
399 755 467 784 quae
482 744 645 773 certissima
660 750 730 773 sunt
745 750 774 773 et
797 742 971 779 clarissima,
997 742 1087 772 relin-

201 796 319 826 quam:
342 797 439 816 unum
464 786 587 827 aliquod
611 787 648 816 de
671 786 791 816 nefariis
815 786 901 815 istius
925 785 1010 815 factis
1034 785 1087 815 eli-

202 840 294 869 «ram3
319 840 380 868 quo
406 829 524 859 facilius
548 829 587 859 ad
614 829 748 859 Siciliam
772 828 885 868 possim
910 828 1086 868 aliquando,

203 883 272 912 quae
283 872 360 901 mihi
375 872 431 902 hoc
446 873 543 902 oneris
558 872 731 912 newffiique
746 871 901 911 imposuit,
922 871 1087 910 pervenire.
1141 874 1147 1229 ι

1144 1704 1147 1721 l

245 915 407 963 Oppidum
432 920 475 945 cst
498 915 529 944 in
551 915 750 963 Hellesponto
774 914 991 954 Lampsacum,
1006 913 1088 952 judi-

202 968 261 995 ces,
288 958 320 987 111
341 958 446 998 primis
470 958 554 987 Asiae
577 957 738 998 provinciae
767 957 883 987 clarum
907 962 936 986 et
965 957 1086 987 nobile:

202 1000 340 1030 homines
355 1007 457 1031 autem
473 1001 530 1041 ipsi
545 1000 746 1040 Lampsaceni
762 1006 829 1030 tum
844 1009 963 1029 summe
978 999 1008 1028 in
1021 1010 1088 1029 om-

203 1053 255 1073 nes
275 1044 352 1074 cives
373 1044 529 1074 Romanos
551 1043 684 1081 officiosi,
700 1049 768 1073 tum
791 1048 935 1083 praeterea
955 1042 1089 1073 maxime

202 1086 296 1117 sedati
317 1092 346 1117 et
369 1086 474 1127 quieti,
490 1097 583 1127 prope
604 1092 711 1126 praeter
733 1091 852 1116 caeteros
874 1085 912 1115 ad
935 1095 1091 1115 summum

205 1130 382 1159 Graecorum
404 1130 499 1159 otium
522 1129 633 1169 potius,
650 1139 743 1170 quam
766 1128 804 1158 ad
827 1128 923 1158 ullam
949 1128 1011 1157 vim
1037 1134 1091 1158 aut

205 1173 385 1210 tumultum,
401 1172 627 1202 accommodati.
661 1171 795 1208 Accidit,
819 1181 890 1201 cum
910 1171 965 1200 iste
989 1181 1006 1200 a
1031 1171 1089 1202 Cn.

206 1215 367 1245 Dolabella
382 1215 584 1255 efflagitasset,
608 1219 642 1244 ut
657 1224 688 1244 se
703 1214 741 1244 ad
763 1224 865 1254 regem
888 1213 1089 1244 Nicomedem

204 1268 367 1299 regemque
390 1258 531 1288 Sadalam
554 1258 697 1294 mitteret,
718 1267 851 1298 cumque
868 1257 924 1286 iter
944 1256 1001 1287 hoc
1019 1257 1088 1295 sibi,

206 1301 303 1341 magis
318 1300 357 1331 ad
372 1306 523 1341 quaestum
538 1310 628 1330 suum
645 1310 738 1341 quam
754 1300 792 1329 ad
817 1299 991 1340 reipublicae
1012 1305 1091 1330 tem-2

207 1355 264 1384 pus
290 1344 563 1380 accommodatum,
588 1342 827 1384 depoposcisset;
851 1348 887 1372 ut
909 1342 962 1372 illo
985 1342 1091 1373 itinere

206 1387 319 1417 veniret
335 1387 552 1426 Lampsacum,
565 1396 634 1416 cum
647 1385 760 1425 magna
774 1386 944 1415 calamitate
959 1391 988 1415 et
998 1396 1092 1426 prope

204 1429 334 1470 pernicie
343 1429 480 1459 civitatis.
503 1428 672 1459 Deducitur
680 1428 736 1458 iste
750 1428 789 1458 ad
800 1429 821 1458 J
825 1428 971 1458 anitorem
983 1438 1090 1469 quem-

205 1472 278 1502 dam
302 1472 472 1512 hospitem;
497 1471 681 1512 comitesque
702 1472 767 1510 ejus
782 1471 855 1501 item
871 1471 952 1511 apud
968 1477 1089 1501 caeteros

204 1515 335 1555 hospites
360 1515 552 1545 collocantur.
585 1515 629 1545 Ut
652 1524 719 1544 mos
742 1520 805 1544 erat
828 1513 925 1552 istius,
944 1519 1036 1554 atque
1057 1520 1091 1543 ut

205 1568 277 1588 eum
293 1568 355 1588 suae
369 1557 509 1587 libidines
524 1557 679 1596 flagitiosae
693 1556 789 1587 facere
803 1556 1018 1604 admonebant,
1032 1562 1092 1586 sta·-

204 1601 261 1631 tim
281 1599 437 1640 negotium
458 1600 510 1630 dat
533 1600 593 1630 illis
615 1599 676 1630 suis
699 1599 871 1637 comitibus,
901 1599 1093 1648 nequissimis

204 1643 445 1684 turpissimisque
459 1642 644 1679 hominibus,
660 1642 706 1672 uti
721 1642 842 1672 Vldeant
856 1647 886 1672 et
899 1641 1090 1690 investigent,

205 1697 299 1727 ecqua
314 1686 398 1726 virgo
418 1686 456 1716 sit
477 1691 530 1715 aut
551 1684 671 1722 mulier,
687 1685 791 1725 digna,
807 1686 1006 1727 quamobrem
1028 1684 1092 1725 ipse

207 1729 369 1770 Lampsaci
383 1728 497 1759 diutius
517 1734 728 1760 commoretur.
1144 1727 1155 1768 ’ᾗ
