1181 1902
211 70 272 103 150
402 73 454 105 IN
477 73 673 105 VERREM
698 73 724 106 Ι.
748 73 832 107 CAP.
852 74 901 106 18.

215 158 372 200 sapientia,
394 159 580 200 auctoritate,
601 158 771 202 diligentia,
792 160 843 191 Μ’
859 160 997 199 Glabrio,
1019 165 1104 201 potes
1144 158 1145 180 ³
1170 152 1172 160 ’

214 202 380 242 providere.
404 203 528 244 Suscipe
542 214 664 234 causam
676 203 876 243 judiciorum:
900 203 1016 244 suscipe
1030 213 1102 233 cau-
1144 219 1145 239 1

214 254 282 275 sam
296 245 471 284 severitatis,
487 246 678 287 integritatis,
694 246 775 284 fidei,
791 246 962 287 religionis:
987 245 1103 286 suscipe
1144 244 1145 284 ξ

215 297 339 318 causam
354 290 484 328 senates,
500 295 535 319 ut
549 290 585 327 is,
598 289 654 320 hoc
666 289 782 329 judicio
793 291 948 330 probatus,
962 299 1033 320 cum
1047 298 1098 329 po·

213 330 289 371 pulo
310 331 452 362 Romano
473 338 503 362 et
523 332 555 362 in
576 332 667 362 laude
689 338 718 362 et
739 332 771 362 in
794 330 891 372 gratia
913 342 975 362 esse
995 332 1099 372 possit.

215 373 336 414 Cogita,
358 375 411 415 qui
432 374 482 411 sis,
503 386 564 416 quo
584 375 649 405 loco
669 375 719 414 sis,
736 375 810 416 quid
825 375 896 405 dare
910 375 1024 416 populo
1039 375 1104 404 Ro·
1144 365 1146 406 ,Ι
1169 354 1171 363 =

215 425 320 455 manO,
337 417 411 458 quid
427 417 548 448 reddere
563 418 728 457 majoribus
744 418 815 457 tuis,
831 418 959 449 debeas:
984 417 1031 448 fac
1046 417 1102 447 tibi
1144 417 1145 438 ἶ

214 465 350 500 paternae
364 460 438 501 legis
453 461 563 491 Aciliae
575 461 674 491 veniat
688 461 720 490 in
735 467 880 499 mentem,
894 459 954 502 qua
968 461 1034 500 lege
1048 470 1104 500 po·
1144 480 1146 486 »

216 502 309 544 pulus
324 503 495 541 Romanus,
511 504 550 534 de
564 504 699 545 pecuniis
714 504 898 544 repetundis,
915 503 1037 544 optimis
1052 503 1104 542 ju·
1144 541 1146 543 ι

215 545 302 576 diciis
312 546 564 587 severissimisque
575 546 729 586 judicibus
739 557 811 577 usus
821 553 874 577 est.
898 547 1104 577 Circumstant
1144 546 1146 592 j

216 593 247 619 te
262 599 390 619 summae
399 590 601 627 auctoritates,
615 600 683 630 quae
693 595 722 619 te
733 590 867 620 oblivisci
878 589 976 620 laudis
988 589 1106 619 domes-

215 631 283 662 ticae
298 642 359 662 non
371 632 490 669 sinant,
482 644 490 651 ·
515 643 584 673 quae
595 638 624 663 te
634 632 696 663 dies
708 638 868 674 noctesque
880 637 1103 670 commoneant,
1144 634 1146 649 ²

217 674 418 705 fortissimum
433 676 488 706 tibi
503 682 631 717 patrem,
649 675 903 716 sapientissimum
918 685 1022 713 avum,
1037 685 1106 715 gra-

216 718 377 749 vissimum
387 729 522 749 socerum
536 718 637 749 fuisse.
662 718 777 756 Quare,
791 719 815 748 si
825 718 998 750 Glabrionis
1012 717 1106 758 patris

216 761 282 792 vim
298 767 327 791 et
342 761 538 792 acrimoniam
550 761 662 802 ceperis
673 761 711 791 ad
723 761 920 792 resistendum
932 760 1107 791 hominibus

218 804 446 840 audacissimis·
470 805 495 835 si
510 804 558 835 avi
573 805 713 836 Scaevolae
728 804 920 845 prudentiam
936 804 974 834 ad
988 803 1105 844 prospi-

217 847 338 877 ciendas
352 847 486 885 insidias,
499 858 568 888 quae
579 853 640 878 tuae
651 852 741 888 atque
756 847 866 879 horum
880 847 971 877 famae
983 857 1106 888 compa-

217 896 345 926 rantur3
370 890 394 920 si
415 890 506 920 soceri
526 890 632 921 Scauri
654 890 864 929 constantiam,
880 896 916 920 ut
935 899 973 920 ne
993 889 1061 931 quis
1075 895 1106 920 te

217 932 257 963 de
271 933 342 964 vera
356 939 386 963 et
401 933 481 964 certa
494 933 587 974 possit
598 933 745 963 sententia
756 932 934 969 demovere;
958 932 1106 973 intelliget

217 976 350 1017 populus
372 976 546 1013 Romanus,
568 975 762 1016 integerrimo
783 981 875 1016 atque
895 976 1106 1006 honestissimo

216 1025 355 1060 praetore,
371 1018 546 1060 delectoque
560 1019 695 1057 consilio,
711 1019 830 1049 nocenti
849 1029 900 1049 reo
919 1018 1107 1067 magnitudi-

218 1072 291 1092 nem
306 1061 442 1103 pecuniae
456 1063 526 1103 plus
540 1062 681 1092 habuisse
692 1061 840 1092 momenti
851 1061 890 1092 ad.
904 1061 1105 1104 suspicionem

216 1105 364 1143 criminis,
380 1115 474 1146 quam
490 1105 529 1135 ad
543 1105 690 1136 rationem
705 1104 819 1136 salutis.

263 1148 397 1179 XVIII.
420 1147 504 1178 Mihi
519 1154 634 1179 certum
654 1153 709 1185 est,
726 1157 787 1178 non
808 1147 1008 1186 committere,
1024 1152 1059 1178 ut
1073 1147 1106 1178 in

217 1191 276 1223 hac
291 1201 381 1222 causa
395 1196 505 1232 praetor
519 1190 606 1222 nobis
621 1190 840 1231 consiliumque
854 1196 1000 1221 mutetur.
1032 1190 1065 1221 N
1066 1201 1106 1222 on

217 1234 317 1276 patiar
330 1244 395 1264 rem
410 1234 442 1264 in
456 1233 488 1263 id
507 1239 626 1274 tempus
641 1233 723 1271 duci,
738 1240 773 1263 ut
793 1233 899 1271 Siculi,
916 1244 992 1274 quos
1006 1233 1107 1265 adhuc

218 1277 297 1308 servi
320 1276 546 1317 designatorum
568 1276 728 1307 consulum
753 1286 815 1306 non
840 1282 1013 1315 moverunt,
1034 1286 1105 1308 cum

218 1331 269 1351 eos
284 1329 362 1350 novo
378 1319 517 1360 exemplo
532 1319 686 1350 universos
700 1324 890 1358 arcesserent,
907 1329 956 1349 eos
971 1325 1038 1350 tum
1052 1319 1108 1350 lic-

218 1369 298 1394 tores
324 1362 483 1393 consulum
509 1368 636 1398 vocent3
659 1371 694 1392 ut
717 1362 855 1393 homines
879 1361 993 1401 miseri,
1017 1369 1107 1394 antea

217 1405 291 1438 socii
304 1411 396 1446 atque
409 1405 500 1435 amici
514 1405 621 1446 populi
636 1405 781 1443 Romani,
797 1414 879 1436 nunc
893 1405 970 1436 servi
985 1415 1020 1436 ac
1034 1416 1108 1446 sup-

217 1449 326 1498 plices,
336 1458 396 1478 non
412 1448 503 1478 modo
515 1449 566 1488 jus
575 1457 666 1478 suum
677 1447 874 1489 fortunasque
885 1457 989 1479 omnes
1000 1458 1105 1479 eorum

217 1491 347 1532 imperio
366 1490 519 1528 amittant,
535 1501 641 1521 verum
657 1490 747 1521 etiam
768 1490 973 1531 deplorandi
961 1491 1039 1530 juris
1059 1491 1106 1521 sui

217 1539 398 1577 potestatem
414 1543 474 1564 non
489 1533 629 1564 habeant.
654 1533 727 1563 Non
743 1533 839 1564 sinam
854 1533 998 1574 profectO,
1015 1533 1106 1564 causa

219 1589 239 1609 a
253 1587 303 1608 me
317 1577 465 1618 perorata,
487 1576 688 1617 quadraginta
708 1576 814 1607 diebus
829 1576 1021 1625 interpositis,
1038 1583 1105 1607 tum

218 1620 306 1652 nobis
322 1619 452 1660 denique
467 1619 675 1660 respondeant,
696 1629 765 1650 cum
787 1620 936 1650 accusatio
955 1625 1057 1650 nostra
1073 1619 1105 1649 in

216 1663 400 1694 oblivionem
412 1662 609 1693 diuturnitate
619 1662 749 1692 adducta
761 1662 813 1692 sit:
831 1672 892 1692 non
904 1662 1105 1699 committam,

219 1713 254 1737 ut
269 1713 335 1737 tum
351 1715 397 1735 res
408 1704 571 1745 judicetur,
587 1715 658 1736 cum
673 1705 737 1736 haec
751 1705 921 1746 frequentia
935 1704 1026 1735 totius
1043 1705 1105 1735 Ita-

216 1750 265 1781 ]iae
288 1748 391 1781 Roma
415 1747 601 1787 discesserit3
624 1759 693 1791 quae
720 1747 859 1780 convenit
882 1758 943 1780 uno
967 1753 1103 1791 tempore
