1181 1902
427 324 482 362 IN
511 324 556 363 C.
579 325 796 363 VERREM
826 324 878 363 ΙΙ.

252 430 279 461 Ι.
304 430 500 462 NEMINEM
515 434 648 463 vestram
663 432 801 473 ignorare
815 431 953 469 arbitror,
967 429 1095 470 judices,

207 473 291 504 hunc
300 485 353 515 per
363 474 451 505 hosce
462 475 525 505 dies
541 485 709 505 sermonem
724 475 820 516 vulgi,
833 481 924 516 atque
938 474 1017 504 hanc
1031 473 1096 515 opi-

207 516 330 547 nionem
346 518 452 558 populi
468 518 602 548 Romani
617 517 720 556 fuisse,
741 518 776 548 C.
797 518 922 548 Verrem
940 516 1034 547 altera
1048 527 1097 547 ac-

207 559 288 589 tione
304 570 518 600 responsurum
533 571 594 591 non
610 572 682 598 esse,
696 571 793 602 neque
806 561 844 590 ad
857 560 1007 600 judicium
1020 560 1098 590 affin.

209 608 323 632 turum.
348 603 428 641 Quae
442 603 524 633 fama
536 614 596 633 non
609 604 717 634 idcirco
728 604 826 634 solum
836 604 1001 640 emanarat,
1013 602 1096 644 quod

208 644 263 675 iste
273 651 350 676 certe
360 652 503 677 statuerat
512 657 546 677 ac
556 647 771 677 deliberaverat
780 657 840 676 non
851 646 952 676 adesse
963 657 972 681 ;
989 656 1096 676 verum

208 688 311 725 etiam,
337 689 419 729 quod
442 699 532 719 nemo
556 700 743 731 quemquam
768 696 830 720 tam
853 689 1009 727 audacem,
1032 694 1097 718 tam

207 738 371 769 amentem,
389 738 451 762 tam
475 733 684 773 impudentem
708 733 771 763 fore
794 733 1008 768 arbitrabatur,
1031 731 1097 772 qui,

209 779 273 804 tam
289 775 409 805 nefariis
424 775 611 814 criminibus,
628 782 691 805 tam
712 776 817 805 multis
833 775 957 805 testibus
973 774 1098 811 evictus,

210 827 262 846 ora
275 817 415 856 judicum
431 818 593 859 adspicere,
610 824 663 849 aut
678 829 710 849 os
726 829 817 849 suum
832 818 945 860 populo
957 818 1100 848 Romano

210 860 367 890 ostendere
383 861 516 891 auderet.

251 902 308 932 Est
329 903 410 933 idem
432 903 552 942 Verres,
569 903 623 945 qui
642 903 701 934 fuit
717 914 854 945 semper3
877 909 913 934 ut
927 903 966 933 ad
981 902 1095 933 auden-

210 945 285 975 dum
306 947 468 986 projectus,
490 947 531 977 sic
550 954 672 987 paratus
693 947 731 977 ad
751 947 948 977 audiendum.
984 946 1099 976 Praesto

211 994 273 1018 est:
299 989 478 1029 respondet:
504 990 684 1020 defenditur.
710 990 759 1020 Ne
774 990 831 1020 hoc
843 989 967 1031 quidem
983 988 1040 1019 sibi
1055 999 1101 1018 re-

210 1031 288 1072 liqui
303 1031 385 1069 facit,
406 1039 452 1070 ut,
475 1032 507 1062 in
532 1034 621 1063 rebus
637 1033 830 1074 turpissimis,
851 1042 921 1063 cum
941 1031 1101 1062 manifesto

213 1079 362 1112 teneatur,
379 1075 404 1105 si
424 1075 545 1105 reticeat
560 1081 589 1106 et
604 1076 692 1113 absit,
710 1082 812 1106 tamen
827 1075 1025 1116 impudentiae
1040 1085 1102 1104 suae

212 1117 380 1158 pudentem
395 1118 512 1148 exitum
525 1120 667 1159 quaesisse
677 1119 823 1149 videatur.
848 1118 963 1155 Patior,
974 1117 1102 1157 judices,

213 1166 244 1191 et
266 1169 328 1190 non
354 1161 480 1191 moleste
504 1161 578 1200 fero,
603 1171 653 1191 me
678 1162 789 1192 laboris
812 1161 885 1199 mei,
909 1171 961 1191 vos
983 1160 1104 1190 virtutis
1151 1175 1153 1194 ς

214 1208 319 1233 vestrae
334 1203 469 1234 fructum
485 1214 547 1234 esse
561 1205 684 1234 laturos.
709 1204 804 1242 Nam,
821 1204 846 1234 si
861 1204 916 1234 iste
930 1203 962 1233 id
977 1203 1103 1240 fecisset,

213 1245 297 1286 quod
321 1247 420 1287 primo
447 1252 603 1285 statuerat,
626 1253 662 1277 ut
681 1257 742 1277 non
767 1247 902 1283 adesset3
925 1246 1027 1276 minus
1050 1246 1106 1276 ali-
1150 1236 1151 1239 Ἴ

214 1294 341 1330 quanto,
366 1300 459 1330 quam
479 1290 556 1320 mihi
577 1300 653 1331 opus
674 1295 760 1327 esset,
777 1295 1014 1331 cognosceretur,
1031 1289 1106 1330 quid

214 1342 270 1371 ego
285 1331 316 1361 in
332 1332 389 1362 hac
409 1333 595 1363 accusatione
616 1333 819 1373 comparanda
834 1332 1105 1373 constituendaque

214 1374 413 1405 elaborassem
426 1387 433 1405 :
458 1381 556 1406 vestra
571 1386 640 1406 vero
654 1376 721 1406 laus
733 1376 831 1406 tenuis
846 1376 936 1416 plane
948 1381 1039 1415 atque
1050 1376 1104 1405 ob-

213 1427 310 1454 scura,
319 1418 446 1456 judices,
457 1424 541 1448 esset.
566 1419 676 1459 Neque
688 1419 769 1449 enim
781 1419 837 1449 hoc
849 1429 867 1448 a
878 1419 961 1448 vobis
973 1417 1105 1458 populus

214 1461 375 1490 Romanus
396 1467 559 1502 exspectat,
575 1471 674 1502 neque
690 1472 723 1491 eo
739 1467 836 1502 potest
851 1472 913 1491 esse
934 1466 1103 1499 contentus,

216 1503 240 1533 si
255 1503 472 1534 condemnatus
488 1504 525 1534 sit
540 1505 576 1540 is,
588 1505 641 1545 qui
656 1504 757 1535 adesse
773 1504 921 1540 nolueritg
940 1510 969 1534 et
979 1503 1004 1534 si
1014 1503 1105 1533 fortes

215 1545 332 1575 fueritis
348 1547 379 1576 in
395 1557 440 1585 eo,
453 1557 545 1588 quem
557 1557 647 1577 nemo
659 1548 696 1577 sit
708 1558 799 1578 ausus
810 1547 978 1578 defendere.
1002 1546 1105 1576 Immo

215 1598 285 1619 vero
297 1588 373 1619 adsit
386 1601 395 1626 3
419 1590 616 1631 respondeat:
642 1590 769 1621 summis
780 1590 899 1631 opibus,
911 1599 1032 1620 summo
1042 1595 1106 1620 stu-

215 1631 266 1662 dio
294 1633 573 1672 potentissimorum
598 1633 759 1664 hominum
788 1633 987 1664 defendatur:
1013 1637 1105 1663 certet

215 1683 286 1705 mea
315 1674 471 1726 diligentia
499 1686 571 1707 cum
599 1675 723 1707 illorum
751 1677 891 1707 omnium
916 1675 1102 1716 cupiditate·
1091 1697 1102 1712 ,

216 1722 315 1748 vestra
338 1718 492 1760 integritas
518 1730 589 1750 cum
612 1719 698 1751 istius
718 1718 866 1762 pecunia;
889 1719 1013 1750 testium
1035 1727 1106 1749 con-

220 1759 331 1792 stantia
345 1772 417 1794 cum
431 1762 513 1794 illius
533 1768 728 1805 patronorum
745 1763 836 1794 minis
851 1768 942 1804 atque
961 1759 1105 1803 potentia.
