<?xml version="1.0" encoding="UTF-8"?>
<!DOCTYPE html PUBLIC "-//W3C//DTD XHTML 1.0 Transitional//EN"
    "http://www.w3.org/TR/xhtml1/DTD/xhtml1-transitional.dtd">
<html xmlns="http://www.w3.org/1999/xhtml" xml:lang="en" lang="en">
 <head>
  <title>
</title>
<meta http-equiv="Content-Type" content="text/html;charset=utf-8" />
  <meta name='ocr-system' content='tesseract 3.04.00' />
  <meta name='ocr-capabilities' content='ocr_page ocr_carea ocr_par ocr_line ocrx_word'/>
</head>
<body>
  <div class='ocr_page' id='page_1' title='image "./operaern05ciceuoft_0130.png"; bbox 0 0 1181 1902; ppageno 0'>
   <div class='ocr_carea' id='block_1_1' title="bbox 314 0 1181 114">
    <p class='ocr_par' dir='ltr' id='par_1_1' title="bbox 314 0 1181 114">
     <span class='ocr_line' id='line_1_1' title="bbox 314 0 1181 114; baseline -0.001 1"><span class='ocrx_word' id='word_1_1' title='bbox 314 0 1181 114; x_wconf 40' lang='grc' dir='ltr'><strong>ἡὴ</strong></span> 
     </span>
    </p>
   </div>
   <div class='ocr_carea' id='block_1_2' title="bbox 195 124 971 161">
    <p class='ocr_par' dir='ltr' id='par_1_2' title="bbox 195 124 971 161">
     <span class='ocr_line' id='line_1_2' title="bbox 195 124 971 161; baseline -0.004 -4"><span class='ocrx_word' id='word_1_2' title='bbox 195 126 256 157; x_wconf 82' lang='grc'><strong>118</strong></span> <span class='ocrx_word' id='word_1_3' title='bbox 303 125 355 157; x_wconf 94' lang='lat' dir='ltr'><strong>IN</strong></span> <span class='ocrx_word' id='word_1_4' title='bbox 374 124 620 161; x_wconf 73' lang='lat' dir='ltr'>‚CAECILIUM</span> <span class='ocrx_word' id='word_1_5' title='bbox 643 124 793 157; x_wconf 83' lang='lat' dir='ltr'><strong>DIVIN·</strong></span> <span class='ocrx_word' id='word_1_6' title='bbox 817 124 901 156; x_wconf 74' lang='lat' dir='ltr'>CAP.</span> <span class='ocrx_word' id='word_1_7' title='bbox 922 125 971 156; x_wconf 86' lang='lat' dir='ltr'><strong>lo.</strong></span> 
     </span>
    </p>
   </div>
   <div class='ocr_carea' id='block_1_3' title="bbox 192 210 1181 1750">
    <p class='ocr_par' dir='ltr' id='par_1_3' title="bbox 192 210 1090 503">
     <span class='ocr_line' id='line_1_3' title="bbox 192 210 1085 253; baseline -0.003 -9"><span class='ocrx_word' id='word_1_8' title='bbox 192 218 315 253; x_wconf 82' lang='lat' dir='ltr'><strong>negent,</strong></span> <span class='ocrx_word' id='word_1_9' title='bbox 337 222 375 243; x_wconf 81' lang='lat' dir='ltr'><strong>ex</strong></span> <span class='ocrx_word' id='word_1_10' title='bbox 389 222 441 243; x_wconf 91' lang='lat' dir='ltr'><strong>me</strong></span> <span class='ocrx_word' id='word_1_11' title='bbox 454 221 516 243; x_wconf 90' lang='lat' dir='ltr'><strong>non</strong></span> <span class='ocrx_word' id='word_1_12' title='bbox 531 210 655 242; x_wconf 79' lang='lat' dir='ltr'><strong>audies:</strong></span> <span class='ocrx_word' id='word_1_13' title='bbox 679 211 734 242; x_wconf 93' lang='lat' dir='ltr'><strong>hos</strong></span> <span class='ocrx_word' id='word_1_14' title='bbox 755 216 857 252; x_wconf 84' lang='lat' dir='ltr'><strong>patere</strong></span> <span class='ocrx_word' id='word_1_15' title='bbox 876 210 909 241; x_wconf 83' lang='lat' dir='ltr'><strong>id</strong></span> <span class='ocrx_word' id='word_1_16' title='bbox 929 210 1085 252; x_wconf 83' lang='lat' dir='ltr'><strong>suspicari,</strong></span> 
     </span>
     <span class='ocr_line' id='line_1_4' title="bbox 195 254 1089 297; baseline -0.001 -11"><span class='ocrx_word' id='word_1_17' title='bbox 195 256 278 297; x_wconf 90' lang='lat' dir='ltr'><strong>quod</strong></span> <span class='ocrx_word' id='word_1_18' title='bbox 292 266 410 286; x_wconf 88' lang='lat' dir='ltr'><strong>necesse</strong></span> <span class='ocrx_word' id='word_1_19' title='bbox 425 261 477 286; x_wconf 86' lang='lat' dir='ltr'><strong>est.</strong></span> <span class='ocrx_word' id='word_1_20' title='bbox 513 255 565 286; x_wconf 87' lang='lat' dir='ltr'><strong>Illi</strong></span> <span class='ocrx_word' id='word_1_21' title='bbox 586 255 711 296; x_wconf 86' lang='lat' dir='ltr'><strong>quidem</strong></span> <span class='ocrx_word' id='word_1_22' title='bbox 733 257 782 289; x_wconf 83' lang='lat' dir='ltr'><strong>(ut</strong></span> <span class='ocrx_word' id='word_1_23' title='bbox 796 260 840 284; x_wconf 82' lang='lat' dir='ltr'><strong>est</strong></span> <span class='ocrx_word' id='word_1_24' title='bbox 854 254 1015 284; x_wconf 85' lang='lat' dir='ltr'><strong>hominum</strong></span> <span class='ocrx_word' id='word_1_25' title='bbox 1037 266 1089 295; x_wconf 88' lang='lat' dir='ltr'><strong>ge-</strong></span> 
     </span>
     <span class='ocr_line' id='line_1_5' title="bbox 195 298 1090 339; baseline -0.001 -10"><span class='ocrx_word' id='word_1_26' title='bbox 195 309 253 329; x_wconf 87' lang='lat' dir='ltr'><strong>nus</strong></span> <span class='ocrx_word' id='word_1_27' title='bbox 272 299 363 329; x_wconf 85' lang='lat' dir='ltr'><strong>nimis</strong></span> <span class='ocrx_word' id='word_1_28' title='bbox 384 306 508 329; x_wconf 85' lang='lat' dir='ltr'><strong>acutum</strong></span> <span class='ocrx_word' id='word_1_29' title='bbox 531 305 560 329; x_wconf 89' lang='lat' dir='ltr'><strong>et</strong></span> <span class='ocrx_word' id='word_1_30' title='bbox 582 298 795 339; x_wconf 86' lang='lat' dir='ltr'><strong>suspiciosum)</strong></span> <span class='ocrx_word' id='word_1_31' title='bbox 811 307 872 327; x_wconf 88' lang='lat' dir='ltr'><strong>non</strong></span> <span class='ocrx_word' id='word_1_32' title='bbox 888 304 917 328; x_wconf 87' lang='lat' dir='ltr'><strong>te</strong></span> <span class='ocrx_word' id='word_1_33' title='bbox 933 308 970 328; x_wconf 79' lang='lat' dir='ltr'><strong>ex</strong></span> <span class='ocrx_word' id='word_1_34' title='bbox 987 298 1090 328; x_wconf 56' lang='lat' dir='ltr'><strong>§iouia</strong></span> 
     </span>
     <span class='ocr_line' id='line_1_6' title="bbox 193 341 1090 382; baseline -0.002 -10"><span class='ocrx_word' id='word_1_35' title='bbox 193 342 295 372; x_wconf 82' lang='lat' dir='ltr'>literas</span> <span class='ocrx_word' id='word_1_36' title='bbox 316 342 347 372; x_wconf 92' lang='lat' dir='ltr'><strong>in</strong></span> <span class='ocrx_word' id='word_1_37' title='bbox 368 343 496 373; x_wconf 87' lang='lat' dir='ltr'><strong>Verrem</strong></span> <span class='ocrx_word' id='word_1_38' title='bbox 517 342 673 382; x_wconf 84' lang='lat' dir='ltr'><strong>deportare</strong></span> <span class='ocrx_word' id='word_1_39' title='bbox 696 341 774 371; x_wconf 85' lang='lat' dir='ltr'><strong>velle</strong></span> <span class='ocrx_word' id='word_1_40' title='bbox 798 341 1002 377; x_wconf 80' lang='lat' dir='ltr'><strong>arbitrantur;</strong></span> <span class='ocrx_word' id='word_1_41' title='bbox 1026 341 1090 379; x_wconf 88' lang='lat' dir='ltr'><strong>sed,</strong></span> 
     </span>
     <span class='ocr_line' id='line_1_7' title="bbox 195 385 1090 425; baseline -0.003 -9"><span class='ocrx_word' id='word_1_42' title='bbox 195 396 267 416; x_wconf 90' lang='lat' dir='ltr'><strong>cum</strong></span> <span class='ocrx_word' id='word_1_43' title='bbox 283 385 390 416; x_wconf 84' lang='lat' dir='ltr'><strong>iisdem</strong></span> <span class='ocrx_word' id='word_1_44' title='bbox 401 385 494 415; x_wconf 84' lang='lat' dir='ltr'><strong>literis</strong></span> <span class='ocrx_word' id='word_1_45' title='bbox 506 385 587 415; x_wconf 82' lang='lat' dir='ltr'><strong>iflius</strong></span> <span class='ocrx_word' id='word_1_46' title='bbox 602 390 735 425; x_wconf 82' lang='lat' dir='ltr'><strong>praetura</strong></span> <span class='ocrx_word' id='word_1_47' title='bbox 750 390 779 414; x_wconf 90' lang='lat' dir='ltr'><strong>et</strong></span> <span class='ocrx_word' id='word_1_48' title='bbox 791 390 844 413; x_wconf 83' lang='lat' dir='ltr'><strong>tua</strong></span> <span class='ocrx_word' id='word_1_49' title='bbox 855 390 1008 424; x_wconf 79' lang='lat' dir='ltr'><strong>quaestura</strong></span> <span class='ocrx_word' id='word_1_50' title='bbox 1019 394 1090 414; x_wconf 90' lang='lat' dir='ltr'><strong>con-</strong></span> 
     </span>
     <span class='ocr_line' id='line_1_8' title="bbox 194 427 1087 470; baseline -0.001 -12"><span class='ocrx_word' id='word_1_51' title='bbox 194 429 314 469; x_wconf 82' lang='lat' dir='ltr'><strong>signata</strong></span> <span class='ocrx_word' id='word_1_52' title='bbox 329 429 378 467; x_wconf 83' lang='lat' dir='ltr'><strong>sit,</strong></span> <span class='ocrx_word' id='word_1_53' title='bbox 395 434 546 470; x_wconf 86' lang='lat' dir='ltr'><strong>asportare</strong></span> <span class='ocrx_word' id='word_1_54' title='bbox 567 434 596 459; x_wconf 89' lang='lat' dir='ltr'><strong>te</strong></span> <span class='ocrx_word' id='word_1_55' title='bbox 611 428 687 458; x_wconf 83' lang='lat' dir='ltr'><strong>velle</strong></span> <span class='ocrx_word' id='word_1_56' title='bbox 704 438 741 457; x_wconf 80' lang='lat' dir='ltr'><strong>ex</strong></span> <span class='ocrx_word' id='word_1_57' title='bbox 756 427 860 458; x_wconf 68' lang='lat' dir='ltr'><strong>Sicilia</strong></span> <span class='ocrx_word' id='word_1_58' title='bbox 874 427 974 457; x_wconf 81' lang='lat' dir='ltr'>literas</span> <span class='ocrx_word' id='word_1_59' title='bbox 989 427 1087 469; x_wconf 85' lang='lat' dir='ltr'><strong>suspi-</strong></span> 
     </span>
     <span class='ocr_line' id='line_1_9' title="bbox 195 477 314 503; baseline -0.017 0"><span class='ocrx_word' id='word_1_60' title='bbox 195 477 314 503; x_wconf 84' lang='lat' dir='ltr'><strong>cantur.</strong></span> 
     </span>
    </p>

    <p class='ocr_par' dir='ltr' id='par_1_4' title="bbox 192 514 1180 1236">
     <span class='ocr_line' id='line_1_10' title="bbox 239 514 1092 554; baseline -0.002 -9"><span class='ocrx_word' id='word_1_61' title='bbox 239 515 360 545; x_wconf 85' lang='lat' dir='ltr'><strong>Deinde</strong></span> <span class='ocrx_word' id='word_1_62' title='bbox 380 521 583 545; x_wconf 84' lang='lat' dir='ltr'>accusatorem</span> <span class='ocrx_word' id='word_1_63' title='bbox 598 514 723 544; x_wconf 89' lang='lat' dir='ltr'><strong>firmum</strong></span> <span class='ocrx_word' id='word_1_64' title='bbox 739 523 906 554; x_wconf 89' lang='lat' dir='ltr'><strong>verumque</strong></span> <span class='ocrx_word' id='word_1_65' title='bbox 926 524 988 544; x_wconf 88' lang='lat' dir='ltr'><strong>esse</strong></span> <span class='ocrx_word' id='word_1_66' title='bbox 1003 524 1092 554; x_wconf 92' lang='lat' dir='ltr'><strong>opor-</strong></span> 
     </span>
     <span class='ocr_line' id='line_1_11' title="bbox 195 556 1093 599; baseline -0.002 -11"><span class='ocrx_word' id='word_1_67' title='bbox 195 564 248 589; x_wconf 86' lang='lat' dir='ltr'><strong>tet.</strong></span> <span class='ocrx_word' id='word_1_68' title='bbox 286 558 371 588; x_wconf 89' lang='lat' dir='ltr'><strong>Eum</strong></span> <span class='ocrx_word' id='word_1_69' title='bbox 387 568 442 599; x_wconf 85' lang='lat' dir='ltr'><strong>ego</strong></span> <span class='ocrx_word' id='word_1_70' title='bbox 458 558 482 587; x_wconf 85' lang='lat' dir='ltr'><strong>si</strong></span> <span class='ocrx_word' id='word_1_71' title='bbox 498 564 527 588; x_wconf 89' lang='lat' dir='ltr'><strong>te</strong></span> <span class='ocrx_word' id='word_1_72' title='bbox 542 563 647 598; x_wconf 84' lang='lat' dir='ltr'><strong>putem</strong></span> <span class='ocrx_word' id='word_1_73' title='bbox 669 567 777 597; x_wconf 85' lang='lat' dir='ltr'><strong>cupere</strong></span> <span class='ocrx_word' id='word_1_74' title='bbox 798 567 872 594; x_wconf 84' lang='lat' dir='ltr'><strong>esse,</strong></span> <span class='ocrx_word' id='word_1_75' title='bbox 895 556 983 587; x_wconf 82' lang='lat' dir='ltr'><strong>facile</strong></span> <span class='ocrx_word' id='word_1_76' title='bbox 1003 557 1093 587; x_wconf 86' lang='lat' dir='ltr'><strong>intel-</strong></span> 
     </span>
     <span class='ocr_line' id='line_1_12' title="bbox 194 599 1087 642; baseline -0.002 -11"><span class='ocrx_word' id='word_1_77' title='bbox 194 602 269 642; x_wconf 83' lang='lat' dir='ltr'>ligo,</span> <span class='ocrx_word' id='word_1_78' title='bbox 287 612 349 631; x_wconf 87' lang='lat' dir='ltr'><strong>esse</strong></span> <span class='ocrx_word' id='word_1_79' title='bbox 369 611 429 631; x_wconf 92' lang='lat' dir='ltr'><strong>non</strong></span> <span class='ocrx_word' id='word_1_80' title='bbox 451 612 547 641; x_wconf 85' lang='lat' dir='ltr'><strong>posse.</strong></span> <span class='ocrx_word' id='word_1_81' title='bbox 586 601 653 630; x_wconf 88' lang='lat' dir='ltr'><strong>Nec</strong></span> <span class='ocrx_word' id='word_1_82' title='bbox 676 610 711 630; x_wconf 84' lang='lat' dir='ltr'><strong>ea</strong></span> <span class='ocrx_word' id='word_1_83' title='bbox 729 599 806 637; x_wconf 87' lang='lat' dir='ltr'><strong>dico,</strong></span> <span class='ocrx_word' id='word_1_84' title='bbox 829 611 908 640; x_wconf 75' lang='lat' dir='ltr'><strong>quae,</strong></span> <span class='ocrx_word' id='word_1_85' title='bbox 931 599 956 630; x_wconf 89' lang='lat' dir='ltr'><strong>si</strong></span> <span class='ocrx_word' id='word_1_86' title='bbox 976 600 1087 637; x_wconf 86' lang='lat' dir='ltr'><strong>dicam,</strong></span> 
     </span>
     <span class='ocr_line' id='line_1_13' title="bbox 192 643 1091 684; baseline -0.002 -10"><span class='ocrx_word' id='word_1_87' title='bbox 192 651 298 675; x_wconf 86' lang='lat' dir='ltr'><strong>tamen</strong></span> <span class='ocrx_word' id='word_1_88' title='bbox 313 644 467 674; x_wconf 83' lang='lat' dir='ltr'><strong>infirmare</strong></span> <span class='ocrx_word' id='word_1_89' title='bbox 482 654 543 674; x_wconf 90' lang='lat' dir='ltr'><strong>non</strong></span> <span class='ocrx_word' id='word_1_90' title='bbox 558 644 672 684; x_wconf 87' lang='lat' dir='ltr'><strong>possis:</strong></span> <span class='ocrx_word' id='word_1_91' title='bbox 699 649 738 681; x_wconf 82' lang='lat' dir='ltr'><strong>te,</strong></span> <span class='ocrx_word' id='word_1_92' title='bbox 755 649 919 683; x_wconf 83' lang='lat' dir='ltr'>antequam</span> <span class='ocrx_word' id='word_1_93' title='bbox 935 643 972 673; x_wconf 87' lang='lat' dir='ltr'><strong>de</strong></span> <span class='ocrx_word' id='word_1_94' title='bbox 987 643 1091 673; x_wconf 64' lang='lat' dir='ltr'><strong>Sicilia</strong></span> 
     </span>
     <span class='ocr_line' id='line_1_14' title="bbox 196 686 1092 728; baseline -0.002 -10"><span class='ocrx_word' id='word_1_95' title='bbox 196 688 366 725; x_wconf 67' lang='lat' dir='ltr'><strong>decesseris,</strong></span> <span class='ocrx_word' id='word_1_96' title='bbox 389 688 420 717; x_wconf 90' lang='lat' dir='ltr'><strong>in</strong></span> <span class='ocrx_word' id='word_1_97' title='bbox 441 687 571 728; x_wconf 84' lang='lat' dir='ltr'>gratiam</span> <span class='ocrx_word' id='word_1_98' title='bbox 594 686 705 717; x_wconf 80' lang='lat' dir='ltr'><strong>redisse</strong></span> <span class='ocrx_word' id='word_1_99' title='bbox 720 696 791 716; x_wconf 89' lang='lat' dir='ltr'><strong>cum</strong></span> <span class='ocrx_word' id='word_1_100' title='bbox 807 686 922 717; x_wconf 81' lang='lat' dir='ltr'><strong>Verre:</strong></span> <span class='ocrx_word' id='word_1_101' title='bbox 947 686 1092 716; x_wconf 86' lang='lat' dir='ltr'><strong>Potamo-</strong></span> 
     </span>
     <span class='ocr_line' id='line_1_15' title="bbox 196 730 1093 769; baseline -0.001 -8"><span class='ocrx_word' id='word_1_102' title='bbox 196 740 280 769; x_wconf 90' lang='lat' dir='ltr'><strong>nem,</strong></span> <span class='ocrx_word' id='word_1_103' title='bbox 302 730 430 761; x_wconf 89' lang='lat' dir='ltr'><strong>scribam</strong></span> <span class='ocrx_word' id='word_1_104' title='bbox 451 736 480 760; x_wconf 89' lang='lat' dir='ltr'><strong>et</strong></span> <span class='ocrx_word' id='word_1_105' title='bbox 500 730 683 760; x_wconf 76' lang='lat' dir='ltr'><strong>familiarem</strong></span> <span class='ocrx_word' id='word_1_106' title='bbox 706 736 807 767; x_wconf 84' lang='lat' dir='ltr'><strong>tuum,</strong></span> <span class='ocrx_word' id='word_1_107' title='bbox 831 734 982 759; x_wconf 85' lang='lat' dir='ltr'><strong>retentum</strong></span> <span class='ocrx_word' id='word_1_108' title='bbox 999 740 1060 760; x_wconf 89' lang='lat' dir='ltr'><strong>esse</strong></span> <span class='ocrx_word' id='word_1_109' title='bbox 1075 740 1093 760; x_wconf 87' lang='lat' dir='ltr'><strong>a</strong></span> 
     </span>
     <span class='ocr_line' id='line_1_16' title="bbox 197 772 1095 814; baseline -0.002 -10"><span class='ocrx_word' id='word_1_110' title='bbox 197 774 294 804; x_wconf 88' lang='lat' dir='ltr'><strong>Verre</strong></span> <span class='ocrx_word' id='word_1_111' title='bbox 309 774 340 803; x_wconf 90' lang='lat' dir='ltr'><strong>in</strong></span> <span class='ocrx_word' id='word_1_112' title='bbox 353 773 520 814; x_wconf 56' lang='lat' dir='ltr'><strong>provincia,</strong></span> <span class='ocrx_word' id='word_1_113' title='bbox 537 783 607 803; x_wconf 85' lang='lat' dir='ltr'><strong>cum</strong></span> <span class='ocrx_word' id='word_1_114' title='bbox 620 778 653 802; x_wconf 85' lang='lat' dir='ltr'><strong>tu</strong></span> <span class='ocrx_word' id='word_1_115' title='bbox 665 772 820 803; x_wconf 83' lang='lat' dir='ltr'><strong>decederes</strong></span> <span class='ocrx_word' id='word_1_116' title='bbox 833 784 840 802; x_wconf 79' lang='lat' dir='ltr'><strong><em>z</em></strong></span> <span class='ocrx_word' id='word_1_117' title='bbox 860 772 908 802; x_wconf 88' lang='lat' dir='ltr'><strong>M.</strong></span> <span class='ocrx_word' id='word_1_118' title='bbox 923 773 1095 810; x_wconf 80' lang='lat' dir='ltr'><strong>Caecilium,</strong></span> 
     </span>
     <span class='ocr_line' id='line_1_17' title="bbox 197 816 1097 856; baseline -0.001 -10"><span class='ocrx_word' id='word_1_119' title='bbox 197 817 322 847; x_wconf 84' lang='lat' dir='ltr'><strong>fratrem</strong></span> <span class='ocrx_word' id='word_1_120' title='bbox 338 823 439 853; x_wconf 87' lang='lat' dir='ltr'><strong>tuum,</strong></span> <span class='ocrx_word' id='word_1_121' title='bbox 456 816 654 846; x_wconf 74' lang='lat' dir='ltr'><strong>lectissimum</strong></span> <span class='ocrx_word' id='word_1_122' title='bbox 671 822 763 856; x_wconf 87' lang='lat' dir='ltr'><strong>atque</strong></span> <span class='ocrx_word' id='word_1_123' title='bbox 779 816 1007 846; x_wconf 89' lang='lat' dir='ltr'><strong>ornatissimum</strong></span> <span class='ocrx_word' id='word_1_124' title='bbox 1024 816 1097 846; x_wconf 89' lang='lat' dir='ltr'><strong>ado-</strong></span> 
     </span>
     <span class='ocr_line' id='line_1_18' title="bbox 195 857 1180 899; baseline 0.001 -9"><span class='ocrx_word' id='word_1_125' title='bbox 195 861 370 896; x_wconf 86' lang='lat' dir='ltr'><strong>lescentem,</strong></span> <span class='ocrx_word' id='word_1_126' title='bbox 392 869 452 890; x_wconf 91' lang='lat' dir='ltr'><strong>non</strong></span> <span class='ocrx_word' id='word_1_127' title='bbox 475 859 566 889; x_wconf 88' lang='lat' dir='ltr'><strong>modo</strong></span> <span class='ocrx_word' id='word_1_128' title='bbox 588 869 649 889; x_wconf 88' lang='lat' dir='ltr'><strong>non</strong></span> <span class='ocrx_word' id='word_1_129' title='bbox 665 859 779 895; x_wconf 87' lang='lat' dir='ltr'><strong>adesse,</strong></span> <span class='ocrx_word' id='word_1_130' title='bbox 795 869 894 899; x_wconf 86' lang='lat' dir='ltr'><strong>neque</strong></span> <span class='ocrx_word' id='word_1_131' title='bbox 910 864 1011 889; x_wconf 82' lang='lat' dir='ltr'><strong>tecum</strong></span> <span class='ocrx_word' id='word_1_132' title='bbox 1029 864 1096 890; x_wconf 85' lang='lat' dir='ltr'><strong>tuas</strong></span> <span class='ocrx_word' id='word_1_133' title='bbox 1150 874 1152 888; x_wconf 68' lang='grc' dir='ltr'>ι</span> <span class='ocrx_word' id='word_1_134' title='bbox 1178 857 1180 891; x_wconf 68' lang='grc' dir='ltr'><em>ἓ</em></span> 
     </span>
     <span class='ocr_line' id='line_1_19' title="bbox 197 895 1180 943; baseline -0.001 -11"><span class='ocrx_word' id='word_1_135' title='bbox 197 903 324 942; x_wconf 86' lang='lat' dir='ltr'><strong>injurias</strong></span> <span class='ocrx_word' id='word_1_136' title='bbox 339 902 499 943; x_wconf 78' lang='lat' dir='ltr'><strong>persequi3</strong></span> <span class='ocrx_word' id='word_1_137' title='bbox 524 902 575 932; x_wconf 84' lang='lat' dir='ltr'><strong>sed</strong></span> <span class='ocrx_word' id='word_1_138' title='bbox 591 912 652 932; x_wconf 86' lang='lat' dir='ltr'><strong>esse</strong></span> <span class='ocrx_word' id='word_1_139' title='bbox 668 912 739 932; x_wconf 89' lang='lat' dir='ltr'><strong>cum</strong></span> <span class='ocrx_word' id='word_1_140' title='bbox 755 902 783 932; x_wconf 88' lang='lat' dir='ltr'>V</span> <span class='ocrx_word' id='word_1_141' title='bbox 788 913 871 938; x_wconf 75' lang='lat' dir='ltr'><strong>erre3</strong></span> <span class='ocrx_word' id='word_1_142' title='bbox 896 912 967 932; x_wconf 87' lang='lat' dir='ltr'><strong>cum</strong></span> <span class='ocrx_word' id='word_1_143' title='bbox 980 902 1032 932; x_wconf 87' lang='lat' dir='ltr'><strong>illo</strong></span> <span class='ocrx_word' id='word_1_144' title='bbox 1047 902 1095 932; x_wconf 79' lang='lat' dir='ltr'><strong>fa·</strong></span> <span class='ocrx_word' id='word_1_145' title='bbox 1178 895 1180 940; x_wconf 55' lang='lat'><strong>¹(</strong></span> 
     </span>
     <span class='ocr_line' id='line_1_20' title="bbox 198 945 1180 986; baseline -0.002 -10"><span class='ocrx_word' id='word_1_146' title='bbox 198 946 401 976; x_wconf 80' lang='lat' dir='ltr'><strong>miliarissime</strong></span> <span class='ocrx_word' id='word_1_147' title='bbox 422 952 513 986; x_wconf 86' lang='lat' dir='ltr'><strong>atque</strong></span> <span class='ocrx_word' id='word_1_148' title='bbox 536 945 717 975; x_wconf 80' lang='lat' dir='ltr'><strong>amicissime</strong></span> <span class='ocrx_word' id='word_1_149' title='bbox 738 945 845 975; x_wconf 88' lang='lat' dir='ltr'><strong>vivere.</strong></span> <span class='ocrx_word' id='word_1_150' title='bbox 881 945 961 975; x_wconf 76' lang='lat' dir='ltr'><strong>Sunt</strong></span> <span class='ocrx_word' id='word_1_151' title='bbox 981 945 1045 975; x_wconf 79' lang='lat' dir='ltr'><strong>haec</strong></span> <span class='ocrx_word' id='word_1_152' title='bbox 1067 951 1097 975; x_wconf 87' lang='lat' dir='ltr'><strong>et</strong></span> <span class='ocrx_word' id='word_1_153' title='bbox 1150 965 1152 980; x_wconf 83' lang='lat'><em>.</em></span> <span class='ocrx_word' id='word_1_154' title='bbox 1178 952 1180 974; x_wconf 60' lang='grc' dir='ltr'><strong>ί,</strong></span> 
     </span>
     <span class='ocr_line' id='line_1_21' title="bbox 199 988 1097 1029; baseline -0.001 -9"><span class='ocrx_word' id='word_1_155' title='bbox 199 989 258 1020; x_wconf 85' lang='lat' dir='ltr'><strong>alia</strong></span> <span class='ocrx_word' id='word_1_156' title='bbox 282 989 313 1019; x_wconf 89' lang='lat' dir='ltr'><strong>in</strong></span> <span class='ocrx_word' id='word_1_157' title='bbox 335 995 364 1020; x_wconf 85' lang='lat' dir='ltr'><strong>te</strong></span> <span class='ocrx_word' id='word_1_158' title='bbox 386 989 455 1019; x_wconf 85' lang='lat' dir='ltr'><strong>falsi</strong></span> <span class='ocrx_word' id='word_1_159' title='bbox 479 988 657 1019; x_wconf 84' lang='lat' dir='ltr'><strong>accusatoris</strong></span> <span class='ocrx_word' id='word_1_160' title='bbox 678 988 764 1028; x_wconf 86' lang='lat' dir='ltr'><strong>signa</strong></span> <span class='ocrx_word' id='word_1_161' title='bbox 786 988 958 1029; x_wconf 81' lang='lat' dir='ltr'><strong>permulta3</strong></span> <span class='ocrx_word' id='word_1_162' title='bbox 984 988 1097 1029; x_wconf 85' lang='lat' dir='ltr'><strong>quibus</strong></span> 
     </span>
     <span class='ocr_line' id='line_1_22' title="bbox 199 1031 1095 1072; baseline -0.001 -9"><span class='ocrx_word' id='word_1_163' title='bbox 199 1043 255 1072; x_wconf 88' lang='lat' dir='ltr'><strong>ego</strong></span> <span class='ocrx_word' id='word_1_164' title='bbox 276 1042 358 1062; x_wconf 87' lang='lat' dir='ltr'><strong>nunc</strong></span> <span class='ocrx_word' id='word_1_165' title='bbox 374 1042 435 1062; x_wconf 91' lang='lat' dir='ltr'><strong>non</strong></span> <span class='ocrx_word' id='word_1_166' title='bbox 454 1038 542 1062; x_wconf 89' lang='lat' dir='ltr'><strong>utor:</strong></span> <span class='ocrx_word' id='word_1_167' title='bbox 566 1032 623 1061; x_wconf 87' lang='lat' dir='ltr'><strong>hoc</strong></span> <span class='ocrx_word' id='word_1_168' title='bbox 638 1031 716 1069; x_wconf 88' lang='lat' dir='ltr'><strong>dico,</strong></span> <span class='ocrx_word' id='word_1_169' title='bbox 733 1037 773 1069; x_wconf 84' lang='lat' dir='ltr'><strong>te,</strong></span> <span class='ocrx_word' id='word_1_170' title='bbox 791 1032 815 1061; x_wconf 87' lang='lat' dir='ltr'><strong>si</strong></span> <span class='ocrx_word' id='word_1_171' title='bbox 830 1031 965 1061; x_wconf 82' lang='lat' dir='ltr'><strong>maxime</strong></span> <span class='ocrx_word' id='word_1_172' title='bbox 980 1031 1095 1072; x_wconf 85' lang='lat' dir='ltr'><strong>cupias,</strong></span> 
     </span>
     <span class='ocr_line' id='line_1_23' title="bbox 199 1075 1096 1115; baseline -0.001 -9"><span class='ocrx_word' id='word_1_173' title='bbox 199 1080 303 1106; x_wconf 87' lang='lat' dir='ltr'><strong>tamen</strong></span> <span class='ocrx_word' id='word_1_174' title='bbox 329 1085 435 1106; x_wconf 85' lang='lat' dir='ltr'><strong>verum</strong></span> <span class='ocrx_word' id='word_1_175' title='bbox 462 1080 666 1105; x_wconf 86' lang='lat' dir='ltr'><strong>accusatorem</strong></span> <span class='ocrx_word' id='word_1_176' title='bbox 690 1085 752 1105; x_wconf 87' lang='lat' dir='ltr'><strong>esse</strong></span> <span class='ocrx_word' id='word_1_177' title='bbox 778 1084 839 1104; x_wconf 90' lang='lat' dir='ltr'><strong>non</strong></span> <span class='ocrx_word' id='word_1_178' title='bbox 865 1085 960 1115; x_wconf 88' lang='lat' dir='ltr'><strong>posse.</strong></span> <span class='ocrx_word' id='word_1_179' title='bbox 997 1075 1022 1104; x_wconf 83' lang='lat' dir='ltr'>V</span> <span class='ocrx_word' id='word_1_180' title='bbox 1029 1075 1096 1105; x_wconf 91' lang='lat' dir='ltr'><strong>ideo</strong></span> 
     </span>
     <span class='ocr_line' id='line_1_24' title="bbox 199 1117 1096 1159; baseline -0.001 -10"><span class='ocrx_word' id='word_1_181' title='bbox 199 1119 282 1150; x_wconf 90' lang='lat' dir='ltr'><strong>enim</strong></span> <span class='ocrx_word' id='word_1_182' title='bbox 306 1119 460 1159; x_wconf 87' lang='lat' dir='ltr'><strong>permulta</strong></span> <span class='ocrx_word' id='word_1_183' title='bbox 483 1129 546 1148; x_wconf 87' lang='lat' dir='ltr'><strong>esse</strong></span> <span class='ocrx_word' id='word_1_184' title='bbox 569 1117 707 1156; x_wconf 87' lang='lat' dir='ltr'><strong>crimina,</strong></span> <span class='ocrx_word' id='word_1_185' title='bbox 736 1128 867 1158; x_wconf 87' lang='lat' dir='ltr'><strong>quorum</strong></span> <span class='ocrx_word' id='word_1_186' title='bbox 894 1118 949 1147; x_wconf 87' lang='lat' dir='ltr'><strong>tibi</strong></span> <span class='ocrx_word' id='word_1_187' title='bbox 974 1118 1096 1148; x_wconf 83' lang='lat' dir='ltr'><strong>societas</strong></span> 
     </span>
     <span class='ocr_line' id='line_1_25' title="bbox 201 1161 1099 1202; baseline -0.002 -10"><span class='ocrx_word' id='word_1_188' title='bbox 201 1172 274 1192; x_wconf 89' lang='lat' dir='ltr'><strong>cum</strong></span> <span class='ocrx_word' id='word_1_189' title='bbox 290 1162 386 1192; x_wconf 89' lang='lat' dir='ltr'><strong>Verre</strong></span> <span class='ocrx_word' id='word_1_190' title='bbox 399 1161 549 1201; x_wconf 88' lang='lat' dir='ltr'><strong>ejusmodi</strong></span> <span class='ocrx_word' id='word_1_191' title='bbox 561 1166 617 1200; x_wconf 86' lang='lat' dir='ltr'><strong>est,</strong></span> <span class='ocrx_word' id='word_1_192' title='bbox 630 1166 665 1192; x_wconf 89' lang='lat' dir='ltr'><strong>ut</strong></span> <span class='ocrx_word' id='word_1_193' title='bbox 680 1161 757 1191; x_wconf 86' lang='lat' dir='ltr'><strong>eain</strong></span> <span class='ocrx_word' id='word_1_194' title='bbox 773 1161 940 1192; x_wconf 86' lang='lat' dir='ltr'><strong>accusando</strong></span> <span class='ocrx_word' id='word_1_195' title='bbox 952 1161 1099 1202; x_wconf 84' lang='lat' dir='ltr'><strong>attingere</strong></span> 
     </span>
     <span class='ocr_line' id='line_1_26' title="bbox 202 1205 400 1236; baseline -0.01 0"><span class='ocrx_word' id='word_1_196' title='bbox 202 1214 263 1236; x_wconf 88' lang='lat' dir='ltr'><strong>non</strong></span> <span class='ocrx_word' id='word_1_197' title='bbox 279 1205 400 1235; x_wconf 86' lang='lat' dir='ltr'><strong>audeas.</strong></span> 
     </span>
    </p>

    <p class='ocr_par' dir='ltr' id='par_1_5' title="bbox 201 1246 1181 1632">
     <span class='ocr_line' id='line_1_27' title="bbox 245 1246 1098 1286; baseline -0.001 -8"><span class='ocrx_word' id='word_1_198' title='bbox 245 1248 287 1278; x_wconf 86' lang='lat' dir='ltr'><strong>X.</strong></span> <span class='ocrx_word' id='word_1_199' title='bbox 301 1248 448 1285; x_wconf 83' lang='lat' dir='ltr'><strong>Queritur</strong></span> <span class='ocrx_word' id='word_1_200' title='bbox 465 1247 566 1278; x_wconf 84' lang='lat' dir='ltr'><strong>Sicilia</strong></span> <span class='ocrx_word' id='word_1_201' title='bbox 582 1252 654 1284; x_wconf 84' lang='lat' dir='ltr'><strong>tota,</strong></span> <span class='ocrx_word' id='word_1_202' title='bbox 672 1246 708 1277; x_wconf 86' lang='lat' dir='ltr'><strong>C.</strong></span> <span class='ocrx_word' id='word_1_203' title='bbox 722 1246 851 1277; x_wconf 86' lang='lat' dir='ltr'><strong>Verrem</strong></span> <span class='ocrx_word' id='word_1_204' title='bbox 867 1248 904 1277; x_wconf 85' lang='lat' dir='ltr'><strong>ab</strong></span> <span class='ocrx_word' id='word_1_205' title='bbox 918 1246 1098 1286; x_wconf 82' lang='lat' dir='ltr'><strong>aratoribus,</strong></span> 
     </span>
     <span class='ocr_line' id='line_1_28' title="bbox 202 1290 1100 1330; baseline 0 -10"><span class='ocrx_word' id='word_1_206' title='bbox 202 1301 274 1321; x_wconf 89' lang='lat' dir='ltr'><strong>eum</strong></span> <span class='ocrx_word' id='word_1_207' title='bbox 289 1291 481 1321; x_wconf 88' lang='lat' dir='ltr'><strong>frumentum</strong></span> <span class='ocrx_word' id='word_1_208' title='bbox 496 1291 553 1321; x_wconf 90' lang='lat' dir='ltr'><strong>sibi</strong></span> <span class='ocrx_word' id='word_1_209' title='bbox 568 1291 599 1320; x_wconf 90' lang='lat' dir='ltr'><strong>in</strong></span> <span class='ocrx_word' id='word_1_210' title='bbox 615 1290 723 1320; x_wconf 84' lang='lat' dir='ltr'><strong>cellam</strong></span> <span class='ocrx_word' id='word_1_211' title='bbox 739 1290 958 1330; x_wconf 75' lang='lat' dir='ltr'><strong>imperavisset,</strong></span> <span class='ocrx_word' id='word_1_212' title='bbox 981 1296 1010 1320; x_wconf 90' lang='lat' dir='ltr'><strong>et</strong></span> <span class='ocrx_word' id='word_1_213' title='bbox 1028 1301 1100 1320; x_wconf 91' lang='lat' dir='ltr'><strong>cum</strong></span> 
     </span>
     <span class='ocr_line' id='line_1_29' title="bbox 201 1333 1099 1374; baseline -0.001 -9"><span class='ocrx_word' id='word_1_214' title='bbox 201 1340 276 1365; x_wconf 87' lang='lat' dir='ltr'><strong>esset</strong></span> <span class='ocrx_word' id='word_1_215' title='bbox 291 1334 381 1364; x_wconf 87' lang='lat' dir='ltr'><strong>tritici</strong></span> <span class='ocrx_word' id='word_1_216' title='bbox 396 1334 517 1364; x_wconf 86' lang='lat' dir='ltr'><strong>modius</strong></span> <span class='ocrx_word' id='word_1_217' title='bbox 534 1334 589 1364; x_wconf 71' lang='lat' dir='ltr'><strong>Hs·</strong></span> <span class='ocrx_word' id='word_1_218' title='bbox 604 1333 651 1371; x_wconf 84' lang='lat' dir='ltr'><strong>II,</strong></span> <span class='ocrx_word' id='word_1_219' title='bbox 673 1343 728 1374; x_wconf 90' lang='lat' dir='ltr'><strong>pro</strong></span> <span class='ocrx_word' id='word_1_220' title='bbox 747 1333 912 1371; x_wconf 80' lang='lat' dir='ltr'><strong>frumento,</strong></span> <span class='ocrx_word' id='word_1_221' title='bbox 932 1334 964 1363; x_wconf 90' lang='lat' dir='ltr'><strong>in</strong></span> <span class='ocrx_word' id='word_1_222' title='bbox 980 1333 1099 1364; x_wconf 88' lang='lat' dir='ltr'><strong>modios</strong></span> 
     </span>
     <span class='ocr_line' id='line_1_30' title="bbox 203 1376 1100 1417; baseline -0.001 -10"><span class='ocrx_word' id='word_1_223' title='bbox 203 1377 349 1417; x_wconf 81' lang='lat' dir='ltr'><strong>singulos,</strong></span> <span class='ocrx_word' id='word_1_224' title='bbox 366 1376 521 1407; x_wconf 82' lang='lat' dir='ltr'><strong>duodenos</strong></span> <span class='ocrx_word' id='word_1_225' title='bbox 537 1376 686 1406; x_wconf 85' lang='lat' dir='ltr'><strong>sestertios</strong></span> <span class='ocrx_word' id='word_1_226' title='bbox 703 1376 845 1416; x_wconf 80' lang='lat' dir='ltr'><strong>exegisse.</strong></span> <span class='ocrx_word' id='word_1_227' title='bbox 869 1376 1027 1416; x_wconf 81' lang='lat' dir='ltr'><strong>Magnum</strong></span> <span class='ocrx_word' id='word_1_228' title='bbox 1043 1377 1100 1406; x_wconf 88' lang='lat' dir='ltr'><strong>cri-</strong></span> 
     </span>
     <span class='ocr_line' id='line_1_31' title="bbox 202 1419 1151 1462; baseline -0.001 -12"><span class='ocrx_word' id='word_1_229' title='bbox 202 1430 286 1457; x_wconf 86' lang='lat' dir='ltr'><strong>men,</strong></span> <span class='ocrx_word' id='word_1_230' title='bbox 303 1420 409 1460; x_wconf 87' lang='lat' dir='ltr'><strong>ingens</strong></span> <span class='ocrx_word' id='word_1_231' title='bbox 424 1419 564 1460; x_wconf 73' lang='lat' dir='ltr'><strong>pecunia,</strong></span> <span class='ocrx_word' id='word_1_232' title='bbox 582 1419 699 1449; x_wconf 86' lang='lat' dir='ltr'><strong>furtum</strong></span> <span class='ocrx_word' id='word_1_233' title='bbox 716 1419 889 1459; x_wconf 86' lang='lat' dir='ltr'><strong>impudens,</strong></span> <span class='ocrx_word' id='word_1_234' title='bbox 906 1419 1019 1458; x_wconf 81' lang='lat' dir='ltr'><strong>injuria</strong></span> <span class='ocrx_word' id='word_1_235' title='bbox 1039 1429 1100 1449; x_wconf 89' lang='lat' dir='ltr'><strong>non</strong></span> <span class='ocrx_word' id='word_1_236' title='bbox 1149 1451 1151 1462; x_wconf 25' lang='grc' dir='ltr'>χ</span> 
     </span>
     <span class='ocr_line' id='line_1_32' title="bbox 203 1462 1181 1503; baseline -0.001 -10"><span class='ocrx_word' id='word_1_237' title='bbox 203 1462 336 1493; x_wconf 84' lang='lat' dir='ltr'><strong>ferenda.</strong></span> <span class='ocrx_word' id='word_1_238' title='bbox 364 1463 433 1503; x_wconf 84' lang='lat' dir='ltr'><strong>Ego</strong></span> <span class='ocrx_word' id='word_1_239' title='bbox 443 1463 499 1492; x_wconf 90' lang='lat' dir='ltr'><strong>hoc</strong></span> <span class='ocrx_word' id='word_1_240' title='bbox 514 1473 575 1492; x_wconf 87' lang='lat' dir='ltr'><strong>uno</strong></span> <span class='ocrx_word' id='word_1_241' title='bbox 591 1462 716 1492; x_wconf 83' lang='lat' dir='ltr'><strong>crimine</strong></span> <span class='ocrx_word' id='word_1_242' title='bbox 726 1463 814 1492; x_wconf 71' lang='lat' dir='ltr'><strong>illum</strong></span> <span class='ocrx_word' id='word_1_243' title='bbox 825 1462 1036 1500; x_wconf 86' lang='lat' dir='ltr'><strong>condemnem,</strong></span> <span class='ocrx_word' id='word_1_244' title='bbox 1049 1472 1102 1492; x_wconf 85' lang='lat' dir='ltr'><strong>ne-</strong></span> <span class='ocrx_word' id='word_1_245' title='bbox 1148 1479 1150 1483; x_wconf 36' lang='grc' dir='ltr'><strong><em>ι</em></strong></span> <span class='ocrx_word' id='word_1_246' title='bbox 1180 1482 1181 1485; x_wconf 60' lang='lat'><em>=</em></span> 
     </span>
     <span class='ocr_line' id='line_1_33' title="bbox 201 1505 1151 1546; baseline -0.002 -9"><span class='ocrx_word' id='word_1_247' title='bbox 201 1516 284 1537; x_wconf 88' lang='lat' dir='ltr'><strong>cesse</strong></span> <span class='ocrx_word' id='word_1_248' title='bbox 296 1512 355 1536; x_wconf 84' lang='lat' dir='ltr'><strong>est:</strong></span> <span class='ocrx_word' id='word_1_249' title='bbox 373 1511 419 1542; x_wconf 89' lang='lat' dir='ltr'><strong>tu,</strong></span> <span class='ocrx_word' id='word_1_250' title='bbox 433 1505 547 1541; x_wconf 61' lang='lat' dir='ltr'><strong>Caecili,</strong></span> <span class='ocrx_word' id='word_1_251' title='bbox 561 1505 635 1546; x_wconf 83' lang='lat' dir='ltr'><strong>quid</strong></span> <span class='ocrx_word' id='word_1_252' title='bbox 652 1505 740 1535; x_wconf 76' lang='lat' dir='ltr'><strong>facies</strong></span> <span class='ocrx_word' id='word_1_253' title='bbox 753 1507 766 1535; x_wconf 63' lang='grc' dir='ltr'><em>ἓ</em></span> <span class='ocrx_word' id='word_1_254' title='bbox 784 1505 897 1535; x_wconf 86' lang='lat' dir='ltr'><strong>Utrum</strong></span> <span class='ocrx_word' id='word_1_255' title='bbox 908 1506 964 1536; x_wconf 92' lang='lat' dir='ltr'><strong>hoc</strong></span> <span class='ocrx_word' id='word_1_256' title='bbox 980 1512 1100 1536; x_wconf 85' lang='lat' dir='ltr'><strong>tantum</strong></span> <span class='ocrx_word' id='word_1_257' title='bbox 1148 1527 1151 1541; x_wconf 88' lang='grc'><em>,</em></span> 
     </span>
     <span class='ocr_line' id='line_1_34' title="bbox 204 1548 1151 1589; baseline -0.001 -10"><span class='ocrx_word' id='word_1_258' title='bbox 204 1549 318 1580; x_wconf 88' lang='lat' dir='ltr'><strong>crimen</strong></span> <span class='ocrx_word' id='word_1_259' title='bbox 330 1549 550 1589; x_wconf 70' lang='lat' dir='ltr'><strong>praetermittes,</strong></span> <span class='ocrx_word' id='word_1_260' title='bbox 565 1558 602 1578; x_wconf 82' lang='lat' dir='ltr'><strong>an</strong></span> <span class='ocrx_word' id='word_1_261' title='bbox 615 1548 738 1587; x_wconf 78' lang='lat' dir='ltr'><strong>objicies</strong></span> <span class='ocrx_word' id='word_1_262' title='bbox 750 1550 763 1579; x_wconf 71' lang='lat'><strong>‚⁹</strong></span> <span class='ocrx_word' id='word_1_263' title='bbox 781 1549 814 1579; x_wconf 72' lang='lat' dir='ltr'><strong>Si</strong></span> <span class='ocrx_word' id='word_1_264' title='bbox 825 1548 959 1587; x_wconf 86' lang='lat' dir='ltr'><strong>objicies,</strong></span> <span class='ocrx_word' id='word_1_265' title='bbox 973 1549 1044 1579; x_wconf 87' lang='lat' dir='ltr'><strong>idne</strong></span> <span class='ocrx_word' id='word_1_266' title='bbox 1056 1549 1101 1578; x_wconf 83' lang='lat' dir='ltr'><strong>al-</strong></span> <span class='ocrx_word' id='word_1_267' title='bbox 1149 1553 1151 1567; x_wconf 64' lang='lat'><em>*</em></span> 
     </span>
     <span class='ocr_line' id='line_1_35' title="bbox 205 1586 1150 1632; baseline 0.002 -11"><span class='ocrx_word' id='word_1_268' title='bbox 205 1592 261 1622; x_wconf 86' lang='lat' dir='ltr'><strong>teri</strong></span> <span class='ocrx_word' id='word_1_269' title='bbox 272 1592 391 1621; x_wconf 84' lang='lat' dir='ltr'><strong>crimini</strong></span> <span class='ocrx_word' id='word_1_270' title='bbox 402 1592 497 1628; x_wconf 79' lang='lat' dir='ltr'><strong>dabis,</strong></span> <span class='ocrx_word' id='word_1_271' title='bbox 509 1591 591 1631; x_wconf 83' lang='lat' dir='ltr'><strong>quod</strong></span> <span class='ocrx_word' id='word_1_272' title='bbox 602 1591 707 1621; x_wconf 85' lang='lat' dir='ltr'><strong>eodem</strong></span> <span class='ocrx_word' id='word_1_273' title='bbox 718 1597 864 1632; x_wconf 86' lang='lat' dir='ltr'><strong>tempore,</strong></span> <span class='ocrx_word' id='word_1_274' title='bbox 875 1592 906 1620; x_wconf 88' lang='lat' dir='ltr'><strong>in</strong></span> <span class='ocrx_word' id='word_1_275' title='bbox 918 1592 1023 1622; x_wconf 59' lang='lat' dir='ltr'><strong>ciidem</strong></span> <span class='ocrx_word' id='word_1_276' title='bbox 1034 1602 1104 1632; x_wconf 84' lang='lat' dir='ltr'><strong>pro-</strong></span> <span class='ocrx_word' id='word_1_277' title='bbox 1148 1586 1150 1623; x_wconf 53' lang='lat' dir='ltr'><em>l</em></span> 
     </span>
    </p>

    <p class='ocr_par' dir='ltr' id='par_1_6' title="bbox 1148 1660 1150 1750">
     <span class='ocr_line' id='line_1_36' title="bbox 1148 1660 1150 1676; baseline 0 0"><span class='ocrx_word' id='word_1_278' title='bbox 1148 1660 1150 1676; x_wconf 64' lang='lat' dir='ltr'><strong><em>s</em></strong></span> 
     </span>
     <span class='ocr_line' id='line_1_37' title="bbox 1148 1681 1149 1699; baseline 0 0"><span class='ocrx_word' id='word_1_279' title='bbox 1148 1681 1149 1699; x_wconf 53' lang='lat' dir='ltr'>x</span> 
     </span>
     <span class='ocr_line' id='line_1_38' title="bbox 1148 1735 1149 1750; baseline 0 0"><span class='ocrx_word' id='word_1_280' title='bbox 1148 1735 1149 1750; x_wconf 57' lang='lat' dir='ltr'>l</span> 
     </span>
    </p>
   </div>
   <div class='ocr_carea' id='block_1_4' title="bbox 1143 436 1161 1522">
    <p class='ocr_par' dir='ltr' id='par_1_7' title="bbox 1143 436 1161 1522">
     <span class='ocr_line' id='line_1_39' title="bbox 1143 436 1161 1522; baseline 0 0"><span class='ocrx_word' id='word_1_281' title='bbox 1143 436 1161 1522; x_wconf 95' lang='lat' dir='ltr'><strong> </strong></span> 
     </span>
    </p>
   </div>
   <div class='ocr_carea' id='block_1_5' title="bbox 204 1634 1149 1805">
    <p class='ocr_par' dir='ltr' id='par_1_8' title="bbox 204 1634 1149 1805">
     <span class='ocr_line' id='line_1_40' title="bbox 206 1634 1101 1675; baseline -0.001 -10"><span class='ocrx_word' id='word_1_282' title='bbox 206 1635 316 1673; x_wconf 61' lang='lat' dir='ltr'><strong>vincia,</strong></span> <span class='ocrx_word' id='word_1_283' title='bbox 328 1640 361 1664; x_wconf 88' lang='lat' dir='ltr'><strong>tu</strong></span> <span class='ocrx_word' id='word_1_284' title='bbox 376 1635 439 1675; x_wconf 89' lang='lat' dir='ltr'><strong>ipse</strong></span> <span class='ocrx_word' id='word_1_285' title='bbox 455 1634 549 1664; x_wconf 77' lang='lat' dir='ltr'><strong>fecisti</strong></span> <span class='ocrx_word' id='word_1_286' title='bbox 563 1636 576 1664; x_wconf 65' lang='lat'><strong>:³</strong></span> <span class='ocrx_word' id='word_1_287' title='bbox 599 1634 739 1670; x_wconf 80' lang='lat' dir='ltr'><strong>Audebis</strong></span> <span class='ocrx_word' id='word_1_288' title='bbox 751 1635 793 1664; x_wconf 86' lang='lat' dir='ltr'><strong>ita</strong></span> <span class='ocrx_word' id='word_1_289' title='bbox 806 1645 944 1665; x_wconf 84' lang='lat' dir='ltr'><strong>accusare</strong></span> <span class='ocrx_word' id='word_1_290' title='bbox 960 1635 1101 1671; x_wconf 81' lang='lat' dir='ltr'><strong>alterum,</strong></span> 
     </span>
     <span class='ocr_line' id='line_1_41' title="bbox 204 1677 1149 1722; baseline 0.001 -15"><span class='ocrx_word' id='word_1_291' title='bbox 204 1684 251 1713; x_wconf 88' lang='lat' dir='ltr'><strong>ut,</strong></span> <span class='ocrx_word' id='word_1_292' title='bbox 268 1678 431 1718; x_wconf 82' lang='lat' dir='ltr'><strong>quominus</strong></span> <span class='ocrx_word' id='word_1_293' title='bbox 447 1683 510 1707; x_wconf 80' lang='lat' dir='ltr'><strong>tute</strong></span> <span class='ocrx_word' id='word_1_294' title='bbox 526 1677 737 1716; x_wconf 81' lang='lat' dir='ltr'><strong>condemnere,</strong></span> <span class='ocrx_word' id='word_1_295' title='bbox 755 1688 830 1707; x_wconf 85' lang='lat' dir='ltr'><strong>recu.</strong></span> <span class='ocrx_word' id='word_1_296' title='bbox 826 1688 889 1708; x_wconf 62' lang='lat' dir='ltr'><strong>mre</strong></span> <span class='ocrx_word' id='word_1_297' title='bbox 906 1688 965 1708; x_wconf 91' lang='lat' dir='ltr'><strong>non</strong></span> <span class='ocrx_word' id='word_1_298' title='bbox 981 1678 1101 1718; x_wconf 77' lang='lat' dir='ltr'><strong>possis?</strong></span> <span class='ocrx_word' id='word_1_299' title='bbox 1147 1702 1149 1722; x_wconf 29' lang='grc' dir='ltr'><strong>ἶ</strong></span> 
     </span>
     <span class='ocr_line' id='line_1_42' title="bbox 208 1720 1149 1762; baseline 0 -12"><span class='ocrx_word' id='word_1_300' title='bbox 208 1721 263 1750; x_wconf 82' lang='lat' dir='ltr'><strong>Sin</strong></span> <span class='ocrx_word' id='word_1_301' title='bbox 277 1731 322 1761; x_wconf 69' lang='lat' dir='ltr'><strong>prz</strong></span> <span class='ocrx_word' id='word_1_302' title='bbox 314 1721 506 1750; x_wconf 75' lang='lat' dir='ltr'><strong>etermittes</strong></span> <span class='ocrx_word' id='word_1_303' title='bbox 498 1743 507 1756; x_wconf 90' lang='lat'><strong>,</strong></span> <span class='ocrx_word' id='word_1_304' title='bbox 532 1721 631 1762; x_wconf 80' lang='lat' dir='ltr'><strong>qualis</strong></span> <span class='ocrx_word' id='word_1_305' title='bbox 647 1720 702 1750; x_wconf 84' lang='lat' dir='ltr'><strong>erit</strong></span> <span class='ocrx_word' id='word_1_306' title='bbox 716 1720 773 1751; x_wconf 86' lang='lat' dir='ltr'><strong>ista</strong></span> <span class='ocrx_word' id='word_1_307' title='bbox 785 1726 838 1750; x_wconf 86' lang='lat' dir='ltr'><strong>tua</strong></span> <span class='ocrx_word' id='word_1_308' title='bbox 849 1721 1009 1757; x_wconf 74' lang='lat' dir='ltr'><strong>accusatio,</strong></span> <span class='ocrx_word' id='word_1_309' title='bbox 1022 1732 1075 1762; x_wconf 63' lang='grc' dir='ltr'><strong>(με</strong></span> <span class='ocrx_word' id='word_1_310' title='bbox 1067 1732 1103 1758; x_wconf 58' lang='grc' dir='ltr'><strong>ι),</strong></span> <span class='ocrx_word' id='word_1_311' title='bbox 1148 1727 1149 1731; x_wconf 76' lang='grc'>’</span> 
     </span>
     <span class='ocr_line' id='line_1_43' title="bbox 204 1763 1102 1805; baseline 0 -11"><span class='ocrx_word' id='word_1_312' title='bbox 204 1763 361 1795; x_wconf 87' lang='lat' dir='ltr'><strong>domestici</strong></span> <span class='ocrx_word' id='word_1_313' title='bbox 373 1763 499 1805; x_wconf 77' lang='lat' dir='ltr'><strong>periculi</strong></span> <span class='ocrx_word' id='word_1_314' title='bbox 510 1770 606 1799; x_wconf 83' lang='lat' dir='ltr'><strong>metu,</strong></span> <span class='ocrx_word' id='word_1_315' title='bbox 620 1763 777 1795; x_wconf 80' lang='lat' dir='ltr'><strong>certissimi</strong></span> <span class='ocrx_word' id='word_1_316' title='bbox 789 1770 818 1795; x_wconf 86' lang='lat' dir='ltr'><strong>et</strong></span> <span class='ocrx_word' id='word_1_317' title='bbox 830 1764 958 1795; x_wconf 81' lang='lat' dir='ltr'><strong>maximi</strong></span> <span class='ocrx_word' id='word_1_318' title='bbox 969 1764 1102 1795; x_wconf 73' lang='lat' dir='ltr'><strong>criinims</strong></span> 
     </span>
    </p>
   </div>
  </div>
 </body>
</html>
