1181 1902
229 68 280 99 IN
304 68 502 100 VERREM
519 68 566 100 11.
583 68 667 100 CAP.
687 69 736 100 19.
873 66 930 103 171

43 153 184 185 mortales
198 163 292 195 quarn
307 155 477 197 impius,q
478 165 551 186 uam
570 155 742 194 sceleratus,
763 162 858 195 quam
880 162 935 184 ne-

46 196 139 227 sarius
154 196 274 228 fueris?
296 198 516 239 Apollinemne
531 205 565 228 tu
581 198 709 228 Delium
732 197 860 238 spoliare
881 206 937 226 au-

46 249 97 270 sus
111 250 164 270 es.
156 241 170 261 9
193 240 278 272 1111118
292 247 326 271 tu
342 242 467 282 templo,
484 248 548 271 tam
571 241 707 282 antiquo,
735 246 800 270 tam
819 244 934 277 sancto,

47 287 109 312 tam
138 283 288 324 religioso,
314 293 424 314 manus
452 284 562 337 impias
592 294 626 314 ac
652 283 809 324 sacrilegas
831 282 938 312 afferre

43 330 168 356 conatus
182 337 234 357 es.
227 328 240 346 9
277 326 346 364 Sis
338 337 370 357 111
385 327 526 368 pueritia,
536 337 597 357 non
612 326 659 356 his
671 326 786 356 artibus
800 330 830 357 et
848 324 939 356 disci-

44 368 136 409 plinis
150 369 306 400 institutus
322 380 396 407 eras,
409 376 444 400 ut
459 381 504 409 ea,
516 381 585 411 quae
594 369 687 400 literis
699 369 844 399 mandata
855 375 938 406 sunt,

46 410 173 442 disceres
188 419 280 453 atque
299 422 511 462 cognoscere33
536 423 574 443 ne
593 419 697 454 postea
711 412 848 453 quidem,
865 421 936 441 cum

45 452 78 483 in
93 464 127 484 ea
142 455 207 495 ipsa
226 455 294 486 loca
309 456 427 494 venisti,
448 456 573 497 potuisti
588 456 720 496 accipere
734 455 777 493 id,
794 454 876 495 quod
892 460 938 485 est

45 497 202 537 proditum
224 499 380 529 memoriae
405 509 439 529 ac
460 499 573 529 literis.
566 501 579 520 9
603 499 767 536 Latonam,
787 508 824 527 ex
844 497 937 545 longo

46 550 144 570 errore
158 546 188 571 et
201 541 287 582 fuga,
304 541 472 590 gravidam,
489 548 518 572 et
530 543 596 582 jam
612 542 650 572 ad
668 540 849 582 pariendum
864 540 937 570 vici-

45 592 130 620 nam,
147 584 333 625 temporibus
357 585 480 623 exactis,
499 585 668 633 confugisse
691 584 819 622 Delum,
845 589 937 624 atque

45 625 89 656 ibi
102 627 281 667 Apollinem
297 627 493 669 Dianamque
502 628 671 670 peperisse.
695 638 758 668 qua
772 637 810 657 ex
820 626 938 667 opinio-

45 677 84 699 ne
98 669 259 700 hominum
275 671 329 700 illa
343 671 443 701 insula
458 682 562 702 eorum
581 671 719 702 Deorum
741 680 824 700 sacra
843 675 936 710 puta-

45 717 116 742 tur:
141 718 286 754 tantaque
300 714 365 753 ejus
380 715 541 745 auctoritas
556 714 708 755 religionis
723 719 752 743 et
763 718 807 743 est
816 719 845 743 et
857 722 936 742 sem-

46 765 100 796 per
115 755 184 793 fuit,
198 762 232 786 ut
242 767 280 787 ne
296 757 396 787 l’ersae
411 757 548 798 quidem,
565 768 635 788 cum
646 757 764 787 bellum
779 755 834 786 toti
850 755 938 786 Grae-

47 798 112 835 ciae,
129 798 198 829 Diis
212 799 459 841 hominibusque,
471 801 661 837 indixissent,
679 806 708 830 et
727 799 812 829 1111118
827 808 938 829 nume-

45 851 79 871 ro
90 842 216 872 navium
227 843 351 873 classem
367 843 406 873 ad
422 843 537 874 Delum
553 843 750 885 appulissent,
766 841 937 883 quidquam

46 891 226 915 conarentur
241 892 294 916 aut
309 886 431 925 violare,
448 893 501 916 aut
515 887 672 927 attingere.
697 886 767 916 Hoc
781 891 816 915 tu
828 885 937 915 fanum

46 927 236 968 depopulari,
259 929 351 959 homo
369 929 592 970 improbissime
611 935 702 970 atque
717 927 934 967 amentissime,

46 970 178 1001 audebas
190 973 204 1002 ,9
227 971 286 1002 fuit
301 972 365 1002 ulla
379 972 527 1013 cupiditas
548 979 644 1011 tanta,
657 983 726 1013 quae
747 976 865 1001 tantam
885 980 939 1000 ex-

46 1014 212 1054 stingueret
226 1015 404 1055 religionem
417 1017 431 1046 ?
454 1015 508 1053 Et,
525 1016 549 1045 si
565 1022 631 1046 tum
652 1015 717 1045 haec
738 1024 800 1044 non
822 1013 936 1054 cogita-

46 1058 111 1093 bas,
128 1067 166 1087 118
180 1067 262 1088 1111118
277 1057 400 1098 quidem
416 1058 588 1096 recordaris,
601 1058 722 1088 nullum
738 1067 800 1087 esse
816 1062 938 1087 tantum

45 1100 176 1137 malum,
193 1101 276 1141 quod
290 1110 351 1132 non
366 1101 423 1132 tibi
437 1111 492 1142 pro
508 1101 668 1132 sceleribus
683 1101 743 1131 tuis
749 1099 871 1140 jamdiu
881 1099 936 1130 de-

45 1144 153 1173 beatur
167 1145 180 1174 ?

89 1186 185 1216 XIX.
220 1186 258 1216 In
277 1186 387 1217 Asiam
409 1197 479 1218 vero
500 1193 663 1228 postquam
679 1186 773 1224 venit,
789 1185 864 1227 quid
879 1196 936 1226 ego

46 1229 192 1260 adventus
217 1229 303 1260 istius
317 1229 456 1271 prandia,
473 1241 581 1268 coenas,
601 1241 705 1271 equos,
733 1239 934 1277 muneraque,

46 1282 299 1303 commemorem.
291 1274 305 1293 9
329 1273 361 1303 N
364 1273 419 1303 11111
434 1283 504 1304 cum
520 1273 616 1304 Verre
628 1273 665 1303 de
680 1272 863 1314 quotidianis
878 1271 936 1301 cri-

46 1315 180 1346 minibus
195 1322 316 1346 actutus
330 1327 408 1346 sum.
444 1316 522 1347 Chio
536 1327 590 1357 per
604 1317 667 1346 vim
688 1316 775 1356 signa
795 1314 937 1356 pulcher-

48 1358 127 1388 rima
141 1358 207 1389 dico
219 1359 377 1389 abstulisse
391 1371 398 1389 :
423 1359 497 1389 item
506 1359 659 1400 Erythris,
673 1365 702 1389 et
712 1358 936 1389 Halicarnasso.

47 1401 173 1432 Tenedo
189 1404 344 1442 (praetereo
366 1403 538 1443 pecuniam,
563 1413 656 1451 quam
677 1402 800 1443 eripuit)
816 1401 935 1431 Tenem

46 1444 159 1485 ipsum,
176 1445 230 1486 qui
245 1445 327 1486 apud
342 1445 493 1476 'lenedios
508 1446 713 1476 sanctissimus
735 1445 822 1475 Deus
842 1444 936 1474 habe-

47 1494 108 1526 tur,
119 1487 173 1528 qui
188 1489 295 1518 urbem
310 1488 395 1518 illam
411 1488 521 1519 dicitur
533 1488 711 1537 condidisse,
724 1489 811 1527 cujus
831 1497 870 1517 ex
881 1496 937 1516 110-

48 1531 131 1561 1111118
157 1530 301 1562 Tenedus
325 1531 518 1562 nominatur:
550 1532 633 1562 hunc
656 1532 770 1572 ipsum,
794 1530 935 1570 inquam,

49 1573 179 1610 Tenem,
209 1574 412 1614 pulcherrime
440 1574 567 1613 factum,
598 1584 691 1616 quem
720 1573 875 1622 quondam
905 1573 938 1602 in

50 1617 172 1647 comitio
183 1616 309 1654 vidistis,
321 1617 456 1653 abstulit,
467 1627 580 1658 magno
591 1627 661 1647 curn
671 1617 787 1658 gemitu
800 1615 938 1647 civitatis.

93 1659 153 1689 Illa
168 1670 238 1690 vero
253 1660 439 1701 expugnatio
453 1660 518 1690 fani
527 1660 731 1701 antiquissimi
743 1666 773 1690 et
787 1659 940 1690 nobilissi-

50 1702 94 1732 mi
118 1703 252 1733 ,1111101115
281 1703 403 1741 Samiae,
431 1713 526 1745 quam
554 1704 692 1734 luctuosa
717 1703 829 1733 Samiis
854 1701 934 1732 fuit!

49 1755 142 1786 quam
157 1747 263 1777 acerba
280 1746 336 1777 toti
356 1746 462 1777 Asiae!
488 1757 580 1788 quam
601 1747 681 1777 clara
703 1746 787 1788 apud
808 1744 936 1777 omnes!
