1181 1902
183 165 274 197 PRO
298 162 463 197 ROSCIO
485 162 719 194 AMERINO.
742 162 826 200 CAP.
839 164 869 193 5.
931 164 968 194 41

82 251 164 294 quod
179 251 306 292 suscepi,
323 250 424 292 quoad
438 255 553 298 potero,
569 249 729 290 perferam.
758 248 852 287 Quod
864 249 889 280 si
902 259 971 290 per-

84 297 160 326 ferre
184 305 244 325 non
268 300 391 335 potero;
419 292 551 334 opprimi
574 303 625 323 me
649 302 738 323 onere
763 292 853 322 officii
876 294 970 331 malo,

83 348 176 380 quam
191 338 234 375 id,
251 337 332 378 quod
347 336 424 366 mihi
439 346 509 366 cum
531 335 590 365 fide
610 336 703 366 semel
723 335 900 376 impositum
915 342 971 373 est,

84 387 137 411 aut
156 387 279 421 propter
299 379 457 420 perfidiam
473 379 612 418 abjicere,
630 385 683 408 aut
705 384 826 419 propter
843 379 973 409 infirmi-

85 429 178 454 tatem
194 423 288 453 animi
308 423 465 463 deponere.
498 421 546 451 'le
566 432 688 462 quoque
710 431 903 462 magnopere,
921 423 970 452 Μ.

85 467 195 503 Fanni,
213 476 325 507 quaeso,
343 471 388 503 ut,
405 465 528 505 qualem
548 470 577 494 te
595 465 659 503 jam
675 470 764 494 antea
778 466 892 504 populo
909 465 974 495 Ro-

84 519 175 539 mano
200 508 366 550 praebuisti,
394 517 464 537 cum
492 507 565 537 huic
588 507 669 537 idem
694 507 854 548 quaestioni
877 508 974 546 judex

85 563 235 593 praeesses,
253 551 344 581 talem
366 556 395 580 te
414 556 443 581 et
462 550 548 580 nobis
569 556 598 580 et
617 551 732 590 populo
753 550 895 581 Romano
917 551 974 582 hoc

86 601 220 636 tempore
233 594 398 635 impertias.

128 638 169 668 V.
193 637 319 675 Quanta
330 636 495 666 multitudo
506 635 668 666 hominum
684 636 855 666 convenerit
869 636 975 668 adhoc

83 681 246 720 judicium,
259 680 360 711 vides:
386 690 455 720 quae
467 679 505 709 sit
516 678 655 709 omnium
665 679 841 709 mortalium
853 689 976 720 exspec-

86 724 170 760 tatio,
187 734 256 764 quae
271 723 429 764 cupiditas,
446 728 481 752 ut
495 722 574 751 acria
589 732 623 751 ac
643 732 744 752 severa
758 721 873 761 judicia
888 723 974 761 fiant,

86 767 238 807 intelligis.
272 766 382 806 Longo
404 765 562 795 intervallo
582 764 734 804 judicium
755 765 833 794 inter
857 765 976 796 sicarios

86 810 143 840 hoc
158 810 293 850 primum
314 808 524 845 committitur,
541 818 611 838 cum
632 807 744 837 interea
765 808 859 838 caedes
879 808 979 849 indig-

87 852 219 883 nissimae
233 852 438 892 maximaeque
453 851 539 881 factae
555 851 624 880 sint.
657 850 775 881 Omnes
796 851 874 881 hanc
894 862 979 891 quae-

87 896 227 933 stionem,
249 901 278 926 te
296 901 433 936 praetore,
455 894 493 924 de
516 894 683 924 manifestis
702 893 858 924 maleficiis
879 895 980 934 quoti-

87 938 240 979 dianoque
256 938 413 978 sanguine,
430 937 512 967 haud
529 937 681 967 remissius
697 943 817 977 sperant
831 937 978 967 futuram.

132 982 206 1020 Qua
229 981 439 1012 vociferatione
461 981 493 1010 in
517 980 630 1010 caeteris
652 980 773 1019 judiciis
795 986 980 1011 accusatores

89 1024 135 1055 uti
159 1030 388 1061 consueverunt,
414 1022 448 1053 eii
467 1033 522 1053 nos
542 1023 598 1053 hoc
622 1029 757 1063 tempore
777 1023 904 1061 utimur,
926 1023 979 1064 qui

89 1078 212 1098 causam
228 1067 365 1097 dicimus.
391 1067 528 1097 Petimus
540 1067 593 1096 abs
608 1072 648 1104 te,
665 1066 713 1095 Μ.
731 1066 842 1104 Fanni,
852 1067 981 1096 avobis-

91 1121 162 1152 que,
176 1110 303 1150 judices,
320 1116 355 1140 ut
370 1120 463 1150 quam
479 1109 622 1139 acerrime
642 1109 791 1139 maleficia
811 1109 979 1147 vindicetis,

90 1160 126 1184 ut
141 1163 233 1194 quam
250 1153 410 1183 fortissime
425 1152 600 1182 hominibus
611 1152 816 1182 audacissimis
828 1152 982 1189 resistatis,

90 1202 126 1227 ut
141 1197 197 1227 hoc
212 1196 358 1236 cogitetis,
370 1196 427 1226 nisi
443 1196 474 1225 in
489 1195 546 1226 hac
561 1195 662 1232 caus-51,
679 1195 733 1235 qui
749 1201 845 1225 vester
860 1195 981 1226 animus

91 1240 140 1277 sit,
162 1239 360 1276 ostenderitis,
382 1249 417 1269 eo
437 1249 633 1279 prorumpere
653 1238 814 1268 hominum
834 1238 983 1278 cupidita-

91 1288 165 1321 tem,
182 1289 211 1313 et
226 1282 332 1320 scelus,
349 1287 378 1312 et
393 1281 563 1318 audaciam,
581 1288 615 1311 ut
636 1291 696 1311 non
715 1281 806 1311 modo
822 1281 912 1318 clam,
930 1292 981 1311 ve-

92 1336 161 1356 rum
177 1326 268 1356 etiam
284 1325 335 1355 hic
344 1325 375 1354 in
385 1325 460 1361 foro,
472 1330 541 1355 ante
551 1325 684 1355 tribunal
693 1331 793 1361 tuum,
806 1324 854 1354 M.
869 1324 980 1362 Fanni,

92 1375 162 1400 ante
170 1368 261 1410 pedes
271 1374 393 1407 vestros,
407 1368 534 1407 judices,
551 1368 629 1398 inter
644 1368 709 1408 ipsa
723 1367 876 1405 subsellia,
887 1367 983 1397 caedes

93 1412 205 1442 futurae
220 1412 288 1442 sint.
312 1411 437 1441 Etenim
450 1411 524 1452 quid
539 1411 623 1441 aliud
638 1411 694 1441 hoc
706 1410 821 1450 judicio
835 1416 980 1447 tentatur,

94 1455 152 1485 nisi
166 1461 201 1485 ut
222 1454 254 1484 id
269 1454 333 1485 fieri
353 1454 467 1485 liceat?
490 1455 646 1485 Accusant
666 1454 698 1491 ii,
719 1454 773 1494 qui
793 1453 825 1483 in
846 1453 983 1483 fortunas

94 1498 187 1537 hujus
201 1498 394 1528 invaserunt.
420 1508 541 1528 causam
556 1497 651 1527 dicit
643 1508 680 1534 is,
697 1497 757 1534 cui,
776 1502 884 1537 praeter
903 1496 983 1526 cala-

95 1542 245 1579 mitatem,
262 1541 339 1570 nihil
363 1541 559 1582 reliquerunt.
583 1539 762 1570 Accusant'
754 1539 787 1577 1i,
807 1539 919 1580 quibus
933 1549 984 1569 oc-

95 1584 155 1615 cidi
169 1589 286 1625 patrem
303 1584 373 1614 Sex.
391 1583 505 1620 Roscii,
522 1585 602 1614 bono
616 1583 696 1613 fuit:
722 1593 844 1612 causam
859 1581 954 1612 dicit
946 1592 983 1617 15,

96 1627 145 1658 cui
171 1637 232 1657 non
257 1626 349 1656 modo
372 1625 490 1657 luctum
516 1636 598 1656 mors
623 1625 716 1666 patris
740 1625 852 1663 attulit,
878 1634 983 1655 verum

97 1670 189 1701 ctiam
205 1675 376 1710 egestatem.
400 1669 577 1700 Accusant'
570 1670 603 1705 ii,
616 1669 670 1710 qui
684 1669 785 1699 hunc'
777 1678 879 1709 ipsum
892 1669 976 1708 jugu

98 1714 160 1743 lare
175 1722 294 1743 summe
309 1712 469 1753 cupierunt
479 1724 488 1742 :
513 1723 635 1742 causam
650 1712 770 1749 dicitis,
781 1711 835 1752 qui
847 1711 937 1741 etiam
947 1710 987 1739 ad

97 1756 155 1786 hoc
182 1756 284 1796 ipsum
305 1755 456 1794 judicium
486 1765 557 1786 curn
587 1755 726 1796 praesidio
751 1755 845 1790 venit,
872 1764 910 1784 ne
935 1753 987 1783 hic

100 1798 213 1830 ibidem
229 1804 299 1829 ante
310 1799 412 1830 oculos
424 1804 535 1830 vestros
547 1798 721 1829 trucidetur.
746 1797 889 1838 Denique
900 1806 988 1827 accu-

664 1849 685 1871 E
710 1841 730 1871 3
