1181 1902
159 52 220 84 190
340 53 393 84 IN
416 52 615 85 VERREM
638 53 685 85 ΙΙ.
709 53 794 85 ΟΑΡ.
810 53 863 85 39.

151 138 265 169 tatibus
285 138 488 179 frumentum,
510 140 601 179 coria,
626 140 733 179 cilicia,
756 149 855 171 saccos
873 139 1048 180 imperaret,

152 191 252 222 neque
272 193 307 212 ea
322 190 465 220 sumeret,
488 195 543 225 pro
557 184 605 214 his
620 186 709 214 rebus
727 183 888 224 pecuniam
903 182 1048 222 exigeret)

152 224 200 254 his
216 226 391 256 nominibus
407 227 487 265 solis,
512 227 569 258 Cn.
586 227 756 257 Dolabellae
772 227 829 257 HS
845 225 884 255 ad
898 225 995 255 tricies
1011 224 1049 254 li-

153 272 216 297 tem
233 279 294 298 esse
310 269 500 300 aestimatam.
535 271 615 308 Quae
634 271 737 300 onmia
760 269 878 300 etiamsi
893 268 1049 298 voluntate

153 310 325 342 Dolabellae
339 312 463 351 fiebant,
486 324 540 354 per
559 314 653 343 istum
668 319 771 343 tamen
787 312 889 342 omnia
904 312 1050 352 gereban-

153 358 213 383 tur.
238 355 409 386 Consistarn
425 357 457 386 in
473 367 534 387 uno
550 357 692 387 nomine:
716 357 815 386 multa
830 355 911 386 enim
927 360 998 385 sunt
1013 363 1051 384 ex

154 397 260 427 eodem
277 409 394 438 genere.
419 400 536 430 Recita.

200 443 264 474 (De
288 443 394 472 litibus
424 445 583 473 ‹rstimatis
611 444 669 474 Cn.
694 443 861 473 Dolabellae
879 444 974 481 proet.
993 449 1050 480 pc-

154 485 256 513 cum'ae
269 486 407 523 redactae,
432 488 510 525 qnod
525 498 543 516 a
560 489 715 516 communi
732 487 942 525 fllilyadztm.)

198 527 246 557 Te
261 528 325 558 haec
346 529 486 570 coegisse,
510 536 539 560 te
555 530 729 567 aestimasse,
746 529 801 559 tibi
816 527 977 569 pecuniam
991 536 1051 556 nu-

154 576 303 601 meratam
328 582 401 609 esse,
425 573 511 603 dico:
536 573 705 614 eademque
729 572 758 603 vi
778 577 808 602 et
831 570 955 610 injuria,
979 579 1050 599 cum

153 614 297 654 pecunias
321 616 472 646 maximas
496 626 627 656 cogeres,
650 627 704 657 per
727 625 832 645 omnes
855 620 954 655 partes
979 622 1050 652 pro-

153 657 260 687 vinciae
284 663 324 696 te,
349 664 509 700 tamquam
532 660 668 700 aliquam
692 658 898 689 calamitosam
919 663 1050 695 tempes-

152 704 246 730 tatem
262 707 450 742 pestemque,
474 702 637 742 pervasisse
652 702 834 732 demonstro.
874 701 983 740 Itaque
1000 697 1050 727 Μ.

153 744 296 781 Scaurus,
314 745 368 785 qui
384 746 441 774 Cn.
457 745 651 775 Dolabellam
667 744 829 780 accusavit,
846 743 938 773 istum
951 743 981 772 in
995 739 1052 771 sua

152 792 300 827 potestate
321 798 355 817 ac
374 787 488 818 ditione
503 788 610 818 tenuit.
649 788 754 817 Homo
774 787 955 822 adolescens,
980 794 1051 815 cum

152 829 238 860 istius
261 829 293 859 in
314 830 495 871 inquirendo
516 831 615 861 multa
634 830 717 861 furta
737 840 771 860 ac
791 829 906 869 flagitia
926 837 1051 868 cognos-

152 878 242 911 ceret,
267 873 337 903 fecit
362 873 457 914 perite
483 880 512 904 et
536 874 663 904 callide:
688 873 831 903 volumen
856 874 920 911 ejus
947 881 1050 901 rerum

150 922 306 956 gestarum
325 917 498 946 maximum
520 917 569 947 isti
588 917 737 947 ostendit:
762 918 801 946 ab
822 915 957 953 homine,
981 923 1051 955 quae

151 959 259 997 voluit,
283 959 314 988 in
339 960 535 990 Dolabellam
562 960 706 990 abstulit:
730 959 823 989 istum
848 964 953 988 testem
980 967 1051 997 pro-

151 1002 260 1032 duxit:
294 1002 373 1033 dixit
397 1003 464 1041 iste,
489 1014 558 1044 quae
584 1004 661 1034 velle
686 1008 889 1033 accusatorem
919 999 1048 1041 putavit.

151 1045 225 1083 Quo
250 1056 287 1075 ex
308 1056 417 1086 genere
441 1046 518 1076 mihi
542 1047 677 1085 testium,
702 1046 755 1087 qui
779 1055 850 1075 cum
874 1044 931 1074 isto
956 1042 1050 1073 furati

150 1094 233 1126 sunt,
259 1088 283 1117 si
299 1089 344 1118 uti
363 1089 536 1125 voluissem,
553 1100 667 1130 magna
682 1089 767 1129 copia
782 1088 907 1123 fuisset3
932 1086 997 1127 qui,
1014 1090 1050 1115 ut

151 1141 182 1161 se
197 1131 331 1172 periculo
345 1132 459 1169 litium,
476 1133 688 1172 conjunctione
700 1131 863 1162 criminum
874 1131 1047 1167 liberarent,

152 1184 215 1215 quo
231 1184 286 1214 ego
306 1176 427 1214 vellem,
451 1175 644 1206 descensuros
659 1175 889 1216 pollicebantur.
929 1174 1049 1203 Eorum

153 1228 209 1257 ego
226 1218 414 1248 voluntatem
429 1219 569 1248 omnium
584 1218 749 1259 repudiavi.
783 1218 856 1248 Non
871 1216 963 1246 modo
978 1225 1049 1256 pro-

153 1260 255 1297 ditori,
280 1261 331 1291 sed
347 1271 384 1291 ne
398 1261 535 1302 perfugae
551 1261 686 1303 quidem,
710 1262 794 1291 locus
809 1261 840 1289 in
856 1259 931 1289 meis
947 1258 1050 1288 castris

152 1303 298 1344 cuiquam
319 1303 387 1334 fuit.
426 1305 565 1335 Forsitan
581 1305 719 1334 meliores
734 1304 779 1333 illi
795 1308 978 1333 accusatores
994 1301 1049 1331 ha-

151 1346 244 1376 bendi
260 1352 342 1384 sunt,
366 1347 420 1388 qui
435 1347 499 1377 haec
515 1348 618 1377 onmia
632 1348 786 1378 fecerunt:
812 1346 863 1377 sed
879 1355 933 1386 ego
945 1345 1049 1375 defen-

151 1399 249 1419 sorem
274 1390 304 1418 in
329 1392 399 1420 mea
424 1391 563 1430 persona,
589 1401 649 1421 non
676 1396 891 1425 accusatorem,
914 1388 1050 1418 maxime

151 1432 270 1462 laudari
286 1433 363 1463 volo.
402 1433 548 1463 Rationes
567 1434 605 1463 ad
627 1434 778 1471 aerarium,
803 1438 967 1473 antequam
982 1431 1048 1461 Do-

150 1475 261 1505 labella
277 1476 494 1506 condemnatus
510 1482 564 1513 est,
578 1487 638 1506 non
654 1477 745 1506 audet
757 1476 874 1506 referre.
900 1475 1049 1514 Impetrat

150 1528 169 1548 a
184 1524 300 1557 senatu,
318 1525 352 1548 ut
368 1519 431 1549 dies
444 1519 501 1549 sibi
516 1526 737 1560 prorogaretur,
755 1519 837 1560 quod
849 1517 967 1548 tabulas
979 1527 1049 1547 suas

151 1562 190 1590 ab
212 1562 434 1592 accusatoribus
451 1563 620 1592 Dolabellae
636 1563 809 1602 obsignatas
824 1561 953 1597 diceret3
977 1570 1047 1600 pro-

152 1604 223 1634 inde
238 1605 324 1645 quasi
340 1606 527 1635 exscribendi
543 1612 723 1646 potestatem
745 1615 804 1635 non
820 1605 952 1634 haberet.
991 1605 1047 1633 So-

151 1647 200 1677 lus
225 1653 268 1678 est
288 1647 349 1687 hic,
373 1648 426 1689 qui
446 1658 607 1690 nunquam
628 1649 758 1679 rationes
778 1647 817 1678 ad
838 1646 978 1678 aerarium
1000 1656 1047 1676 re-

151 1690 238 1721 ferat.

194 1733 358 1765 XXXIX.
388 1734 531 1766 Audistis
557 1734 751 1777 quaestoriam
777 1734 925 1765 rationem
951 1732 1048 1764 tribus
