1216 1907
211 120 251 150 12
396 119 487 151 PRO
512 119 548 150 P.
565 118 777 159 QUINTIO.
794 119 878 151 cn.
894 121 924 152 9.

213 206 371 243 efflabant,
389 206 442 247 qui
454 205 579 236 aderant
590 211 657 237 tum
670 205 809 245 Quintio.
833 206 1104 243 Demonstrabant‚

213 248 251 278 de
265 258 298 278 re
309 249 461 288 judicium
473 249 537 279 fieri
552 256 698 290 oportere,
714 256 749 280 ut
761 255 814 280 aut
828 255 955 290 uterque
971 249 1049 280 inter
1058 259 1101 286 se,

213 296 266 320 aut
290 297 406 330 neuter,
431 292 608 322 satisdaret:
632 303 693 322 non
716 303 834 323 necesse
852 303 914 323 esse
929 292 1044 322 famam
1060 293 1105 322 al-

213 334 305 364 terius
320 334 352 364 in
366 335 516 373 judicium
527 336 635 366 venire.
661 336 821 366 Clamabat
831 346 918 376 porro
928 335 991 375 ipse
1003 336 1106 373 Quin-

214 377 285 415 tius,
302 388 364 409 sese
375 378 484 409 idcirco
500 379 580 408 nolle
595 378 748 417 satisdare,
765 389 803 409 ne
812 379 962 409 videretur
972 379 1106 417 judicas-

216 430 258 457 se,
284 422 363 451 bona
393 432 448 451 sua
470 431 507 451 ex
530 422 626 451 edicto
648 432 781 462 possessa
804 432 887 451 esse:
913 421 1105 461 sponsionem

214 474 303 504 porro
319 464 343 494 si
358 464 528 494 istiusmodi
543 464 672 501 faceret3
698 476 728 494 se
745 465 789 498 (id
801 464 883 505 quod
895 474 977 494 nunc
993 464 1105 502 evenit)

215 506 253 536 de
283 507 379 548 capite
403 518 457 537 suo
482 507 581 547 priore
609 508 675 538 loco
701 517 823 537 causam
853 518 914 537 esse
940 506 1105 537 dicturum.

215 549 377 580 Dolabella
393 550 667 591 (quemadmodum
690 551 786 580 solent
808 550 945 580 homines
968 550 1105 587 nobiles;

215 603 268 623 seu
284 599 362 624 recte
377 604 428 623 seu
449 604 608 634 perperam
629 593 725 623 facere
740 599 904 634 coeperunt,
918 593 960 622 ita
975 593 1006 622 in
1022 599 1106 623 utro-

216 646 276 676 que
306 637 469 674 excellunt,
500 642 535 666 ut
557 646 646 667 nemo
668 642 770 666 nostro
791 637 856 666 loco
879 642 967 666 natus
990 636 1108 677 assequi

216 679 321 719 possit)
344 679 488 719 injuriam
514 680 611 709 facere
640 680 801 709 fortissime
826 684 995 720 perseverat
1008 691 1016 709 :
1052 684 1106 709 aut

216 722 369 760 satisdare,
398 728 451 752 aut
475 723 665 763 sponsionem
685 723 773 762 jubet
795 722 911 757 facere;
945 727 973 751 et
995 722 1108 763 interea

215 771 384 795 recusantes
400 771 515 795 nostros
530 765 687 796 advocatos
703 766 845 796 acerrime
861 765 1042 795 submoveri.

260 808 320 838 IX.
346 809 551 838 Conturbatus
574 819 645 839 sane
668 809 792 838 discedit
815 808 983 846 Quintius;
1008 818 1107 849 neque

217 851 342 887 mirum,
359 851 407 881 cui
423 852 486 881 haec
502 852 584 892 optio
599 858 662 881 tam
677 852 787 881 misera
802 858 926 891 tamque
938 851 1043 892 iniqua
1054 851 1108 882 da-

216 899 309 933 retur,
326 900 361 924 ut
376 901 428 924 aut
440 895 503 934 ipse
515 905 545 924 se
555 894 660 935 capitis
670 895 837 931 damnaret,
850 894 873 924 si
886 894 1107 931 satisde(lisset;

218 943 272 967 aut
287 947 408 968 causam
430 938 546 978 capitis,
564 938 587 967 si
604 937 794 977 sponsionem
811 937 937 973 fecisset,
949 937 1047 977 priore
1061 937 1107 967 lo-

219 990 253 1010 co
265 980 384 1010 diceret.
409 980 502 1016 Cum,
516 981 546 1010 in
557 979 649 1010 altera
664 991 706 1016 re,
724 991 821 1010 causae
836 980 913 1010 nihil
929 986 1014 1018 esset,
1031 980 1106 1020 quin

218 1034 302 1054 secus
315 1023 463 1063 judicaret
486 1023 549 1064 ipse
571 1024 608 1053 de
631 1034 661 1053 se
677 1023 773 1064 (quod
792 1023 943 1063 judicium
966 1023 1106 1063 gravissi-

218 1077 305 1097 mum
325 1072 402 1102 est);
427 1067 458 1096 iu
475 1067 571 1096 alter-Cr
584 1077 649 1107 spes
665 1073 740 1096 esset
762 1067 800 1096 ad
823 1067 914 1096 talem
938 1071 1039 1095 tamen
1063 1066 1107 1096 vi-

218 1121 287 1140 rum
308 1110 442 1149 judicem
465 1109 616 1145 veniendi,
633 1109 714 1139 unde
730 1120 764 1140 eo
786 1110 855 1150 plus
877 1109 941 1149 opis
964 1108 1105 1147 auferret,

218 1164 279 1193 quo
292 1153 393 1183 minus
409 1153 557 1182 attulisset
572 1152 676 1192 gratiae
690 1164 698 1189 3
724 1153 915 1193 sponsionem
931 1152 1027 1182 facere
1042 1162 1108 1182 ma-

218 1197 292 1226 luit:
304 1196 382 1226 fecit.
401 1196 601 1233 Tejudicem,
614 1196 649 1225 C.
660 1196 793 1237 Aquilli,
805 1195 913 1226 sumsit
926 1207 933 1225 :
953 1205 989 1224 ex
1002 1205 1110 1235 sponso

219 1240 288 1280 egit.
315 1240 352 1269 ln
362 1239 419 1269 hoc
432 1249 552 1268 summa
564 1239 681 1278 judicii,
695 1250 844 1280 causaque
860 1244 932 1275 tota,
949 1238 1092 1268 consistit.

262 1283 283 1313 J
288 1282 422 1312 udicium
441 1292 513 1317 esse,
536 1282 571 1312 C.
589 1282 723 1322 Aquini,
747 1292 807 1312 non
824 1282 861 1311 de
876 1292 907 1311 re
922 1281 1107 1322 pecuniaria,

218 1326 269 1356 sed
285 1325 322 1356 de
336 1325 419 1355 fama
435 1324 624 1365 fortunisque
638 1325 672 1354 P.
687 1325 819 1363 Quintii,
836 1325 926 1355 vides.
952 1325 1032 1355 Cum
1043 1334 1109 1355 ma-

215 1370 295 1408 jores
313 1368 355 1398 ita
378 1368 596 1404 constituerint,
613 1373 648 1397 ut
670 1369 723 1408 qui
746 1379 800 1408 pro
822 1368 918 1408 capite
939 1367 1059 1404 diceret,
1084 1367 1109 1398 is

218 1411 379 1453 posteriore
401 1411 466 1441 loeo
496 1410 626 1446 diceret;
651 1421 716 1448 nos,
740 1411 877 1441 inaudita
900 1410 1109 1441 criminatione

218 1461 437 1491 accusatorum,
459 1453 558 1494 priore
582 1454 646 1484 loco
671 1464 792 1484 causam
818 1454 914 1484 dicere
940 1453 1083 1494 intelligis
1096 1465 1105 1483 ι

218 1508 267 1528 eos
282 1508 381 1538 porro,
399 1496 452 1537 qui
467 1496 626 1526 defendere
642 1499 835 1535 consuerunt,
852 1497 934 1527 vides
949 1507 1105 1533 accusare3

218 1547 248 1571 et
263 1552 297 1571 ea
311 1540 432 1580 ingenia
455 1539 587 1569 converti
602 1539 640 1569 ad
655 1541 830 1580 perniciem,
847 1551 915 1580 quae
930 1546 1018 1570 antea
1040 1550 1104 1569 ver-

217 1585 361 1614 sabantur
372 1583 403 1612 in
419 1583 515 1612 salute
531 1588 622 1623 atque
637 1583 751 1613 auxilio
761 1583 892 1613 ferendo.
916 1582 1001 1612 Illud
1013 1581 1102 1612 etiam

217 1627 375 1663 restiterat,
403 1626 485 1666 quod
506 1625 599 1655 heste
597 1635 644 1655 no
666 1626 713 1656 die
736 1627 881 1661 fecerunt,
898 1631 932 1655 ut
955 1632 984 1655 te
1006 1625 1036 1654 in
1057 1626 1101 1664 ju!

217 1670 410 1706 adducerent,
426 1674 462 1698 ut
483 1669 569 1698 nobis
592 1674 723 1709 tempus,
740 1680 833 1711 quam
855 1669 908 1699 diu
927 1669 1101 1698 diceremus.

216 1713 438 1754 praestitueres·
430 1735 439 1748 ‚
464 1722 557 1752 quam
577 1722 641 1741 rem
662 1712 750 1743 facile
767 1724 785 1743 a
804 1718 930 1753 praetore
945 1711 1067 1752 impetr
1056 1721 1100 1740 as«

214 1762 291 1795 sent,
308 1756 365 1785 nisi
381 1761 426 1793 tu,
443 1754 524 1796 quod
540 1760 615 1785 esset
631 1760 720 1786 tuum
733 1757 783 1795 jus
799 1762 828 1786 et
839 1755 972 1786 officium
990 1760 1104 1795 partes-

215 1809 286 1841 que,
303 1798 461 1830 docuisses.
487 1798 597 1839 Neque
612 1798 698 1829 nobis
714 1799 824 1839 adhuc,
841 1804 949 1840 praeter
963 1803 1004 1833 te,
1021 1796 1105 1838 quis-
