1181 1902
296 54 348 85 IN
371 52 567 86 VERREM
591 53 652 86 IV.
675 53 760 85 CAP.
786 54 839 85 61.
947 53 1013 89 347

122 146 234 172 statuas
249 138 392 171 idoneum
406 140 541 180 judicem
562 145 615 170 aut
634 145 872 181 recuperatorem
888 139 1013 170 nullum

121 194 207 225 posse
222 183 355 224 reperiri,
371 184 504 224 postulat
519 194 538 213 a
552 190 592 221 te,
609 189 644 213 ut
654 184 787 213 Romam
800 183 924 222 rejicias.

166 227 228 257 Hic
243 226 395 257 enimvero
411 232 444 256 tu
459 227 622 262 exclamas,
645 226 800 256 hominem
824 226 1015 267 improbum,

121 270 175 310 qui
190 269 331 310 postulet,
348 269 391 298 ibi
405 268 442 298 de
458 268 511 298 tua
525 269 746 299 existimatione
764 269 914 308 judicium
936 269 1013 305 fieri,

121 312 175 343 ubi
198 319 226 342 te
249 311 432 342 invidiosum
447 321 509 342 esse
532 311 690 352 intelligat.
715 313 818 352 Negas
835 319 862 342 te
878 312 1013 342 Romam

121 357 322 395 rejecturum:
347 364 438 395 negas
461 354 498 385 de
514 361 664 385 conventu
687 361 908 395 recuperatores
923 355 1015 384 datu-

121 408 210 428 rum:
247 398 399 428 cohortem
421 403 506 427 tuam
526 397 678 438 proponis.
703 398 874 428 Scandilius
896 407 961 428 rem
983 408 1015 427 se

121 447 216 471 totam
231 441 405 471 relicturum
418 440 501 478 dicit,
512 447 541 471 et
551 450 605 471 suo
614 446 749 481 tempore
759 450 820 470 esse
833 440 1013 470 rediturum.

120 484 206 522 Quid
228 490 260 514 tu
285 483 327 514 ibi
352 485 444 514 tum?
478 483 554 524 quid
575 483 675 514 facis?
699 483 887 514 Scandilium
910 483 1014 523 cogis:

119 526 194 568 quid
206 528 220 557 ?
253 526 445 567 sponsionem
474 532 627 567 acceptam
656 525 777 556 facere?
813 525 1015 566 Impudenter

120 569 208 600 tollas
223 575 428 610 exspectatum
445 569 674 600 existimationis
689 575 750 599 tuae
761 568 912 608 judicium
925 580 932 598 :
950 578 1011 599 non

119 612 201 642 facis.
226 612 312 650 Quid
327 623 397 653 ergo
410 614 424 643 ἒ
447 612 587 653 Apronio
596 612 757 653 permittis,
773 619 819 649 ut,
836 622 912 652 quos
928 612 1013 650 velit,

120 655 158 686 de
169 655 289 686 cohorte
304 661 405 686 sumat
420 661 640 696 recuperatores
651 657 665 686 Ρ
690 655 870 696 Indignum,
887 655 942 684 uni
957 665 1012 695 po-

119 699 179 728 tius
195 709 232 728 ex
244 698 356 739 iniquis
371 699 522 735 sumendi,
539 708 632 739 quam
649 698 784 739 utrisque
799 709 836 728 ex
855 698 949 738 aequis
964 708 1014 728 re-

117 741 253 781 jiciendi,
284 742 349 771 fieri
378 747 566 782 potestatem.
608 742 765 771 Neutrum
791 741 865 771 facis
894 751 1011 771 eorum.

122 784 208 822 Quid
233 785 329 824 ergo?
352 784 411 814 Est
435 784 563 825 aliquid,
590 784 673 825 qucd
694 784 863 825 improbius
879 784 940 814 fier'
918 794 943 813 1
958 794 1013 824 po-

119 833 185 858 test,
225 827 316 868 Cogit
341 828 422 858 enim
449 827 637 858 Scandilium
668 828 804 868 quinque
832 827 886 857 iila
914 827 1014 857 millia

119 880 283 900 nummum
303 870 374 901 dare
402 877 494 911 atque
519 881 718 900 annumerare
738 870 888 919 Apronio.
924 870 1010 908 Quid

118 913 218 954 potuit
233 914 399 953 elegantius
415 914 510 944 facere
521 920 629 955 praetor
641 913 768 962 cupidus
781 913 1013 944 existimationis

118 957 217 1005 bonae,
233 966 287 997 qui
302 958 340 987 ab
363 967 425 987 sese
447 967 571 987 omnem
596 957 798 997 suspicionem
823 957 1011 998 propulsare,

118 999 172 1040 qui
189 1010 219 1029 se
234 999 346 1040 eripere
361 1010 398 1030 ex
413 999 551 1048 infamia,
565 999 707 1040 cuperet?

161 1042 252 1072 LXI.
275 1042 440 1073 Adductus
457 1050 521 1073 erat
540 1043 572 1072 in
596 1053 777 1080 sermonem,
794 1042 952 1080 invidiam,
966 1043 1012 1073 vi-

115 1085 347 1126 tuperationem.
384 1085 549 1116 Dictitarat
563 1086 656 1116 homo
676 1086 833 1127 improbus
847 1092 939 1127 atque
953 1086 1015 1116 im·

116 1139 222 1169 purus,
249 1128 419 1169 Apronius,
450 1129 565 1159 socium
591 1140 654 1159 esse
677 1136 852 1170 praetorem:
889 1135 1011 1159 venerat

115 1182 162 1202 res
179 1172 211 1201 in
228 1171 379 1210 judicium
400 1178 491 1213 atque
513 1172 683 1202 discrimen.
718 1172 855 1202 Potestas
870 1178 933 1202 erat
947 1172 1009 1209 isti,

116 1213 234 1245 homini
249 1214 366 1255 integro
381 1221 472 1256 atque
496 1215 659 1252 innocenti,
682 1215 764 1251 data,
789 1221 834 1252 ut,
851 1215 882 1245 in
906 1215 1014 1256 Apro-

114 1257 202 1287 nium
216 1268 286 1288 cum
296 1258 568 1295 animadvertisset,
580 1269 642 1289 sese
651 1258 829 1299 gravissima
840 1259 953 1289 levaret
962 1259 1013 1288 in-

115 1300 220 1331 famia.
244 1300 330 1339 Quid
345 1301 496 1342 excogitat
510 1311 606 1342 poenae
615 1301 629 1330 ἲ
653 1301 727 1342 quid
742 1301 1011 1332 animadversionis

115 1343 146 1373 in
161 1344 357 1384 Apronium?
381 1344 472 1385 Cogit
484 1344 671 1375 Scandilium
687 1345 838 1385 Apronio,
851 1345 890 1374 ob
906 1344 1011 1385 singu-

113 1386 209 1416 larem
221 1387 447 1428 improbitatem
460 1394 552 1428 atque
567 1388 736 1423 audaciam,
750 1387 1010 1428 praedicationem-

116 1440 176 1470 que
202 1430 326 1460 nefariae
351 1430 511 1469 societatis,
540 1431 597 1461 HS
621 1431 652 1462 V
674 1431 772 1460 millia
797 1430 944 1461 mercedis
976 1441 1012 1461 ac

113 1473 232 1512 praemii
242 1473 322 1504 dare.
335 1473 422 1511 Quid
430 1473 579 1512 interfuit,
587 1474 680 1504 homo
687 1473 895 1511 audacissime,
903 1480 1009 1503 utrum

111 1515 170 1546 hoc
197 1516 380 1553 decerneres,
404 1527 442 1547 an
466 1517 510 1555 id,
541 1517 624 1558 quod
653 1517 813 1557 Apronius
837 1516 1007 1554 dictitabat,

115 1564 180 1589 tute
195 1559 233 1589 de
247 1565 277 1589 te
292 1560 464 1601 profiterere
478 1570 513 1590 ac
524 1560 673 1591 dictitares
683 1560 697 1589 ?
720 1560 824 1598 Quem
840 1560 1009 1598 hominem,

114 1601 140 1631 si
154 1602 222 1642 quis
237 1603 337 1643 pudor
350 1603 383 1633 in
398 1609 438 1639 te,
455 1610 547 1644 atque
562 1603 637 1634 adeo
653 1603 677 1633 si
693 1603 761 1644 quis
775 1609 876 1633 metus
890 1603 1007 1639 fuisset,

113 1644 176 1675 sine
191 1646 339 1686 supplicio
354 1646 506 1677 dimittere
515 1656 577 1678 non
587 1646 728 1683 debuisti,
741 1646 824 1677 hunc
840 1647 932 1676 abste
944 1646 1009 1676 sine

112 1688 238 1728 praemio
261 1688 414 1720 discedere
433 1689 566 1720 noluisti.
599 1689 716 1721 Omnia
736 1689 828 1720 simul
842 1689 1010 1729 intelligere

115 1731 266 1772 potuistis,
278 1732 409 1775 judices,
424 1743 464 1767 ex
479 1743 541 1765 uno
555 1732 682 1766 erimine
696 1732 890 1765 Scandiliano
901 1744 911 1764 a
945 1731 1008 1774 pri-
