1181 1902
238 103 288 134 IN
314 103 507 135 VERREM
535 103 600 135 III.
625 103 708 135 CAP.
733 106 784 137 29.
896 105 955 135 241

66 187 213 225 dedissem
237 190 375 230 proinde,
392 190 416 220 si
430 196 559 230 saperet,
577 190 701 228 videret,
718 191 793 232 quid
808 191 864 222 sibi
883 197 959 222 esset

65 230 249 262 faciendum.
285 233 400 270 Homo,
429 243 618 274 quamquam
646 239 709 264 erat
733 240 762 264 et
787 234 906 265 Siculus
930 240 960 264 et

66 283 144 311 reus,
161 274 217 305 hoc
232 282 286 313 est,
303 281 332 306 et
343 277 412 315 jure
427 276 532 316 iniquo
548 282 577 306 et
587 282 722 317 tempore
732 277 867 315 adverso,
882 277 959 307 ferre

66 321 167 347 tamen
179 323 270 358 atque
281 318 385 349 audire
400 319 514 349 diutius
524 318 753 350 Timarchidem
767 330 827 350 non
846 320 957 361 potuit.

67 358 180 397 Facite,
197 361 307 402 inquit,
331 361 413 402 quod
429 362 513 392 vobis
538 362 630 392 libet:
656 363 782 393 daturus
807 373 866 393 non
891 373 960 393 sum

66 403 207 443 amplius.
234 404 381 445 Idemque
391 405 447 435 hoc
459 405 563 435 amicis
573 405 638 443 ejus
651 411 679 435 et
694 405 902 436 defensoribus
915 406 960 435 vi-

65 444 192 476 debatur
205 458 214 483 ;
239 453 330 488 atque
345 458 379 478 eo
400 447 490 478 etiam
506 448 615 488 magiS,
640 447 721 488 quod
746 448 812 485 iste,
837 459 961 489 quoquo

65 488 157 519 modo
172 500 202 519 se
216 489 247 519 in
264 490 299 520 ea
315 491 479 531 quaestione
494 492 658 531 praebebat,
672 497 774 521 tamen
789 491 821 521 in
833 491 958 522 consilio

65 530 196 562 habebat
218 532 356 563 homines
382 534 523 564 honestos
547 543 563 563 e
586 540 734 564 conventu
755 534 958 574 Syracusano,

65 574 118 614 qui
134 575 286 606 Sacerdoti
310 587 431 617 quoque
452 577 483 606 in
499 576 623 607 consilio
643 576 764 606 fuerant
784 583 862 613 tum,
887 587 957 607 cum

65 623 139 647 esset
154 618 235 648 idem
250 619 299 649 hic
315 621 440 660 Sopater
456 619 620 650 absolutus.
646 620 715 649 Hoc
727 619 849 650 rationis
865 620 958 650 habe—

65 660 148 697 bant,
165 660 261 692 facere
277 672 326 692 eos
342 663 426 692 nullo
442 662 533 692 modo
548 672 644 703 posse,
658 668 693 692 ut
704 662 807 693 eodem
820 663 957 700 crimine,

64 702 168 733 iisdem
186 705 321 741 testibus,
346 706 509 746 Sopatrum
533 705 769 736 condemnarent
787 705 880 736 iidem
904 706 960 736 ho·-

66 746 173 784 mines,
187 747 241 788 qui
256 754 344 778 antea
360 749 565 779 absolvissent.

109 789 217 831 Itaque
228 791 284 822 hac
294 790 355 821 una
364 802 416 832 spe
428 791 464 822 ad
475 791 626 830 judicium
639 791 767 822 venitur.
792 792 865 830 Quo
877 798 960 833 post-

63 841 191 873 eaquam
208 840 333 864 ventum
346 841 400 871 est,
412 845 481 865 cum
492 834 522 864 in
534 835 691 865 consilium
703 835 876 876 frequentes
888 846 959 866 con-

64 876 214 907 venissent
230 877 333 914 iidem,
350 878 403 918 qui
419 878 564 914 solebant,
582 884 611 908 et
626 878 683 908 hac
698 879 761 908 una
771 889 823 919 spe
835 884 898 909 tota
907 879 959 909 de-

64 917 159 949 fensio
175 921 295 960 Sopatri
310 921 466 958 niteretur,
487 921 602 951 consilii
623 921 794 962 frequentia
815 927 844 951 et
859 922 960 962 digni-

64 966 136 999 tate,
154 968 183 992 et
198 963 280 1003 quod
296 970 380 994 erant
405 967 453 997 (ut
468 964 545 1001 djxi)
568 964 672 1001 iidem,
689 964 742 1005 qui
758 970 846 994 antea
862 966 958 1005 Sopa-

64 1009 145 1034 trum
162 1006 267 1036 eodem
282 1007 335 1037 illo
354 1006 479 1037 crimine
502 1007 687 1037 liberarant:
713 1007 882 1047 cognoscite
902 1008 958 1038 hc-

64 1047 156 1078 minis
169 1055 316 1089 apertam,
334 1060 368 1080 ac
380 1060 440 1080 non
457 1050 548 1080 modo
564 1060 624 1080 non
641 1050 767 1087 ratione,
785 1051 836 1080 sed
852 1060 890 1080 ne
899 1050 960 1081 dis-

65 1090 257 1122 simulatione
272 1093 408 1133 quidem,
435 1098 545 1123 tectam
566 1092 792 1133 improbitatem
818 1099 847 1123 et
865 1093 960 1124 auda-

65 1133 153 1163 ciam.
178 1135 226 1165 M.
242 1136 398 1173 Petilium,
413 1136 545 1177 equitem
560 1136 751 1172 Romanum,
763 1146 855 1177 quem
866 1137 960 1167 habe-

64 1177 117 1206 bat
132 1177 164 1207 in
180 1179 314 1215 consilio,
328 1180 416 1218 jubet
431 1190 554 1220 operam
570 1179 652 1215 dare,
671 1180 753 1220 quod
769 1180 812 1210 rei
833 1179 960 1220 privatae

61 1219 157 1259 judex
174 1229 258 1251 esset.
284 1222 412 1253 Petilius
436 1224 603 1259 recusabat,
630 1222 712 1263 quod
739 1233 808 1253 suos
834 1223 958 1260 amicos,

65 1273 141 1303 quos
157 1264 213 1294 sibi
228 1265 259 1294 in
276 1266 399 1296 consilio
411 1276 473 1296 esse
488 1266 588 1303 vellet,
605 1266 668 1306 ipse
684 1266 794 1296 Verres
809 1265 958 1296 retineret.

66 1306 138 1344 Iste,
152 1307 244 1338 homo
258 1308 402 1345 liberalis,
419 1314 509 1349 negat
525 1319 555 1339 se
571 1319 758 1349 quemquam
771 1309 898 1339 retinere
910 1319 960 1339 eo-

66 1359 148 1385 rum,
173 1351 227 1391 qui
250 1351 360 1382 Petilio
381 1352 495 1382 vellent
523 1352 633 1382 adesse.
670 1352 780 1392 Itaque
804 1351 963 1382 discedunt

63 1402 184 1423 omnes:
203 1404 275 1424 nam
291 1395 380 1425 ceteri
391 1405 513 1436 quoque
522 1395 698 1436 impetrant,
713 1405 750 1425 ne
762 1395 958 1430 retineantur,

64 1435 118 1476 qui
134 1446 164 1466 se
179 1437 255 1468 velle
276 1438 416 1468 dicebant
431 1438 568 1468 alterutri
590 1448 706 1475 eorum,
723 1438 778 1479 qui
800 1444 866 1468 tum
882 1438 961 1468 illud

60 1478 211 1517 judicium
221 1481 385 1519 habebant,
393 1481 504 1512 adesse.
530 1482 639 1522 Itaque
654 1481 709 1511 iste
725 1481 806 1512 solus
822 1491 892 1511 cum
905 1481 960 1511 sua

64 1521 184 1553 cohorte
200 1525 386 1565 nequissima
402 1524 594 1565 relinquitur.

108 1565 181 1596 Non
197 1566 357 1598 dubitabat
372 1568 542 1605 Minucius,
559 1567 613 1609 qui
635 1568 798 1608 Sopatrum
818 1567 960 1598 defende-

63 1609 127 1646 bat,
141 1609 217 1650 quin
232 1610 298 1648 iste,
312 1611 459 1652 quoniam
475 1611 634 1641 eonsilium
652 1611 825 1648 dimisisset,
847 1611 899 1640 illo
911 1610 959 1640 die

62 1661 125 1681 rem
136 1652 222 1683 illam
232 1654 414 1694 quaesiturus
426 1664 487 1685 non
499 1660 573 1684 esset
585 1665 594 1691 ;
619 1665 689 1684 cum
701 1660 823 1695 repente
835 1655 959 1693 jubetur

62 1693 172 1725 dicere.
196 1696 382 1737 Respondet.
406 1698 461 1728 Ad
477 1708 552 1738 quos
564 1699 577 1728 :³
601 1698 655 1727 Ad
669 1708 731 1735 me,
745 1697 856 1738 inquit,
868 1696 892 1727 si
903 1696 959 1726 tibi

61 1737 189 1769 idoneus
205 1739 318 1777 videor,
337 1740 391 1781 qui
406 1741 443 1771 de
458 1741 583 1771 homine
599 1741 701 1771 Siculo
713 1751 747 1771 ac
760 1740 901 1770 Graeculo
909 1740 961 1779 ju-

66 1779 174 1811 dicem.
201 1782 333 1814 Idoneus
356 1794 397 1821 es,
416 1784 540 1825 inquit:
566 1784 617 1815 sed
644 1784 806 1825 pervellem
825 1783 961 1814 adessent

106 1825 226 1862 ‹Ol-al.)
246 1836 328 1857 vor..
349 1837 372 1858 r,
676 1836 699 1856 Y
