1181 1902
235 129 302 159 282
414 127 465 159 IN
489 126 686 159 VERREM
711 126 777 158 ΙΙΙ.
798 127 884 158 Cim.
901 127 953 162 74.

226 214 281 255 qui
306 214 363 244 hoc
388 214 473 245 istius
496 213 588 244 causa
607 213 813 249 decreverunt,
836 212 950 254 equites
970 211 1113 249 Romani,

228 267 309 287 nunc
324 257 417 287 iidem
437 257 469 287 in
485 267 556 286 eum
574 257 690 295 judices
706 262 814 293 essent,
834 256 927 285 istum
944 255 1007 285 sine
1022 255 1115 285 dubio

226 300 473 337 condemnarent,
487 300 524 329 de
539 310 600 340 quo
615 300 714 329 literas
725 310 784 335 eas,
796 309 865 339 quae
877 298 961 327 istius
978 298 1059 327 furta
1070 297 1117 326 in-

227 343 371 379 dicarent,
389 349 419 373 et
431 343 469 372 ad
485 353 515 373 se
527 343 643 379 missas,
661 348 690 372 et
702 352 756 372 suo
771 341 889 371 decreto
906 347 1045 375 remotas,
1060 340 1116 370 sci-

226 392 292 415 rent
308 396 379 416 esse.
404 386 506 423 Quem
516 386 620 425 igitur,
632 387 670 415 ab
682 386 718 415 iis
733 385 886 425 equitibus
900 383 1046 413 Romanis
1060 383 1114 423 qui

226 428 312 458 istius
327 429 418 459 causa
432 428 560 469 cupiunt
574 428 688 463 omnia,
710 428 763 468 qui
784 429 822 457 ab
843 438 877 457 eo
901 426 1116 466 benignissime

227 472 346 501 tractati
361 477 443 509 sunt,
461 471 653 502 condemnari
665 481 782 501 necesse
795 476 880 507 esset,
894 470 918 499 is
928 480 946 498 a
962 469 1056 507 vobis,
1064 470 1116 508 ju-

228 513 320 551 dices,
330 515 397 544 ulla
410 515 438 544 vi
454 520 506 545 aut
522 514 635 544 ratione
650 514 765 544 absolvi
777 519 874 553 potest
884 512 898 540 P
910 526 913 529 ·

227 576 230 578 v
271 557 321 587 Ac
336 567 374 587 ne
388 557 464 587 forte
480 568 525 593 ea,
537 568 606 597 quae
621 564 736 587 remota
745 556 782 586 de
792 555 903 592 medio,
915 561 1005 595 atque
1017 559 1119 594 erepta

227 600 312 630 vobis
328 607 409 637 sunt,
426 600 528 630 omnia
544 600 585 629 ita
600 600 719 630 condita
734 599 836 635 fuisse,
850 605 941 638 atque
957 599 999 627 ita
1014 597 1116 627 abdite

228 643 350 672 latuisse
367 643 535 680 videantur,
562 649 607 679 ut,
635 642 707 682 [hac
729 642 902 682 diligentia]
923 651 1015 681 quam
1032 650 1086 680 ego
1101 650 1120 670 a

228 695 279 715 me
304 686 469 726 exspectari
487 686 621 715 maxime
644 692 730 725 puto,
752 685 829 714 nihil
853 685 962 714 horum
981 683 1120 722 [investi-

228 728 322 769 gari,]
340 729 416 758 nihil
432 729 549 769 assequi
564 729 695 768 potuerit
708 740 717 764 ς
741 739 810 768 quae
820 727 943 757 consilio
955 727 1057 766 aliquo
1066 732 1120 755 aut

230 771 344 801 ratione
374 771 502 801 inveniri
531 777 705 810 potuerunt,
732 771 855 800 inventa
884 776 965 805 sunt,
994 769 1119 808 judices.

232 813 406 843 Manifestis
427 814 458 842 in
482 814 571 843 rebus
595 814 750 844 hominem
771 814 837 852 jam
861 812 956 842 teneri
971 811 1119 841 videbitis.

231 857 327 893 Nam,
354 856 436 896 quod
460 856 492 885 in
516 856 748 896 publicanorum
764 856 859 885 causis
881 856 927 885 vel
949 855 1119 895 plurimum

229 900 326 929 aetatis
338 909 414 929 meae
429 909 539 935 versor,
554 899 805 939 vehementerque
816 899 904 928 illum
917 897 1052 927 ordinem
1066 898 1119 926 ob-

231 952 328 979 servo,
345 942 415 972 satis
432 941 589 972 commode
604 942 680 972 mihi
692 942 793 972 videor
809 951 912 971 eorum
929 940 1120 971 consuetudi-

233 995 303 1015 nem
320 996 376 1015 usu
393 985 609 1025 tractandoque
621 987 771 1025 cognbsse.

275 1028 433 1058 LXXIV.
459 1029 578 1068 Itaque,
601 1034 635 1057 ut
658 1028 714 1058 hoc
737 1028 879 1068 comperi,
905 1033 1033 1058 remotas
1057 1037 1120 1057 esse

229 1071 333 1101 literas
349 1070 516 1105 societatis;
534 1070 627 1100 habui
640 1071 786 1101 rationem
802 1081 963 1105 annorum,
980 1081 1033 1110 per
1045 1079 1120 1110 quos

231 1113 286 1144 iste
301 1114 333 1143 in
350 1114 454 1144 Sicilia
470 1114 575 1143 fuisset
589 1125 596 1143 :
622 1114 729 1144 deinde
745 1114 869 1155 quaesivi
886 1113 981 1154 (quod
997 1119 1059 1143 erat
1073 1113 1120 1142 in-

231 1163 325 1187 ventu
349 1156 556 1193 facillimum),
579 1156 633 1197 qui
653 1168 705 1197 per
730 1157 848 1187 eosdem
868 1166 962 1186 annos
984 1155 1121 1196 magistri

231 1199 317 1229 istius
333 1200 481 1230 societatis
506 1200 641 1229 fuissent.
681 1200 818 1230 Sciebam
834 1200 915 1230 enim
933 1200 1009 1229 hanc
1023 1198 1122 1238 magi-

231 1249 374 1280 strorum,
382 1242 435 1283 qui
442 1243 559 1273 tabulas
570 1243 725 1279 haberent,
737 1242 982 1273 consuetudinem
994 1251 1065 1279 esse,
1075 1247 1120 1279 ut,

231 1295 302 1316 cum
319 1286 437 1315 tabulas
452 1295 530 1316 novo
545 1285 689 1325 magistro
699 1286 860 1323 traderent,
874 1285 1013 1325 exempla
1022 1285 1123 1314 litera-

234 1339 304 1358 rum
319 1328 378 1368 ipsi
393 1328 503 1358 habere
519 1338 579 1358 non
595 1329 719 1358 nollent.
745 1329 854 1369 Itaque
869 1328 907 1358 ad
924 1328 960 1358 L.
978 1328 1120 1364 Vibium,

232 1372 367 1411 equitem
385 1372 574 1409 Romanum,
592 1371 691 1401 virum
716 1372 906 1412 primarium,
930 1381 1023 1411 quem
1039 1380 1123 1410 repe-

233 1414 349 1444 riebam
373 1414 553 1454 magistrum
575 1414 667 1444 fuisse
697 1425 731 1444 eo
754 1414 819 1455 ipso
845 1425 935 1451 anno,
964 1413 1016 1454 qui
1046 1413 1123 1442 mihi

232 1456 367 1486 maxime
383 1457 564 1497 quaerendus
574 1463 648 1495 erat,
664 1457 800 1497 primum
810 1457 886 1487 veni.
911 1458 990 1487 Sane
1002 1456 1119 1486 homini

231 1506 339 1540 praeter
362 1500 535 1540 opinionem
559 1501 722 1541 improviso
742 1500 842 1530 incidi.
867 1500 1023 1530 Scrutatus
1039 1508 1119 1535 sum,

233 1553 303 1583 quae
323 1543 419 1582 potui,
442 1549 471 1573 et
485 1543 611 1583 quaesivi
626 1543 747 1573 omnia:
772 1543 874 1573 inveni
896 1543 972 1572 duos
987 1542 1065 1572 solos
1085 1541 1122 1570 li.

234 1585 340 1621 bellos,
357 1587 395 1615 ab
418 1585 455 1615 L.
473 1586 620 1616 Canuleio
636 1586 741 1616 missos
759 1586 845 1616 sociis
869 1596 906 1615 ex
927 1591 1016 1625 portu
1033 1585 1124 1624 Syra-

233 1628 329 1658 cusis:
348 1628 379 1657 in
392 1629 503 1668 quibus
516 1636 578 1659 erat
590 1629 665 1659 ratio
681 1629 789 1669 scripta
799 1628 950 1659 mensium
962 1627 1126 1667 compluri-

234 1680 299 1708 um,
311 1681 412 1701 rerum
425 1678 652 1712 exportatarum
669 1672 754 1701 istius
771 1672 894 1701 nominc
909 1671 972 1701 sine
982 1669 1123 1711 portorio.

234 1713 344 1753 Itaque
364 1714 520 1754 obsignavi
543 1715 655 1745 statim.
689 1714 786 1744 Erant
806 1715 870 1744 haec
891 1724 928 1744 ex
952 1724 986 1743 eo
1004 1722 1123 1753 genere,

229 1756 314 1796 quod
331 1767 385 1796 ego
401 1758 536 1787 maxime
551 1768 647 1798 genus
664 1769 701 1788 ex
717 1758 865 1788 sociorum
882 1757 976 1786 literis
997 1755 1125 1796 reperire

230 1799 410 1840 cupiebam;
436 1811 542 1832 verum
554 1807 674 1832 tantum
684 1801 799 1840 inveni,
809 1800 939 1840 judices,
951 1798 1033 1841 quod
1044 1797 1126 1839 apud
