1181 1902
281 94 334 126 IN
357 93 555 127 VERREM
582 94 628 126 ΙΙ.
652 94 738 126 CAP.
755 95 806 125 45.
933 94 993 130 197

93 187 138 212 est
163 181 296 213 hominis
322 181 495 222 ingenium,
518 180 597 211 mira
622 181 793 222 prudentia.
831 180 993 213 Minucius

92 225 220 265 quidam
235 231 375 255 mortuus
391 231 435 255 est
450 230 520 254 ante
536 225 628 254 istum
645 230 814 265 praetorem.
839 225 918 264 Ejus
934 231 992 255 tes-

92 273 265 299 tamentum
289 274 352 298 erat
376 268 519 297 nullum:
544 267 610 307 lege
630 267 789 298 haereditas
809 268 847 298 ad
868 274 990 308 gentem

91 310 266 342 Minuciam
282 311 430 342 veniebat.
465 311 498 345 sj
509 310 664 340 habuisset
679 311 734 341 iste
747 311 891 347 edictum,
909 311 991 352 quod

90 360 161 385 ante
175 355 269 385 istum
285 360 314 385 et
328 360 432 395 postea
446 363 551 383 omnes
566 354 751 391 habuerunt,
768 355 913 394 possessio
926 355 991 385 Mi-

90 398 188 428 nuciae
209 397 292 438 genti
313 403 388 427 esset
403 397 483 427 data.
519 396 552 426 Si
567 396 636 437 quis
652 403 832 427 testamento
849 408 879 427 se
894 397 990 428 haere-

89 440 160 470 dem
181 451 244 471 esse
264 440 470 477 arbitraretur,
495 440 578 480 quod
597 446 664 470 tum
680 450 741 469 non
757 446 897 477 exstaret,
921 440 989 481 lege

88 490 190 524 ageret
213 484 246 513 in
269 483 496 514 haereditatem:
522 489 586 520 aut,
610 493 666 524 pro
686 483 788 524 praede
808 483 869 513 litis
888 484 988 514 vindi-

87 527 203 557 ciarum
220 537 290 557 cum
306 527 376 557 satis
392 526 563 567 accepisset,
588 526 780 567 sponsionem
796 526 925 557 faceret:
944 527 987 557 ita

87 569 126 600 de
140 570 314 600 haereditate
329 576 464 600 certaret.
496 569 578 606 Hoc,
594 569 713 610 opinor,
727 570 797 609 jure
813 575 842 599 et
856 571 986 609 majores

86 614 192 652 nostri,
218 619 246 643 et
262 623 316 644 nos
332 623 450 654 semper
465 612 513 643 usi
527 623 643 643 sumus.
669 613 790 651 Videte,
807 618 843 643 ut
857 613 915 644 hoe
929 613 986 644 iste

87 662 259 687 correxerit.

130 699 296 740 Componit
311 698 444 730 edictum
465 698 502 729 iis
517 699 627 737 verbis,
651 704 687 729 ut
702 698 802 740 quivis
816 698 985 740 intelligere

84 743 189 784 possit,
214 743 305 772 unius
320 742 453 772 hominis
474 742 565 772 causa
580 743 785 783 conscriptum
802 753 873 773 esse.
898 743 985 773 Tan-

84 792 152 816 tum
173 785 256 827 quod
276 785 433 816 hominem
454 795 516 815 non
537 785 686 823 nominat,
711 796 834 816 causam
858 786 984 827 quidem

84 834 180 859 totam
206 829 383 869 perscribit:
413 829 476 868 jus,
504 829 766 867 consuetudinem,
795 829 982 870 aequitatem,

84 872 182 902 edicta
196 872 348 910 omnium,
365 872 502 912 negligit.
530 874 552 889 “
566 872 617 901 Ex
634 872 730 902 edicto
745 873 871 902 urbano.
897 873 930 904 Si
945 873 984 904 de

82 915 258 946 haereditate
281 915 458 955 ambigitur,
483 915 508 945 si
531 925 681 956 possessor
703 916 897 956 sponsionem
921 926 983 946 non

81 958 204 989 faciet''.
228 980 236 988 .
260 981 269 989 .
293 981 302 989 .
338 958 425 995 Quid
439 958 471 988 id
490 958 528 988 ad
549 964 720 999 praetorem,
744 964 812 989 uter
832 969 984 999 possessor

81 1002 120 1032 sit
132 1004 146 1033 ἓ
162 1012 264 1032 nonne
278 1001 310 1031 id
325 1001 421 1042 quaeri
436 1007 565 1042 oportet,
583 1008 688 1031 utrum
704 1012 904 1042 possessorem
920 1013 983 1033 esse

81 1045 241 1086 oporteat?
264 1045 361 1085 ErgO,
385 1044 458 1085 quia
473 1055 623 1085 possessor
639 1050 694 1082 est,
716 1055 777 1075 non
793 1055 896 1076 moves
912 1056 981 1087 pos-2

81 1088 230 1118 sessione:
256 1088 281 1118 si
305 1098 455 1129 possessor
480 1097 542 1118 non
567 1093 654 1125 esset,
679 1098 740 1118 non
764 1088 859 1119 dares.
896 1089 981 1119 Nus-

80 1141 176 1173 quam
192 1131 274 1162 enim
291 1131 406 1169 scribis,
430 1141 530 1172 neque
546 1136 579 1161 tu
596 1131 681 1161 aliud
697 1131 868 1172 quidquam
884 1132 982 1163 edicto

79 1175 281 1215 amplecteris,
314 1174 373 1204 nisi
397 1184 465 1204 eam
489 1184 623 1213 causam,
647 1185 702 1215 pro
730 1175 792 1216 quit
818 1175 979 1216 pecuniam

79 1228 244 1259 acceperas.
268 1217 344 1248 Jam
364 1217 422 1247 hoc
442 1217 608 1248 ridiculum
625 1224 688 1248 est:
715 1220 737 1236 “
751 1218 784 1248 Si
799 1218 837 1248 de
852 1218 981 1249 haeredi-

79 1267 140 1292 tate
160 1261 344 1302 ambigetur,
369 1266 398 1291 et
414 1261 527 1291 tabulae
541 1261 715 1291 testamenti
736 1261 902 1302 obsignatae
917 1271 979 1292 non

78 1305 182 1335 minus
205 1304 311 1335 multis
336 1304 441 1344 signis,
465 1314 560 1346 quam
581 1315 597 1334 e
621 1304 689 1344 lege
713 1311 842 1345 oportet,
867 1305 907 1334 ad
930 1315 982 1336 me

78 1348 289 1389 proferentur:
318 1347 487 1378 secundum
514 1348 633 1378 tabulas
659 1348 833 1377 testamenti
859 1348 980 1388 potissi-

77 1402 167 1422 mum
189 1390 397 1421 haereditatem
421 1390 534 1421 dabo.”
573 1391 644 1421 Hoc
667 1391 885 1421 translatitium
912 1398 976 1422 est:

77 1435 164 1476 sequi
178 1434 257 1464 illud
272 1439 400 1475 oportet,
426 1436 448 1451 ‘⁶
465 1434 499 1465 Si
514 1434 627 1464 tabulae
641 1435 814 1464 testamenti
830 1445 891 1464 non
907 1445 978 1475 pro-

77 1477 245 1509 ferentur.’'
278 1477 366 1515 Quid
390 1477 457 1508 ait?
481 1488 512 1508 se
536 1478 564 1508 ei
584 1477 740 1515 daturum,
765 1478 819 1518 qui
844 1488 875 1508 se
898 1478 980 1508 dicat

76 1521 230 1553 haeredem
245 1531 317 1551 esse.
341 1520 429 1559 Quid
444 1531 514 1561 ergo
529 1521 664 1558 interest,
680 1520 884 1561 proferantur,
907 1531 978 1551 nec-

77 1575 116 1596 ne
127 1567 141 1596 ?
165 1564 189 1595 si
204 1564 385 1605 protulerit3
409 1573 471 1594 uno
487 1564 574 1604 signo
589 1570 624 1594 ut
639 1564 678 1594 sit
696 1564 811 1602 minus,
828 1574 922 1605 quam
939 1574 978 1594 ex

76 1610 143 1650 lege
163 1613 291 1648 oportet,
315 1617 377 1637 non
398 1606 450 1637 des
470 1607 708 1648 possessionem:
734 1607 760 1637 si
780 1607 907 1637 omnino
930 1613 977 1637 ta-

77 1653 165 1684 bulas
180 1660 241 1681 non
256 1650 398 1691 proferet,
424 1650 520 1681 dabis.
556 1650 643 1689 Quid
663 1660 746 1680 nunc
770 1650 897 1681 dicam?
922 1660 976 1681 ne-

77 1696 194 1727 minem
209 1704 347 1735 unquam
362 1699 467 1734 postea
481 1693 577 1724 alium
594 1693 746 1724 edixisse?
764 1693 851 1724 valde
867 1693 905 1723 sit
916 1693 977 1723 mi-

76 1749 159 1777 rum,
184 1737 340 1768 neminem
353 1737 457 1774 fuisse,
474 1737 528 1777 qui
543 1736 629 1767 istius
644 1747 675 1767 se
690 1736 822 1767 similem
837 1736 898 1767 dici
912 1736 976 1767 vel-

76 1783 128 1814 let.
153 1782 224 1822 lpse
238 1780 270 1812 in
285 1779 434 1813 Siciliensi
450 1780 547 1812 edicto
558 1780 615 1812 hoc
627 1780 816 1853 non3habet3
833 1785 975 1821 exegerat

649 1833 664 1854 s
688 1843 695 1853 .
