1181 1902
0 0 1181 89 -Γ

175 160 217 190 58
262 159 353 191 PRO
377 159 543 191 ROSCIO
564 159 799 193 AMERINO.
823 160 908 192 CAP.
924 161 976 192 25.

176 246 320 286 sanguis:
345 256 383 276 ex
406 256 467 287 quo
489 247 513 277 si
535 257 596 287 qua
617 247 738 277 macula
761 253 903 288 concepta
924 253 978 285 est,
1000 256 1061 277 non

175 289 266 318 modo
282 289 343 319 elui
358 299 418 319 non
434 295 541 330 potest,
558 300 663 320 verum
679 301 775 331 usque
796 301 830 320 eo
850 295 1008 331 permanat
1022 290 1062 320 ad

175 332 326 369 animum,
342 338 377 362 ut
396 343 533 363 summus
556 333 640 362 furor
651 339 741 374 atque
756 334 888 363 amentia
900 343 1063 373 consequa-

176 380 236 404 tur.
261 375 365 405 Nolite
380 376 460 406 enim
476 382 592 416 putare,
617 376 889 417 (quemadmodum
904 376 936 405 in
952 375 1063 405 fabulis

177 428 383 458 saepenumero
398 418 517 455 videtis)
531 429 590 455 eos,
607 419 660 459 qui
675 419 789 459 aliquid
805 419 898 460 impie
910 418 1064 449 scelerate-

178 471 237 501 que
253 462 466 499 commiserint,
483 462 590 502 agitari
605 468 633 491 et
655 462 811 502 perterreri
832 462 995 492 Furiarum
1011 467 1064 491 tae-

177 504 223 533 dis
239 505 420 535 ardentibus.
445 507 507 535 Sua
530 515 682 546 quemque
702 505 795 541 fraus,
812 511 841 535 et
865 516 936 535 suus
959 510 1064 543 terror,

178 547 312 577 maxime
328 554 435 578 vexat:
460 558 550 577 suum
567 558 719 588 quemque
731 548 825 578 scelus
840 548 945 588 agitat,
962 557 1066 578 amen-

178 589 281 630 tiaque
297 591 388 621 afficit
401 602 408 621 ε
427 602 489 621 suae
500 591 588 620 malae
600 591 803 631 cogitationes,
817 589 1065 631 conscientiaeque

178 633 284 669 animi,
302 639 420 663 terrent.
447 634 507 663 Ha:
525 639 595 663 sunt
613 634 713 674 impiis
734 633 860 664 assiduae
880 633 1065 664 domesticae-
1140 670 1142 674 μ

179 686 239 716 que
255 676 377 712 Furiae;
403 687 471 717 quae
493 677 554 706 dies
570 683 730 717 noctesque
750 678 909 718 parentum
925 687 1027 717 poenas
1047 686 1066 706 a
1141 686 1143 712 ς

180 719 470 749 consceleratissimis
486 720 555 749 filiis
571 726 715 760 repetant.
1142 719 1143 734 ¹

224 762 301 792 Haec
317 762 496 802 magnitudo
511 763 651 792 maleficii
667 762 748 799 facit,
765 768 810 799 ut,
828 762 884 792 nisi
896 771 981 802 paene
995 772 1062 792 ma-

181 804 326 835 nifestum
350 805 544 846 parricidium
567 806 746 845 proferatur,
764 805 904 835 credibile
926 815 987 835 non
1008 805 1067 835 sit:

182 848 240 878 nisi
265 848 361 889 turpis
385 848 594 885 adolescentia,
621 848 678 878 nisi
700 849 842 878 omnibus
867 848 987 888 flagitiis
1006 848 1068 878 vita

179 890 349 931 inquinata,
363 891 420 921 nisi
436 897 553 921 sumtus
564 891 650 921 effusi
665 902 734 921 cum
751 893 860 932 probro
875 896 966 931 atque
978 891 1067 921 dede-

181 943 260 971 core,
284 934 341 964 nisi
356 941 500 975 prorupta
515 934 651 972 audacia,
672 934 730 964 nisi
748 940 831 964 tanta
851 935 1013 972 temeritas,
1035 939 1070 964 ut

181 986 243 1006 non
258 977 364 1018 procul
380 977 537 1007 abhorreat
549 979 586 1007 ab
598 977 724 1007 insania.
748 977 882 1007 Accedat
897 977 967 1014 huc,
980 987 1069 1017 opor-

180 1025 235 1057 tet,
251 1020 356 1050 odium
372 1020 514 1061 parentis,
530 1020 795 1051 animadversionis
810 1027 943 1060 paternae
957 1026 1068 1058 metus,

182 1063 272 1093 amici
287 1063 428 1104 improbi,
447 1063 522 1093 servi
537 1063 655 1101 conscii,
673 1069 792 1104 tempus
807 1063 962 1101 idoneum,
986 1063 1070 1093 locus
1147 1069 1149 1094 ἲ

182 1112 352 1147 opportune
364 1112 468 1147 captus
484 1106 522 1136 ad
543 1116 610 1136 eam
622 1116 704 1136 rem:
729 1116 815 1147 paene
830 1106 940 1143 dicam,
957 1116 1071 1147 resper-

182 1159 229 1178 sas
250 1159 358 1179 manus
374 1149 520 1190 sanguine
532 1155 656 1189 paterno
665 1149 780 1188 judices
795 1149 926 1187 videant,
944 1154 1071 1190 oportet,

183 1192 207 1221 si
223 1198 343 1222 tantum
366 1192 494 1230 facinus,
508 1198 571 1222 tam
587 1192 731 1229 immane,
749 1198 811 1222 tam
828 1194 981 1228 acerbum,
1009 1202 1072 1222 cre-

181 1234 275 1265 ditari
287 1235 355 1265 sint.
381 1236 485 1273 Quare
499 1235 567 1273 hoc,
584 1246 645 1275 quo
665 1235 766 1265 minus
785 1241 828 1264 est
848 1235 998 1269 credibile,
1016 1234 1075 1264 nisi
1150 1234 1151 1271 Ϊ

182 1278 361 1317 ostenditur,
386 1288 420 1308 eo
445 1278 542 1319 magis
566 1285 620 1316 est,
646 1278 671 1309 si
695 1277 892 1317 convincitur,
918 1277 1073 1308 vindican-
1151 1279 1152 1285 ¹

183 1320 269 1350 dum.

226 1363 335 1394 XXV.
361 1364 480 1405 Itaque,
497 1375 567 1395 cum
583 1364 688 1395 multis
703 1374 740 1394 ex
761 1365 849 1394 rebus
870 1363 999 1404 intelligi
1016 1374 1071 1405 po-

181 1411 251 1443 test,
268 1408 397 1446 majores
407 1414 521 1437 nostros
538 1417 598 1437 non
614 1407 704 1437 modo
719 1407 810 1437 amnis
822 1407 890 1447 plus
906 1418 999 1447 quam
1015 1418 1072 1437 cae-

183 1454 260 1479 teras
284 1450 429 1487 nationes,
455 1460 560 1480 verum
587 1450 677 1480 etiam
702 1450 824 1480 consilio
852 1450 1069 1491 sapientiaque,

184 1493 336 1532 potuisse3
361 1499 427 1522 tum
451 1503 488 1522 ex
507 1493 562 1523 hac
585 1503 616 1522 re
634 1493 681 1523 vel
697 1493 841 1530 maxime,
869 1493 951 1533 quod
966 1493 997 1523 in
1013 1493 1072 1523 im-

183 1535 249 1575 pios
279 1535 430 1575 singulare
454 1536 637 1576 supplicium
663 1536 852 1566 invenerunt.
888 1536 960 1574 Qua
983 1536 1015 1565 in
1040 1546 1071 1566 re

183 1584 333 1617 quantum
349 1578 509 1618 prudenti&
525 1578 716 1618 proestiterint
732 1578 766 1608 iis
785 1578 838 1618 qui
854 1578 936 1619 apud
951 1584 1071 1609 caeteros

184 1621 396 1660 sapientissimi
417 1621 507 1651 fuisse
523 1621 675 1657 dicuntur,
700 1621 891 1651 considerate.
932 1621 1071 1652 Pruden-

183 1663 299 1693 tissima
320 1664 422 1694 civitas
438 1664 686 1700 Atheniensium,
710 1664 785 1693 dum
801 1675 835 1694 ea
854 1674 954 1695 rerum
976 1665 1071 1704 potita

183 1712 238 1744 est,
266 1707 357 1737 fuisse
377 1707 513 1736 traditur.
544 1707 622 1746 Ejus
652 1717 739 1747 porro
766 1707 893 1737 civitatis
917 1707 1073 1747 sapientis-

184 1749 295 1779 simum
313 1750 455 1780 Solonem
470 1750 575 1780 dicunt
589 1749 691 1787 fuisse,
714 1760 796 1787 eum,
813 1749 866 1790 qui
888 1750 979 1789 leges,
1004 1750 1072 1790 qui-

183 1793 239 1822 bus
251 1792 340 1822 hodie
355 1803 476 1833 quoque
491 1799 631 1829 utuntur,
648 1792 806 1833 scripserit.
846 1792 877 1822 Is
893 1802 962 1822 cum
979 1792 1072 1822 inter-

182 1841 347 1876 rogaretur,
379 1846 432 1866 cur
455 1836 576 1866 nullum
603 1835 787 1876 supplicium
815 1835 1015 1867 constituisset
1038 1835 1071 1865 in
