1181 1902
229 62 282 94 IN
304 61 501 94 VERREM
525 62 571 93 ΙΙ.
597 62 680 94 ΟΛΡ.
698 61 748 93 41.
873 62 933 94 193

38 147 159 186 lidonis,
182 158 276 190 quam
300 159 337 180 ex
360 150 467 190 populi
494 149 639 187 Romani,
666 148 830 180 voluntate.
855 147 933 186 Qui,

39 191 199 233 principio,
213 191 329 233 qualis
321 202 353 222 m
365 193 461 223 edicto
475 192 684 223 constituendo
695 191 797 231 fuerit,
810 201 935 232 cognos-

41 235 108 265 cite.

85 277 178 308 XLI.
202 278 238 308 P.
254 278 379 308 Annius
399 278 524 308 Asellus
545 283 684 308 mortuus
704 283 759 313 est,
780 277 815 308 C.
829 278 935 308 Sacer··

43 319 114 351 dote
128 326 263 361 praetore.
297 321 328 351 Is
343 331 414 351 cum
429 321 553 351 haberet
567 321 689 351 unicam
705 321 812 357 filiam,
836 330 935 361 neque

42 373 149 394 census
161 370 256 401 esset3
274 364 357 405 quod
372 374 442 394 eum
458 370 567 394 natura
582 364 769 399 hortabatur,
786 364 836 393 lex
849 363 936 393 nulla

43 406 234 448 prohibebat,
258 407 338 445 fecit,
362 413 397 437 ut
417 406 513 437 filiam
533 406 619 437 bonis
640 406 701 436 suis
722 406 872 436 haeredem
888 406 936 435 in-

43 449 188 480 stitueret.
222 450 329 480 Haeres
355 455 418 480 erat
443 450 514 480 filia.
550 449 714 479 Faciebant
737 449 841 479 onmia
863 459 935 479 cum

43 493 174 533 pupilla,
197 492 271 533 legis
290 492 427 534 aequitas,
451 493 591 523 voluntas
611 492 715 533 patris,
740 492 837 521 edicta
857 502 935 532 prae-

43 541 157 572 torum,
181 536 364 566 consuetudo
377 535 455 575 juris
475 536 551 575 ejus,
575 535 658 577 quod
679 540 741 566 erat
761 541 840 572 tum,
865 544 935 564 cum

42 578 169 609 Asellus
185 584 228 608 est
242 585 391 609 mortuus.

87 620 160 659 Iste,
183 628 293 662 praetor
322 622 507 662 designatus,
536 624 654 655 (utrum
684 621 868 659 admonitus,
896 630 936 650 an

43 669 187 702 tentatus,
204 675 255 702 an,
272 665 334 705 qua
349 671 392 695 est
408 665 462 695 iste
478 665 638 705 sagacitate
653 665 684 694 in
700 665 747 694 his
759 665 859 700 rebus,
873 663 937 694 sine

44 707 121 738 duce
132 708 207 745 ullo,
224 708 287 738 sine
301 708 410 745 indice,
426 709 595 749 pervenerit
611 708 649 738 ad
664 708 742 738 hanc
758 707 937 748 improbita-

44 755 118 789 tem,
142 750 260 781 nescio:
284 762 336 781 vos
360 757 480 781 tantum
500 751 633 781 hominis
653 750 811 780 audaciam
832 760 937 780 amen-

45 793 182 835 tiamque
202 794 382 834 cognoscite)
404 794 538 835 appellat
557 793 708 824 haeredem
725 793 762 823 L.
779 793 935 829 Annium,

46 837 102 877 qui
116 842 179 867 erat
193 837 349 867 institutus
364 837 530 867 secundum
546 837 662 872 filiam;
686 846 747 866 non
763 836 843 866 enim
860 836 938 865 mihi

45 880 255 921 persuadetur,
278 880 371 910 istum
393 882 430 910 ab
451 881 503 910 illo
518 880 602 920 prius
617 880 828 920 appellatumg
852 878 937 915 dicit,

47 933 78 953 se
92 933 179 963 posse
193 922 220 953 ei
235 922 403 953 condonare
418 923 514 953 edicto
528 923 735 952 haereditatem
748 933 757 957 ς
781 922 867 952 docet
882 921 938 951 ho-

45 966 173 1002 minem,
198 966 272 1006 quid
286 966 379 1007 possit
394 965 467 996 fieri.
496 966 548 996 Illi
568 967 648 995 bona
668 976 725 1003 res,
746 965 818 995 huic
833 965 939 995 vendi-

46 1008 127 1046 bilis,
141 1008 308 1039 videbatur.
342 1010 414 1047 Iste,
431 1009 550 1039 tametsi
566 1008 713 1049 singulari
733 1014 777 1038 est
797 1007 937 1046 audacia,

45 1057 148 1082 tamen
164 1051 202 1082 ad
214 1052 339 1092 pupillae
354 1058 483 1082 matrem
495 1052 711 1082 submittebat:
736 1051 870 1081 malebat
884 1061 940 1091 pe·

45 1095 168 1125 cuniam
183 1095 326 1136 accipere,
343 1105 381 1125 ne
396 1095 470 1136 quid
485 1095 556 1125 novi
570 1095 708 1132 ediceret,
722 1104 815 1135 quam
831 1099 866 1123 ut
880 1094 939 1124 hoe

45 1137 178 1168 edictum
194 1143 257 1168 tam
272 1138 448 1186 improbum
464 1144 493 1168 et
507 1138 712 1168 inhumanum
724 1137 937 1177 interponeret.

87 1181 229 1219 Tutores,
252 1181 412 1221 pecuniam
428 1181 548 1222 praetori
566 1181 590 1211 si
605 1181 732 1222 pupillae
746 1180 870 1210 nomine
885 1180 938 1210 de-

43 1222 168 1262 dissent,
190 1224 336 1264 grandem
358 1224 535 1265 praesertim,
560 1223 821 1272 quemadmodum
842 1223 873 1252 in
889 1233 938 1253 ra-

43 1267 157 1297 tionem
172 1267 359 1303 inducerent,
383 1267 642 1308 quemadmodum
659 1267 722 1297 sine
737 1266 871 1307 periculo
882 1276 938 1296 suo

43 1309 115 1340 dare
126 1316 258 1351 possent,
274 1320 335 1341 non
350 1310 511 1341 videbant:
536 1310 628 1340 simul
644 1316 672 1340 et
688 1310 781 1340 istum
797 1309 860 1339 fore
872 1314 937 1339 tam

43 1352 218 1394 improbum
239 1363 300 1384 non
318 1353 550 1383 arbitrabantur.
584 1354 671 1394 Saepe
691 1352 846 1393 appellati,
868 1362 937 1392 per-

42 1402 237 1437 negaverunt.
277 1396 351 1433 Iste,
368 1396 406 1426 ad
422 1397 581 1427 arbitrium
598 1397 673 1436 ejus,
690 1396 739 1426 cui
751 1395 938 1426 condona-rat

41 1438 248 1470 haereditatem
263 1445 397 1480 ereptam
415 1439 528 1477 liberis,
552 1450 646 1480 quam
663 1449 787 1479 aequum
802 1438 936 1468 edictum

42 1482 202 1523 scripserit,
218 1493 332 1524 quaeso,
349 1483 526 1523 cognoscite.
560 1486 582 1500 ‘⁶
596 1483 677 1513 Cum
693 1481 874 1521 intelligam,
890 1481 934 1511 le-

42 1535 112 1565 gem
128 1525 330 1556 Voconiam”.
355 1547 363 1555 .
388 1547 395 1554 .
419 1548 427 1556 .
452 1526 532 1564 Quis
547 1535 683 1566 unquam
701 1524 844 1560 crederet,
858 1524 938 1554 Ver-

43 1578 109 1598 rem
123 1569 288 1599 mulierum
304 1569 509 1599 adversarium
524 1569 665 1599 futurum
677 1570 691 1599 ’ἓ
714 1568 769 1597 An
793 1567 860 1597 ideo
881 1567 938 1597 ali-

44 1611 119 1651 quid
144 1617 247 1642 contra
272 1612 414 1642 mulieres
439 1612 520 1650 fecit,
550 1622 588 1642 ne
614 1617 713 1641 totum
738 1610 871 1641 edictum
899 1610 938 1640 ad

44 1653 219 1685 Chelidonis
231 1655 390 1685 arbitrium
406 1655 550 1696 scriptum
568 1655 737 1685 videretur.
729 1655 743 1676 ’θ
768 1653 938 1694 Cupiditati

42 1695 203 1727 hominum
220 1698 262 1728 ait
276 1708 306 1728 se
318 1697 462 1729 obviam'
454 1708 506 1729 ire.
539 1698 626 1736 Quid
640 1697 752 1738 potius,
768 1706 830 1727 non
817 1665 939 1726 pmodo

42 1738 90 1770 his
115 1741 313 1781 temporibus,
337 1741 389 1772 sed
414 1741 505 1772 etiam
531 1741 614 1783 apud
637 1741 768 1780 majores
794 1740 936 1770 nostros?

80 1783 200 1822 (Orat.)
217 1792 300 1816 vor..
319 1792 342 1814 1.
654 1793 670 1813 s
