1181 1902
192 151 284 184 PRO
307 151 474 185 ROSCIO
497 150 731 185 AMERINO.
757 150 840 182 CAP.
859 150 910 180 10.
955 148 996 178 45

107 243 143 268 ut
158 238 232 268 urbe
245 238 311 269 tota
326 239 413 269 fletus
428 238 620 279 gemitusque
642 238 735 268 fieret.
759 236 884 267 Etenim
901 233 1001 264 multa

106 280 199 310 simul
214 288 284 311 ante
299 282 400 312 oculos
413 283 626 312 versabantur:
651 291 732 311 mors
744 279 876 310 hominis
891 279 1001 308 floren-

106 323 225 361 tissimi,
252 325 321 354 Sex.
345 325 459 361 Roscii,
485 324 710 360 crudelissima3
736 323 791 352 filii
813 328 915 352 autem
935 321 999 359 ejus

106 373 218 406 egestas
229 367 458 416 indignissima·
476 368 536 404 cui,
548 368 585 397 de
596 372 679 397 tanto
691 365 884 407 patrimonio,
897 362 999 405 praedo

106 408 162 438 iste
180 409 311 440 nefarius
333 420 370 440 ne
390 411 445 441 iter
461 411 584 451 quidem
605 410 644 439 ad
669 410 841 449 sepulcrum
866 406 1000 448 patrium

107 451 297 499 reliquisset·
323 454 473 485 bonorum
486 453 578 484 emtio
593 453 752 493 flagitiosa,
769 451 917 491 flagitiosa
931 459 1002 489 pos-

107 494 208 532 sessio,
235 495 326 533 furta‚
355 496 479 536 raoinae,
505 496 689 526 donationes.
720 496 823 525 Nemo
847 499 921 530 erat,
947 491 1001 532 qui

107 547 169 567 non
185 538 288 568 ardere
303 540 406 569 omnia
421 540 537 576 mallet,
555 549 647 579 quam
660 538 783 568 videre
776 547 807 566 m
829 537 898 567 Sex.
922 535 1001 565 Ros-

108 580 157 617 cii,
174 580 230 610 viri
251 581 359 622 optimi
381 587 472 623 atque
494 581 707 620 honestissimi,
729 580 815 611 bonis
834 580 1001 619 jactantem

109 632 139 653 se
155 633 188 653 ac
204 623 412 654 dominantem
429 625 457 655 '1
461 647 468 654 .
487 625 642 654 Roscium.

151 666 260 707 Itaque
275 667 473 697 decurionum
489 668 643 698 decretum
656 667 757 698 statim
770 666 815 703 fit,
828 671 861 695 ut
871 665 1002 694 Decem-

107 708 199 757 primi
215 710 441 750 proficiscantur
456 711 494 740 ad
516 711 552 740 L.
571 711 701 747 Sullam,
718 710 903 749 doceantque
917 717 985 737 eum
979 727 1000 744 ,

108 751 162 792 qui
189 752 234 782 vir
257 754 327 783 Sex·
353 754 482 783 Roscius
503 753 616 789 fuerit:
641 758 863 793 conquerantur
879 751 916 781 de
931 750 1003 779 isto—

108 804 178 824 rum
200 796 309 826 scelere
333 803 361 826 et
383 797 523 835 injuriis;
548 802 644 833 orent,
670 802 705 825 ut
729 802 758 825 et
782 795 865 824 illius
890 791 1004 822 mortui

105 837 232 875 famam⁷
250 844 279 869 et
294 839 348 869 filii
364 839 530 869 innocentis
546 839 681 869 fortunas
704 843 892 869 conservatas
917 835 999 866 velit.

105 880 212 921 Atque
238 881 339 922 ipsum
365 882 530 920 decretum,
556 892 669 922 quaeso,
694 881 871 922 cognoscite.
918 880 997 913 (Dc-

107 927 225 953 cretum
246 926 469 963 ᾱιιῑιιὶοηιινη.)
494 925 624 965 Legati
617 935 648 954 m
664 931 760 955 castra
781 923 924 954 veniunt:
949 922 997 951 in-

106 966 264 1006 telligitur⁷
275 968 403 1007 judices,
416 968 458 1005 id,
473 968 573 1010 quod
562 978 627 1007 Jam
640 974 709 998 ante
721 967 797 1003 dixi,
808 965 1002 1006 imprudente

110 1008 149 1039 L.
177 1010 276 1048 Sulla,
293 1011 403 1041 scelera
423 1011 487 1041 haec
508 1017 539 1041 et
559 1011 674 1051 flagitia
690 1011 763 1041 fieri.
789 1010 874 1040 Nam
898 1008 1001 1038 statim

107 1052 323 1102 Chrysogonus
335 1060 364 1084 et
384 1055 447 1094 ipse
463 1054 501 1084 ad
516 1064 565 1084 eos
577 1054 701 1091 accedit,
718 1059 747 1083 et
762 1052 900 1083 homines
914 1050 1003 1080 nobi-

105 1095 148 1125 les
165 1096 297 1136 allegat
289 1097 336 1133 iis,
354 1097 407 1137 qui
422 1103 569 1137 peterent,
586 1107 623 1126 ne
636 1096 674 1127 ad
686 1096 806 1127 Sullam
821 1095 949 1132 adirent,
966 1098 996 1123 et

107 1139 211 1168 omnia
224 1120 482 1180 ‘'Chrysogonum,
509 1150 578 1182 quae
606 1139 728 1177 vellent,
756 1149 819 1169 esse
848 1137 1002 1168 facturum

106 1181 332 1222 pollicerentur.

151 1224 258 1265 Usque
276 1225 350 1255 adeo
365 1231 468 1256 autem
489 1225 540 1255 ille
556 1225 764 1266 pertimuerat,
780 1230 815 1255 ut
830 1223 909 1255 mori
923 1222 1003 1252 mal-

106 1266 159 1304 let⁷
176 1278 270 1308 quam
286 1268 323 1298 de
334 1268 381 1298 his
395 1270 483 1299 rebus
494 1269 613 1300 Sullam
626 1269 734 1298 doceri.
759 1268 910 1298 Homines
926 1266 1005 1295 anti-

108 1310 173 1350 qui,
190 1310 244 1351 qui
259 1321 296 1341 ex
320 1311 375 1341 sua
393 1312 503 1342 natura
525 1318 645 1343 caeteros
669 1312 827 1351 fingerent,
852 1320 921 1340 cum
950 1308 1003 1338 isse

109 1353 310 1391 confirmaret,
328 1365 389 1385 sese
408 1365 519 1385 nomen
543 1357 612 1385 Sex.
630 1354 733 1384 Roscii
754 1354 791 1384 de
813 1352 924 1383 tabulis
950 1362 1004 1381 ex-

110 1401 276 1435 emturum,
298 1397 412 1437 praedia
436 1408 531 1429 vacua
552 1397 615 1427 filio
637 1397 844 1433 traditurum3
869 1404 1002 1435 cumque

108 1437 140 1467 id
165 1438 208 1469 ita
233 1439 374 1470 futurum
399 1440 438 1471 T.
466 1441 594 1471 Roscius
620 1440 741 1481 Capito,
767 1440 821 1480 qui
841 1439 873 1469 in
898 1438 1003 1468 decem

110 1481 216 1521 legatis
245 1488 319 1520 erat,
356 1484 594 1524 appromitteret,
632 1483 842 1514 crediderunt:
877 1480 1004 1511 Ameri-

110 1533 171 1562 am,
199 1535 231 1555 re
255 1525 366 1556 inor-at
355 1539 384 1563 a,
411 1532 606 1557 reverterunt.
645 1527 696 1556 Ac
725 1525 825 1567 primo
852 1535 916 1555 rem
943 1523 1004 1553 dif-

110 1566 187 1597 ferre
213 1569 348 1609 quotidie
373 1579 407 1599 ac
433 1569 650 1609 procrastinare
672 1569 719 1598 illi
744 1574 916 1609 coeperunt:
952 1566 1004 1596 de-

110 1609 181 1640 inde
214 1611 371 1651 aliquanto
403 1612 525 1649 lentius,
557 1612 633 1642 nihil
663 1622 760 1652 agere,
795 1617 887 1651 atque
916 1609 1003 1639 delu-

109 1651 197 1683 dere:
222 1660 373 1702 postremo
395 1654 450 1692 (id,
471 1655 553 1696 quod
568 1655 654 1685 facile
675 1655 861 1684 intellectum
879 1659 934 1690 est)
955 1652 1003 1681 in-

109 1694 198 1726 sidias
223 1697 291 1727 vitae
314 1697 441 1736 hujusce
466 1700 535 1727 Sex.
556 1698 658 1728 Roscii
677 1708 793 1738 parare,
820 1707 919 1737 neque
937 1705 1000 1725 sese

111 1738 248 1769 arbitrari
259 1750 345 1780 posse
357 1740 470 1771 diutius
485 1741 615 1771 alienam
630 1740 803 1782 pecuniam,
816 1738 962 1770 domino
954 1747 1002 1768 111-

109 1781 233 1821 columi,
249 1783 392 1814 obtinere.

150 1823 192 1855 Χ.
217 1825 336 1865 Quod
328 1836 354 1857 1s
371 1826 463 1858 simul
477 1832 569 1869 atque
594 1826 698 1866 sensit,
712 1825 750 1858 de
766 1825 932 1858 amicorum
949 1833 998 1856 00-
