1181 1902
281 65 332 97 IN
358 65 555 98 VERREM
582 67 608 98 Ι.
634 66 718 98 ΟΑΡ.
740 67 770 102 7.
915 64 976 96 139

79 150 162 182 enim
177 151 241 193 agit
255 153 456 184 occultissime
466 158 490 192 t)
509 153 651 195 proponit
666 153 769 184 inania
787 151 865 183 mihi
885 151 973 182 nobi-

79 193 185 232 litatis,
201 195 258 226 hoc
273 202 329 234 est,
345 197 507 228 hominum
521 197 740 237 arrogantium,
756 195 898 230 nomina3
918 194 973 235 qui

79 245 141 267 non
164 244 228 268 tam
248 249 299 269 me
321 239 504 280 impediunt,
529 240 611 280 quod
634 239 750 270 nobiles
772 245 853 277 sunt,
877 247 973 279 quam

79 279 238 319 adjuvant,
255 282 338 323 quod
349 282 412 313 noti
427 288 507 312 sunt.
531 283 663 313 Simulat
676 293 706 312 se
717 292 822 312 eorum
834 280 974 322 praesidio

80 323 242 363 confidere,
265 335 336 356 cum
356 325 470 356 interea
489 325 573 356 aliud
592 325 739 366 quiddam
755 326 821 364 jam
837 324 891 354 diu
905 334 973 353 ma-

82 365 231 398 chinetur.

123 410 230 447 Quam
253 422 339 452 spem
364 421 447 442 nunc
471 410 582 442 habeat
607 412 640 442 in
663 411 817 449 manibus,
844 417 874 441 et
897 409 974 451 quid

78 452 234 490 moliatur,
251 455 380 485 breviter
392 456 468 494 jam,
483 455 610 494 judices,
624 465 792 496 exponam:
812 454 864 484 sed
875 454 972 494 prius,

78 501 114 525 ut
129 497 167 527 ab
182 497 268 527 initio
283 508 329 528 res
345 499 383 528 ab
404 509 440 528 eo
460 498 623 528 constituta
643 499 692 535 sit,
712 508 826 539 quaeso,
848 506 974 537 cognos-

78 538 145 568 cite.
181 540 225 570 Ut
251 541 387 581 primuni
411 551 428 572 e
452 541 609 582 provincia¹
632 541 732 578 rediit,
759 540 905 571 redemtio
929 544 974 569 est

78 579 173 621 hujus
195 583 303 622 judicii
325 584 405 615 facta
426 584 535 625 grandi
558 584 697 626 pecunia.
731 584 780 615 Ea
803 582 916 613 mansit
938 581 972 611 in

78 625 250 657 conditione
269 633 360 668 atque
383 633 472 668 pacto
494 638 591 669 usque
613 628 651 658 ad
673 638 745 658 eum
768 626 872 662 finem,
896 625 973 656 dum

74 667 193 708 judices
217 670 319 709 rejecti
343 677 423 701 sunt.
458 670 662 712 Posteaquam
688 669 807 710 rejectio
830 669 973 709 judicum

76 711 158 742 facta
173 718 236 748 est;
262 713 344 754 quod
360 720 399 752 et,
421 714 453 744 in
469 714 634 752 sortitione,
649 714 736 744 istius
751 723 836 754 spem
851 712 974 746 fortuna

74 755 182 796 populi
197 756 344 794 Romani,
357 763 397 794 et,
414 757 445 787 in
460 757 629 796 rejiciendis
641 757 807 796 judicibus,
823 766 892 786 mea
902 754 973 785 dili-

75 798 179 838 gentia
193 798 322 829 istorum
336 800 572 840 impudentiam,
588 800 719 836 vicerat;
743 798 915 830 renuntiata
930 803 975 828 est

76 846 140 871 tota
155 842 323 873 conductio.
352 843 500 873 Praeclare
515 854 546 874 se
560 854 607 874 res
622 843 762 874 habebat.
790 842 904 873 Libelli
919 851 974 872 no-

76 885 199 915 minum
225 891 404 923 vestrorum,
432 886 610 927 consiliique
634 886 738 926 hujus,
769 886 802 916 in
830 885 975 915 manibus

78 934 164 958 erant
176 928 326 958 omnium.
343 929 441 959 Nulla
450 936 533 967 nota,
546 930 651 959 nuHus
663 930 755 967 color,
767 929 861 959 nullae
873 928 974 959 sordes

78 971 261 1002 videbantur
281 972 328 1002 his
350 973 505 1003 sententiis
525 973 611 1002 affini
630 983 735 1014 posse:
760 982 832 1003 cum
852 972 908 1002 iste
928 981 975 1001 re-

78 1021 180 1055 pente,
205 1025 242 1045 ex
265 1015 356 1045 alacri
377 1021 470 1057 atque
491 1016 573 1053 laeto,
589 1016 639 1046 -sic
659 1022 722 1046 erat
741 1015 867 1046 humilis
882 1021 975 1055 atque

79 1057 239 1096 demissus,
256 1065 291 1088 ut
311 1068 373 1089 non
393 1058 486 1089 modo
505 1059 620 1099 populo
639 1059 793 1096 Romano,
815 1058 867 1089 sed
882 1058 975 1088 etiam

78 1101 136 1131 sibi
158 1101 233 1142 ipse,
258 1101 476 1132 condemnatus
499 1102 660 1132 videretur.
698 1103 779 1133 Ecce
802 1108 905 1131 autem
927 1112 975 1131 re-

78 1151 181 1184 pente,
197 1144 243 1175 his
259 1144 366 1175 diebus
381 1145 496 1185 paucis,
512 1145 641 1176 comitiis
656 1145 864 1176 consularibus
875 1144 974 1182 factis,

80 1187 186 1217 eadem
197 1187 251 1217 illa
262 1194 362 1218 vetera
374 1189 498 1218 consilia
508 1189 639 1229 pecunia
650 1190 765 1228 majore
777 1194 973 1230 repetuntur;

80 1230 256 1272 eaedemque
271 1237 376 1261 vestrae
391 1231 482 1262 famae
497 1232 688 1272 fortunisque
702 1232 841 1261 omnium
859 1230 977 1261 insidiae

79 1284 134 1315 per
149 1274 270 1305 eosdem
284 1274 423 1305 homines
442 1281 665 1316 comparantur.
699 1275 779 1312 Quae
797 1285 844 1305 res
863 1274 976 1315 primo,

77 1317 207 1357 judices,
228 1317 368 1358 pertenui
392 1318 478 1348 nobis
499 1324 679 1358 argumento
699 1318 871 1358 indicioque
891 1323 976 1358 pate-

80 1360 160 1391 facta
179 1367 241 1391 est:
266 1367 346 1401 post,
370 1367 474 1402 aperto
495 1361 672 1402 suspicionis
693 1361 830 1398 introitu,
852 1360 891 1390 ad
910 1371 977 1391 om-

78 1404 131 1434 nia
150 1404 260 1434 intima
279 1403 407 1434 istorum
427 1405 552 1435 consilia
575 1404 640 1435 sine
663 1405 728 1435 ullo
751 1414 849 1435 errore
869 1414 976 1445 perve-

82 1447 196 1478 nimus.
595 1478 605 1487 Ι

125 1490 205 1521 VII.
226 1491 323 1529 Nam,
339 1497 375 1521 ut
391 1491 585 1530 Hortensius,
601 1492 707 1523 consul
722 1491 907 1532 designatus,
924 1491 979 1522 do-

80 1544 171 1564 mum
185 1534 385 1565 reducebatur
400 1546 416 1565 e
432 1535 563 1576 Campo,
576 1546 647 1566 cum
658 1534 795 1565 maxima
806 1535 979 1575 frequentia

81 1587 117 1608 ac
137 1577 355 1614 multitudine;
384 1578 419 1608 fit
441 1579 563 1609 obviam
585 1589 656 1609 casu
680 1578 707 1609 ei
728 1578 920 1608 multitudini
941 1578 979 1608 C.

83 1620 200 1657 Curi03
229 1631 322 1661 quern
346 1631 402 1661 ego
424 1621 594 1660 hominem,
616 1621 739 1652 honoris
761 1621 861 1663 potius
884 1632 980 1662 quam

82 1664 276 1694 contumeliae
292 1665 395 1701 causa,
411 1665 606 1695 nominatum
621 1665 699 1696 volo.
732 1665 859 1695 Etenim
880 1675 915 1694 ea
935 1665 982 1694 di-

82 1717 163 1744 cam,
180 1718 250 1748 quae
264 1707 328 1746 ille,
345 1708 371 1738 si
386 1709 617 1739 commemorari
632 1709 788 1746 noluisset,
805 1717 878 1745 non,
894 1714 980 1738 tanto

82 1750 116 1780 in
141 1756 304 1790 conventu,
329 1757 395 1783 tam
418 1757 521 1794 aperte
544 1752 710 1794 palamque
738 1751 883 1782 dixisset:
914 1761 983 1793 quae
