1181 1902
270 76 320 106 IN
345 76 540 108 VERREM
566 76 626 108 lv.
649 76 734 107 CM».
752 77 803 105 68.
921 73 984 104 355

139 161 302 192 LXVIII.
327 162 438 203 Neque
453 173 509 204 ego
524 163 618 202 hujus
632 162 764 203 fugitivi,
779 161 907 201 judices,
921 160 985 208 epi-

93 204 204 234 stolam
219 205 303 235 vobis
318 206 501 243 recitassem,
518 206 576 236 nisi
591 212 626 236 ut
642 216 679 236 ex
698 206 734 236 ea
749 205 840 235 totius
858 204 984 252 familiae

92 253 252 287 praecepta,
274 255 303 278 et
325 248 474 285 instituta,
496 255 526 279 et
548 249 738 289 disciplinam
758 253 982 287 cognosceretis.

94 289 223 327 Videtis,
241 297 275 321 ut
290 298 412 321 moneat
426 292 614 332 Apronium,
632 292 743 332 quibus
760 293 848 321 rebus
864 301 898 320 ac
914 300 984 319 mu-

92 333 214 363 neribus
229 333 361 364 insinuet
369 334 401 364 in
417 334 653 364 familiaritatem
670 334 802 370 Metelli,
821 333 982 363 Vulteium

91 383 278 416 corrumpat,
310 377 419 408 scribas
448 387 669 418 accensumque
698 377 794 418 pretio
824 377 955 406 deleniat
969 377 982 406 :³

93 418 142 448 Ea
164 419 310 460 praecipit,
336 431 405 460 quae
428 420 522 450 vidit:
548 431 583 450 ea
603 426 706 450 monet
727 420 861 450 alienum
884 419 984 449 homi-

92 470 176 497 nem,
189 473 258 502 quae
273 462 356 492 domi
367 463 472 493 didicit
481 464 554 504 ipse.
578 463 696 493 Verum
710 463 740 492 in
753 463 809 492 hoc
821 469 898 492 errat
910 472 983 498 uno,

92 504 176 544 quod
191 505 311 535 easdem
335 506 488 536 existimat
503 506 566 536 vias
581 506 620 536 ad
635 506 775 536 omnium
796 505 986 535 familiarita-

93 552 137 577 tes
152 558 214 577 esse
229 549 372 579 munitas.

136 590 336 632 Quamquam
362 592 470 622 merito
500 603 569 623 sum
595 592 689 622 iratus
714 592 855 629 Metello,
882 598 985 622 tamen

92 632 168 670 haec,
181 644 251 674 quae
267 644 338 664 vera
353 641 434 671 sunt,
451 635 560 666 dicam.
585 635 743 676 Apronius
753 636 853 675 ipsum
871 635 986 664 Metel-

91 675 158 706 lum
174 686 234 706 non
250 678 358 717 pretio,
382 685 417 708 ut
434 678 574 715 Verrem,
592 688 652 709 non
669 678 817 715 convivio,
839 688 899 708 non
916 687 986 707 mu-

91 718 174 756 liere,
190 729 251 749 non
274 730 412 751 sermone
430 720 582 763 [incauto]
606 728 697 762 atque
712 721 862 762 improbo,
886 727 987 763 posset

91 771 305 803 corrumpere;
330 764 442 804 quibus
459 766 549 795 rebus
564 774 625 795 non
640 765 751 795 sensim
773 772 865 805 atque
880 764 986 794 mode-

90 811 154 835 rate
176 805 214 835 ad
233 805 320 836 istius
342 807 506 837 amicitiam
528 814 704 848 arrepserat,
729 807 781 838 sed
803 807 886 838 brevi
909 813 984 837 tem-

90 858 163 888 pore
178 854 277 879 totum
293 849 460 887 hominem,
478 857 634 892 totamque
649 852 714 890 ejus
729 857 905 891 praeturam,
918 860 988 891 pos—

90 891 216 921 sederat.
241 892 405 922 Cohortem
418 900 521 924 autem
538 893 670 931 Metelli,
687 905 781 935 quam
797 900 894 929 vocat,
911 893 986 934 quid

91 940 165 971 erat,
182 935 264 975 quod
279 943 495 976 corrumperet,
520 947 558 967 ex
581 937 644 978 qua
664 944 886 978 recuperatores
909 937 988 966 nulli

90 976 267 1008 dabantur?
292 979 389 1016 Nam,
415 980 497 1020 quod
516 980 629 1017 scribit,
655 980 777 1013 Metelli
796 980 894 1011 filium
911 990 988 1021 pue-

90 1029 160 1049 rum
185 1031 258 1057 esse,
282 1022 474 1052 vehementer
500 1030 600 1053 errat:
626 1033 687 1053 non
712 1024 793 1053 enim
818 1024 857 1053 ad
881 1033 987 1054 omnes

90 1069 255 1102 praetorum
279 1064 356 1095 filios
376 1065 469 1095 iidem
492 1066 592 1096 aditus
615 1073 695 1096 sunt.
720 1067 750 1097 O
775 1066 986 1104 Timarchide,

90 1105 212 1136 Metelli
228 1114 272 1137 est
287 1107 367 1138 filius
383 1108 412 1138 in
430 1109 596 1149 provincia,
613 1119 673 1139 non
691 1120 777 1151 puer,
799 1110 851 1140 sed
866 1109 983 1140 adoles-

89 1158 159 1179 cens
179 1151 276 1180 bonus
297 1161 332 1181 ac
353 1151 482 1192 pudens,
505 1152 616 1193 dignus
635 1153 689 1183 illo
708 1153 773 1184 loco
795 1164 829 1184 ac
847 1153 980 1184 nomine.

90 1191 200 1222 Vester
226 1193 277 1223 ille
297 1205 373 1234 puer
393 1202 589 1235 praetextatus
609 1196 640 1226 in
662 1196 816 1236 provincia
838 1196 987 1237 quemad-

88 1235 217 1266 modum
232 1236 348 1275 fuisset,
365 1247 426 1267 non
442 1238 584 1276 dicerem,
601 1239 626 1269 si
640 1240 727 1280 pueri
742 1250 804 1270 esse
820 1240 906 1270 inam
921 1241 987 1270 cul-

88 1287 173 1318 pam,
191 1289 225 1309 ae
240 1289 301 1309 non
322 1281 427 1321 patris,
444 1282 660 1312 existimarem.
683 1283 788 1321 Tune,
810 1293 881 1313 cum
902 1289 932 1313 te
952 1294 989 1314 ac

89 1327 176 1351 tuam
189 1322 282 1352 vitam
299 1326 412 1361 ndsses,
429 1324 461 1354 in
478 1325 612 1355 Siciliam
629 1332 729 1356 tecum
746 1326 893 1367 grandem
908 1337 987 1367 prae-

89 1369 240 1395 textatum
253 1366 352 1396 filium
365 1367 495 1398 ducebas
507 1370 520 1398 P
544 1374 591 1406 ut,
604 1368 721 1399 etiamsi
731 1376 840 1400 natura
855 1380 987 1411 puerum

89 1417 108 1436 a
122 1408 256 1448 paternis
272 1409 350 1440 vitiis
363 1417 455 1451 atque
470 1421 488 1440 a
508 1411 625 1451 generis
641 1412 841 1443 similitudine
855 1413 988 1444 abduce-

89 1457 146 1487 ret,
163 1453 348 1483 consuetudo
369 1459 471 1483 tamen
493 1464 564 1484 eum
580 1461 609 1484 et
630 1454 791 1496 disciplina
804 1456 988 1497 degenerare

89 1502 151 1523 non
167 1493 304 1526 sineret?
329 1496 391 1527 Fac
412 1497 495 1527 enim
516 1497 609 1528 fuisse
628 1498 659 1528 in
681 1499 738 1528 isto
761 1500 798 1529 U.
817 1499 918 1537 Laelii,
936 1500 986 1530 Μ.

90 1536 226 1575 Catonis,
248 1539 406 1569 materiem
427 1546 520 1580 atque
534 1541 688 1571 indolem:
714 1542 789 1582 quid
805 1553 843 1573 ex
864 1553 898 1573 eo
913 1543 985 1573 boni

90 1581 202 1620 sperari
222 1586 314 1622 atque
335 1582 412 1613 effici
432 1590 540 1623 potest,
557 1584 611 1624 qui
635 1584 666 1617 in
687 1586 781 1626 patris
802 1586 924 1617 luxurie
946 1586 988 1617 sic

89 1622 209 1661 vixerit,
227 1630 262 1654 ut
277 1625 398 1655 nullum
415 1636 554 1667 unquam
570 1627 717 1667 pudicum
735 1638 835 1669 neque
850 1629 985 1660 sobrium

90 1666 265 1697 convivium
281 1668 414 1700 viderit?
438 1669 491 1710 qui
507 1670 538 1699 in
555 1671 652 1711 epulis
671 1672 866 1712 quotidianis,
884 1671 990 1704 adulta

90 1714 190 1747 aetate,
216 1720 271 1751 per
292 1711 471 1750 triennium,
495 1712 574 1743 inter
597 1713 768 1755 impudicas
790 1715 935 1746 mulieres
957 1721 988 1747 et

89 1751 327 1795 intemperantes
350 1755 440 1793 viros,
468 1762 602 1788 versatus
625 1757 680 1794 sit;
704 1758 782 1789 nihil
804 1768 945 1800 unquam
964 1770 984 1790 a
