1181 1902
213 70 276 99 424
400 70 451 101 IN
476 69 673 101 VERREM
697 70 739 102 V.
763 69 847 101 CAP.
871 69 924 101 40.

212 154 268 184 Dii
282 155 488 186 immortales!
513 166 607 197 quam
619 156 782 186 audacter!
807 166 901 197 quam
916 155 1099 186 libidinose!

213 208 306 238 quam
327 198 542 239 impudenter!
573 199 716 229 Audistis
742 209 839 239 nuper
866 199 963 229 dicere
986 199 1102 238 legatos

213 240 449 280 Tyndaritanos,
475 241 614 272 homines
634 242 870 278 honestissimos,
891 252 924 271 ac
950 241 1102 281 principes

212 283 351 321 civitatis,
378 285 581 321 Mercurium,
599 284 653 325 qui
672 285 761 314 sacris
785 284 993 314 anniversariis
1020 283 1103 324 apud

214 336 275 363 eos,
292 337 326 356 ac
351 328 473 357 summit
488 327 643 368 religione,
660 328 815 365 coleretur,
839 338 931 368 quem
957 327 993 356 P.
1015 326 1105 356 Afri-

213 379 317 407 canus,
342 370 527 410 Carthagine
550 370 649 411 capta,
674 370 903 410 Tyndaritanis,
920 379 981 399 non
1005 369 1106 399 solum

215 422 277 442 suae
302 413 444 450 victoriae,
470 413 521 443 sed
537 413 628 443 etiam
652 413 775 443 illorum
796 413 866 443 fidei
885 412 1104 452 societatisque,

214 455 440 485 monimentum
463 462 555 496 atque
583 456 730 486 indicium
760 456 909 491 dedissem
943 455 1035 494 hujus
1063 454 1104 491 vi,

215 498 334 534 scelere,
348 498 547 539 imperioque,
564 510 626 529 esse
642 499 817 529 sublatum:
843 498 907 539 qui,
924 503 959 527 ut
970 497 1107 537 primum

215 540 247 570 in
268 541 346 571 illud
369 541 517 582 oppidum
539 542 631 579 venit,
657 541 771 579 statim,
796 547 955 582 tamquam
976 540 1019 570 ita
1043 539 1107 569 fieri

216 593 277 613 non
298 584 397 614 solum
418 590 579 624 oporteret,
596 584 647 614 sed
671 585 762 614 etiam
783 594 901 614 necesse
916 589 1003 619 esset,
1029 588 1108 612 tam-

216 636 310 667 quam
325 627 382 657 hoc
397 634 518 658 senatus
534 628 716 665 mandasset,
734 627 926 667 populusque
947 627 1108 656 Romanus

215 669 374 708 jussisset;
398 670 441 700 ita
465 671 619 708 continuo,
638 670 759 710 signum
784 676 818 699 ut
834 669 1063 705 demolirentur,
1080 673 1110 698 et

217 712 396 742 ⁴Messanam
422 713 625 753 deportarent,
645 712 814 753 imperavit.
841 712 934 750 Quod
950 721 1020 742 cum
1037 711 1108 748 illis,

217 755 271 795 qui
295 755 430 794 aderant,
452 756 626 796 indignum,
649 756 702 796 qui
726 755 900 791 audiebant,
924 753 1110 792 incredibile,

218 797 392 834 videretur3
416 808 477 828 non
494 804 537 828 est
555 800 592 828 ab
609 798 677 836 isto,
699 798 799 838 primo
814 798 866 827 illo
882 797 1025 833 adventu,
1041 807 1111 836 per-

219 847 398 870 severatum.
438 841 605 871 Discedens
637 840 764 871 mandat
793 850 939 880 proagoro
969 840 1108 879 Sopatro,

218 883 305 921 cujus
321 885 411 913 verba
426 884 564 921 audistis,
581 890 616 914 ut
630 883 821 914 demoliatur.
846 883 927 913 Cum
949 888 1108 919 recusaret,

218 926 412 956 vehementer
434 927 589 957 minatur:
614 927 658 956 ita
677 932 744 956 tum
771 936 808 956 ex
829 926 882 955 illo
904 925 1017 965 oppido
1041 935 1111 965 pro-

219 969 370 999 ficiscitur.
396 970 568 1010 Proagorus
583 969 673 999 refert
694 979 758 999 rem
774 969 813 998 ad
838 975 996 998 senatum:
1021 967 1112 998 vehe-

219 1018 337 1042 menter
353 1012 489 1053 undique
504 1013 693 1043 reclamatur.
719 1012 769 1042 Ne
784 1012 883 1041 multa
897 1023 904 1041 ε
930 1011 1040 1041 iterum
1056 1010 1111 1040 iste

220 1054 377 1095 aliquanto
400 1061 468 1096 post
483 1055 522 1085 ad
547 1056 615 1086 illos
641 1055 742 1085 venit:
775 1054 884 1095 quaerit
908 1054 1051 1084 continuo
1075 1053 1113 1082 de

219 1097 315 1137 signo.
349 1098 569 1146 Respondetur
588 1098 626 1136 ei,
658 1103 797 1128 senatum
824 1107 884 1126 non
915 1096 1108 1137 permittere:

218 1150 341 1181 poenam
356 1141 461 1181 capitis
477 1141 683 1178 constitutam,
698 1140 733 1177 si,
750 1140 868 1179 injussu
885 1141 1015 1177 senatus,
1029 1138 1113 1179 quis-

220 1194 315 1224 quam
331 1184 495 1224 attigisset:
521 1183 1003 1223 simulreligiocommemoratur.
1027 1181 1113 1211 Tum

220 1226 294 1256 iste:
321 1229 342 1244 ‘⁶
356 1226 461 1264 Quam
485 1226 563 1257 mihi
580 1225 755 1266 religionem
779 1227 909 1256 narras?
933 1235 1027 1265 quam
1050 1235 1114 1265 poe-

221 1279 293 1299 nam
308 1271 321 1300 ?
353 1280 446 1310 quem
471 1275 609 1300 senatum
623 1271 637 1299 ?
661 1269 778 1299 Vivum
795 1274 824 1298 te
840 1278 900 1298 non
919 1268 1088 1308 relinquam
1105 1279 1113 1297 :

221 1312 351 1342 moriere
388 1312 490 1353 virgis,
530 1313 587 1342 nisi
621 1312 743 1352 signum
783 1311 944 1341 traditur.”
990 1312 1117 1351 Sopater

223 1355 336 1384 iterum
361 1355 435 1385 flens
458 1355 496 1385 ad
515 1360 654 1385 senatum
670 1354 787 1384 defert:
812 1354 899 1384 istius
919 1353 1116 1394 cupiditatem

224 1398 383 1438 minasque
413 1398 608 1428 demonstrat.
633 1398 762 1428 Senatus
788 1398 915 1437 Sopatro
939 1406 1117 1436 responsum

227 1441 350 1470 nullum
370 1440 432 1477 dat,
455 1441 506 1471 sed
527 1446 696 1471 commotus
714 1442 968 1480 perturbatusque
983 1438 1117 1469 discedit.

226 1484 296 1521 Ille,
322 1484 457 1523 praetoris
487 1484 643 1514 arcessitus
670 1483 789 1521 nuntio,
817 1492 881 1513 rem
907 1482 1115 1512 demonstrat:

228 1532 321 1566 negat
336 1527 399 1556 ullo
410 1526 501 1556 modo
516 1527 579 1557 fieri
595 1537 690 1567 posse.

270 1569 342 1598 XL.
366 1569 473 1609 Atque
500 1570 564 1599 haec
590 1570 680 1603 (nihil
710 1569 791 1599 enim
821 1567 1116 1608 praetermittendum

226 1611 264 1641 de
284 1612 370 1641 istius
385 1611 576 1652 impudentia
592 1613 722 1649 videtur)
739 1613 906 1659 agebantur
920 1611 951 1640 in
967 1616 1116 1640 conventu

228 1655 343 1695 palam,
369 1654 406 1684 de
432 1655 516 1692 5011ι,
539 1666 573 1685 ac
594 1655 631 1685 de
653 1655 718 1685 loco
742 1654 902 1695 superiore.
926 1653 1003 1683 Erat
1019 1653 1117 1683 hiems

226 1707 363 1735 summa,
380 1703 542 1738 tempestas
565 1703 613 1732 (ut
637 1698 739 1739 ipsum
751 1699 928 1746 Sopatrum
943 1696 1040 1727 dicere
1064 1706 1119 1726 au-

232 1739 334 1779 distis)
349 1740 533 1782 perfrigida.
559 1741 657 1772 imber
675 1740 851 1777 maximus3
868 1749 939 1771 cum
954 1739 1009 1770 iste
1026 1738 1122 1780 impe-
