1181 1902
239 110 290 142 IN
315 110 513 142 VERREM
544 111 610 141 111.
634 110 718 141 CAP.
735 112 788 142 60.
897 113 961 143 ‘269

113 196 254 228 Primum
270 197 374 238 igitur,
393 198 425 227 in
446 196 524 227 hanc
545 207 621 234 rem,
639 202 744 227 testem
767 203 862 228 totam
884 198 960 228 Sici«

69 239 143 270 liam
159 240 275 276 citab03
300 251 369 281 quae
384 240 461 270 mihi
476 240 539 270 unit
549 250 631 276 voce,
645 246 814 270 statuarum
827 241 961 278 nomine,

69 293 215 323 magnam
231 283 390 324 pecuniam
406 293 460 324 per
471 283 534 312 vim
545 289 677 313 coactam
692 293 753 313 esse
765 284 960 314 demonstrat.

70 326 156 356 Nam
185 326 349 366 legationes
379 326 517 355 omnium
548 326 703 356 civitatum
735 327 766 356 in
802 327 962 367 postulatis

69 369 294 405 communibus,
319 379 389 409 quae
412 368 474 399 fere
498 369 601 398 onmia
617 379 653 399 ex
675 369 734 398 tuis
755 369 874 408 injuriis
890 376 962 400 nata

69 418 151 449 sunt,
171 412 262 442 etiam
282 412 339 442 hoc
354 411 524 448 ediderunt,
553 414 575 429 “
589 417 623 441 ut
642 418 756 441 statuas
771 422 809 442 ne
825 413 885 451 cui,
902 413 961 443 nisi

68 465 138 485 cum
150 455 176 485 is
191 455 228 485 de
243 455 396 496 provincia
408 455 589 491 decessisset,
605 455 852 495 pollicerentur.”

111 498 184 529 LX.
209 498 272 528 Tot
292 504 432 538 praetores
448 498 479 527 in
496 497 599 528 Sicilia
614 498 753 528 fuerunt:
779 498 865 528 toties
877 499 961 539 apud

67 542 198 581 majores
219 548 335 571 nostres
357 541 451 571 Siculi
466 548 605 570 senatum
622 541 776 571 adierunt:
802 541 888 571 toties
904 542 961 572 hac

67 584 234 614 memoria:
259 590 361 614 tamen
374 584 500 623 hujusce
516 584 587 613 novi
599 584 743 624 postulati
755 594 851 624 genus
867 591 960 625 atque

66 627 251 668 principium
271 633 324 657 tua
343 634 475 668 praetura
491 627 601 656 attulit.
627 626 713 664 Quid
729 627 810 656 enim
827 634 890 657 tam
906 638 961 657 no-

67 680 153 708 vum‚
175 680 236 701 non
260 671 360 701 solum
384 680 427 707 re,
453 670 504 700 sed.
534 680 643 710 genere
669 670 734 710 ipso
762 671 960 710 postulandi?

68 713 153 744 Nam
170 719 288 751 caetera,
305 724 374 754 quae
390 720 461 743 sunt
475 713 507 742 in
523 713 629 743 iisdem
646 713 804 754 postulatis
820 713 857 743 de
878 714 961 753 inju-

66 757 118 787 riis
134 757 205 794 tuis,
223 764 294 787 sunt
309 767 387 787 nova
402 768 411 793 ς
430 756 481 786 sed
497 763 598 786 tamen
615 766 675 786 non
691 766 769 786 novo
786 757 877 787 modo
893 767 963 797 pos-

66 800 214 830 tulantur.
242 800 366 840 Rogant
379 807 408 830 et
426 806 513 830 orant
531 800 626 830 Siculi
646 805 746 840 patres
764 800 958 840 conscriptos,

66 849 102 873 ut
121 843 215 873 nostri
235 843 430 883 magistratus
450 843 574 883 posthac
595 843 738 873 decumas
758 843 824 883 lege
850 843 961 873 Hiero-

65 886 135 916 nica
149 886 290 917 vendant.
319 886 369 916 Tu
387 886 504 927 primus
520 892 623 916 contra
639 885 833 916 vendideras:
859 886 960 917 audio.

67 930 129 967 Ne,
146 929 178 959 in
195 930 303 960 cellam
319 930 402 970 qucd
417 930 596 970 imperatur,
613 930 778 959 aestiment:
804 929 860 960 hoc
884 940 960 970 quo⁴

66 983 138 1014 que,
165 979 288 1014 propter
312 979 379 1003 tuos
403 979 502 1002 ternos
532 972 680 1008 denarios,
712 982 794 1002 nunc
823 973 960 1013 primum

64 1016 252 1057 postulatur:
270 1015 320 1047 sed
330 1026 426 1056 genus
435 1016 516 1045 istud
526 1015 700 1056 postulandi
709 1025 769 1045 non
781 1022 824 1045 est
833 1026 960 1046 novum.

66 1059 119 1090 Ne
134 1059 264 1089 absentis
277 1069 387 1089 nomen
401 1059 578 1099 recipiatur:
604 1070 641 1089 ex
655 1059 773 1088 Stheni}
786 1059 958 1090 calamitate

64 1109 94 1133 et
109 1102 163 1132 tua
179 1108 284 1132 natum
299 1108 342 1132 est
353 1101 474 1141 injuria.
499 1102 616 1132 Caetera
627 1112 688 1132 non
701 1102 853 1142 colligam.
878 1103 958 1133 Sunt

64 1145 168 1176 omnia
183 1146 354 1176 Siculorum
371 1145 523 1186 postulata
538 1145 699 1184 ejusmodi,
713 1151 747 1174 ut
758 1145 885 1175 crimina
897 1146 959 1176 col-

62 1189 140 1219 lecta
162 1189 193 1218 in
209 1199 308 1218 unum
329 1195 358 1218 te
378 1199 465 1219 reum
487 1199 548 1218 esse
564 1189 741 1219 videantur:
767 1199 836 1229 quae
854 1195 958 1219 tamen

62 1232 167 1263 omnia
187 1242 280 1262 novas
295 1231 422 1271 injurias
437 1231 562 1269 habent,
575 1232 627 1262 sed
641 1232 883 1273 postulationum
895 1232 958 1262 for-

62 1275 163 1306 mulas
179 1275 312 1305 usitatas.

105 1319 177 1349 Hoc
199 1318 387 1359 postulatum
408 1318 445 1348 de
465 1319 571 1348 statuis
594 1318 758 1348 ridiculum
779 1329 842 1348 esse
856 1317 960 1349 videa-

62 1368 114 1393 tur
134 1362 173 1400 ei,
190 1362 243 1402 qui
265 1372 331 1392 rem
352 1362 595 1402 sententiamque
610 1371 669 1392 non
687 1362 856 1402 perspiciat.
881 1362 958 1392 Pos-

63 1405 164 1436 tulant
185 1405 278 1442 enim,
300 1415 373 1443 non,
394 1405 440 1435 uti
459 1415 497 1435 ne
517 1411 664 1445 cogantur
689 1411 830 1435 statuere.
869 1405 957 1443 Quid

63 1448 179 1490 igitur?
202 1454 238 1478 ut
252 1448 324 1489 ipsis
340 1459 378 1478 ne
392 1448 489 1479 liceat.
514 1448 600 1486 Quid
610 1454 653 1478 est
668 1448 746 1478 hoc?
769 1448 846 1488 petis
861 1459 879 1478 a
894 1459 956 1485 me,

63 1491 146 1533 quod
160 1491 193 1521 in
209 1491 262 1521 tua
277 1498 423 1533 potestate
439 1498 493 1528 est,
510 1498 545 1521 ut
560 1491 591 1520 id
604 1491 659 1521 tibi
671 1491 767 1521 facere
777 1501 837 1521 non
847 1491 957 1521 liceat?

64 1535 139 1565 Pete
154 1535 266 1576 potius,
284 1545 322 1565 ne
338 1535 406 1576 quis
427 1540 456 1564 te
475 1535 607 1564 invitum
628 1535 763 1575 pollice-ri
785 1540 838 1564 aut
860 1534 958 1565 facere

61 1584 158 1627 cogat.
183 1578 272 1608 Nihil
287 1589 369 1619 ergo,
385 1578 502 1619 inquit:
531 1567 687 1618 negabunt
708 1578 790 1608 enim
805 1588 909 1608 omnes
926 1588 958 1608 se

62 1621 202 1662 coegisse.
226 1621 259 1652 Si
274 1632 324 1652 me
340 1622 458 1651 salvum
475 1631 536 1651 esse
551 1621 607 1658 vis,
624 1621 701 1650 mihi
721 1621 845 1661 impone
865 1621 956 1651 istam

62 1665 137 1702 vim,
160 1671 195 1694 ut
219 1665 344 1695 omnino
368 1664 444 1694 mihi
468 1674 530 1694 non
551 1664 639 1694 liceat
660 1664 804 1705 polliceri.
828 1664 880 1694 Ex
901 1664 957 1694 tua

62 1708 195 1749 praetura
209 1708 346 1749 primum
362 1714 433 1737 nata
449 1714 493 1738 est
507 1708 572 1738 haee
592 1708 776 1748 postulatioe,
801 1718 863 1748 qua
885 1717 955 1737 cum

61 1757 203 1789 utuntur,
214 1751 464 1792 hoe-significant,
476 1757 568 1791 atque
580 1750 654 1781 adeo
666 1757 767 1791 aperte
780 1750 955 1787 ostendunt,

63 1804 126 1825 sese
140 1794 180 1825 ad
194 1800 308 1826 statuas
331 1800 399 1825 tuas
413 1794 588 1835 pecuinam,
612 1799 697 1824 metu
719 1804 754 1824 ac
772 1794 854 1824 malo
870 1804 958 1824 coac-

651 1839 669 1866 ‘2
684 1847 706 1867 A
721 1838 741 1866 3

1174 1526 1181 1583 v-av
