1181 1902
147 43 210 72 246
321 42 371 73 IN
395 42 591 74 VERREM
614 43 680 74 ΙΙΙ.
705 44 788 74 CAP.
812 45 863 74 35.

144 126 193 164 lit,
209 127 268 158 alia
279 127 424 167 rogando,
440 128 500 158 alia
516 129 676 169 poscendo,
694 128 753 159 alia
768 128 936 165 sumend03
959 128 1035 159 fere-

145 171 197 200 bat
220 171 372 209 Sthenius,
398 177 432 201 ut
455 177 590 212 poterat:
614 174 794 212 tangebatur
818 178 919 202 tamen
940 171 1034 201 animi

145 212 246 243 dolore
261 214 435 252 necessario,
452 215 534 255 quod
553 215 678 245 domum
700 216 776 254 ejus,
799 220 974 245 exornatam
989 220 1035 244 at-

144 266 205 295 que
220 256 408 295 instructam,
422 257 482 287 fere
495 258 560 296 jam
570 258 624 288 iste
640 258 810 288 reddiderat
819 257 933 287 nudam
944 264 1035 297 atque

144 298 276 328 inanem.
302 300 522 330 Verumtamen
538 300 671 330 dolorem
688 311 776 331 suum
793 300 907 330 nemini
923 300 1035 340 imper-

143 340 253 371 tiebat:
272 343 408 383 praetoris
416 343 541 382 injurias
551 344 650 379 tacite,
662 344 786 384 hospitis
798 343 924 383 placide,
936 343 1034 372 feren-

142 383 196 413 das
211 385 421 415 arbitrabatur.
446 386 566 416 Interea
577 387 741 426 cupiditate
752 386 808 416 iste
820 385 874 415 illa
885 384 938 415 sua
951 384 1032 423 nota,

142 432 234 467 atque
255 428 337 468 apud
352 439 456 459 omnes
480 429 668 469 pervulgata,
691 440 762 459 cum
787 429 872 468 signa
892 428 1033 469 quaedam

143 470 347 509 pulcherrima
362 478 453 512 atque
468 472 678 512 antiquissima
695 472 838 502 Thermis
858 472 890 501 in
911 471 1034 511 publico

142 513 240 551 posita
249 513 381 551 vidisset,
397 515 567 545 adamavit:
592 526 610 545 a
622 515 746 545 Sthenio
758 520 858 555 petere
873 514 971 554 coepit,
985 519 1031 551 ut,

142 554 181 584 ad
194 566 228 586 ea
242 557 385 591 tollenda,
399 568 520 598 operam
533 568 620 587 suam
630 558 830 598 profiteretur,
842 567 933 597 seque
944 557 1032 595 adju-

135 603 235 635 >varet.
260 600 402 630 Sthenius
418 611 487 631 vero
508 610 568 630 non
588 601 687 631 solum
708 600 840 641 negavit⁷
866 599 916 630 sed
941 599 1032 629 etiam

143 641 283 679 ostendit,
300 642 331 672 id
343 643 407 673 fieri
419 644 504 673 nullo
519 643 610 673 modo
625 654 721 684 posse,
738 650 772 673 ut
788 643 873 683 signa
885 642 1032 683 antiquis-

143 683 230 721 sima,
256 686 444 716 monimenta
463 686 498 715 P.
515 686 667 722 Africani,
696 696 734 716 ex
760 686 871 726 oppido
887 685 1032 715 Thermi-

142 732 294 763 tammum,
307 729 452 758 incolumi
462 729 515 759 illa
527 729 645 759 civitate
654 729 840 769 imperioque
852 728 957 769 populi
968 729 1032 759 Ro-

141 770 236 806 mani,
250 771 433 801 tollerentur.

184 812 326 843 XXXV.
350 814 475 844 Etenim
488 817 536 849 (ut
545 815 636 845 simul
648 815 682 844 P.
694 814 833 845 Africani
842 825 962 855 quoque
973 814 1031 844 hu-

140 855 318 886 manitatem
331 862 360 886 et
372 857 543 898 aequitatem
553 858 748 898 cognoscatis)
761 858 908 898 oppidum
922 857 1031 887 Hime-

139 908 206 927 ram
223 899 486 940 Carthaginienses
504 901 660 941 quondam
670 907 820 941 ceperant,
837 900 919 941 quod
933 900 1032 930 fuerat

138 941 170 970 in
187 941 291 981 primis
308 943 417 973 Siciliae
433 944 548 973 clarum
564 950 593 974 et
608 949 759 973 ornatum.
784 944 883 983 Scipio
896 943 962 983 (qui
974 943 1031 973 hoc

139 983 268 1024 dignum
284 986 397 1025 populo
413 986 554 1017 Romano
569 987 773 1024 arbitraretur,
790 987 869 1017 bello
885 986 1029 1023 confecto,

140 1027 234 1057 socios
250 1038 304 1057 sua
319 1039 372 1068 per
388 1035 521 1059 nostram
544 1029 700 1059 victoriam
715 1035 901 1069 recuperare)
922 1029 1031 1059 Siculis

124 1070 292 1107 omnibus,
310 1072 493 1112 Carthagine
509 1073 607 1113 capta,
629 1083 698 1113 quae
712 1073 822 1112 potuit,
848 1072 1031 1103 restituenda

139 1113 264 1143 curavit.
290 1114 419 1145 Himera
434 1115 543 1152 deleta,
557 1125 632 1156 quos
648 1116 724 1145 cives
734 1116 805 1145 belli
817 1115 971 1145 calamitas
983 1125 1029 1145 rem

138 1155 237 1196 liquos
252 1156 372 1195 fecerat,
385 1158 406 1187 ii
422 1168 483 1188 sese
495 1158 638 1188 Thermis
648 1158 881 1194 collocara11t‚in
893 1157 1028 1197 ejusdem

138 1199 203 1238 agri
219 1199 341 1237 finibus,
359 1210 457 1241 neque
472 1201 562 1240 longe
585 1202 623 1231 ab
645 1201 756 1242 oppido
771 1201 905 1241 antiquo.
936 1201 982 1230 Hi
997 1211 1027 1231 se

138 1247 260 1281 patrum
276 1243 430 1274 fortunam
446 1255 480 1274 ac
503 1244 680 1284 dignitatem
701 1255 875 1285 recuperare
901 1244 1019 1274 arbitra-

139 1285 261 1322 bantur,
278 1296 347 1315 cum
363 1286 416 1316 illa
436 1288 588 1326 majorum
609 1293 786 1317 ornamenta
805 1287 835 1316 in
853 1297 957 1316 eorum
973 1297 1027 1327 op-

137 1327 209 1367 pido
225 1328 456 1360 collocabantur.
480 1330 578 1360 Erant
602 1330 687 1370 signa
707 1341 745 1360 ex
769 1340 826 1359 aere
848 1330 1025 1370 coniplura;

137 1370 167 1399 in
189 1370 247 1406 his,
263 1371 340 1401 mira
355 1373 591 1412 pulchritudine,
615 1373 680 1413 ipsa
696 1373 835 1409 Himera,
861 1373 892 1402 in
916 1373 1027 1402 mulie-

136 1414 222 1443 brem
238 1413 367 1453 figuram
377 1415 578 1456 habitumque
592 1416 730 1453 formata,
744 1427 781 1446 ex
791 1415 894 1456 oppidi
906 1415 1028 1445 nomine

135 1461 163 1485 et
176 1455 317 1487 fluminis.
342 1458 418 1487 Erat
427 1459 518 1489 etiam
529 1458 687 1489 Stesichori
697 1462 794 1499 po'e'tae
803 1464 902 1488 statua
914 1458 1025 1494 senilis,

135 1499 271 1535 incurva,
287 1510 357 1530 cum
368 1501 457 1537 libro,
474 1512 605 1539 summo,
619 1507 653 1531 ut
664 1507 784 1542 putant,
796 1501 920 1531 artificio
930 1500 1024 1536 facta3

135 1541 190 1581 qui
205 1541 264 1571 fuit
277 1542 423 1581 Himerae,
440 1545 490 1574 sed
503 1551 532 1574 et
547 1551 591 1575 est
606 1550 634 1574 et
649 1544 707 1574 fuit
723 1545 785 1574 tota
802 1544 930 1579 Graeeifi„
942 1554 1025 1573 sum-

136 1594 187 1614 mo
202 1592 323 1625 propter
335 1586 491 1626 ingenium
503 1588 617 1617 honore
631 1592 660 1617 et
675 1588 806 1618 nomine.
832 1587 908 1616 Haec
923 1587 977 1616 iste
987 1587 1025 1616 ad

120 1626 281 1657 ‚insaniam
304 1630 502 1670 concupierat.
535 1631 639 1660 Etiam
660 1631 755 1671 (quod
776 1640 862 1670 paene
882 1629 1024 1669 praeterii)

134 1670 249 1709 capella
264 1672 403 1711 quaedam
420 1679 474 1709 cst,
497 1684 531 1703 ca
546 1673 669 1714 quiden}
687 1674 772 1708 mire,
799 1679 831 1703 ut
851 1673 939 1702 etiam
957 1682 1022 1708 nos,

118 1713 187 1752 ,qui
204 1713 291 1745 rudes
307 1714 415 1745 harum
432 1727 531 1746 rerum
545 1727 662 1753 sumus⁷
681 1716 846 1756 intelligere
862 1715 1022 1756 possimus,
