1181 1902
162 107 204 137 30
337 106 430 139 PRO
454 107 491 138 P.
508 106 719 146 QUINTIO.
737 107 821 139 (331².
839 108 892 143 27.

162 194 259 229 leres;
282 192 424 235 denique,
438 193 463 224 si
474 193 597 224 viveres.
621 194 738 224 Praetor
749 194 895 233 jussisset.
919 193 1051 235 Opinor,

163 237 187 267 si
203 237 304 275 vellet,
321 237 346 267 si
361 236 483 273 valeret,
501 237 525 267 si
537 238 588 276 jus
603 237 724 273 diceret,
741 237 766 267 si
781 247 871 267 nemo
891 244 1051 275 recusaret,

163 280 250 321 quin,
271 291 308 310 ex
331 279 424 320 ipsius
447 280 576 317 decreto,
594 286 623 310 et
643 279 831 321 [satisdare,]
853 286 881 310 et
901 279 1053 319 judicium

163 323 296 363 accipere
322 323 421 353 vellet.
457 323 552 359 Nam,
580 326 646 364 (per
672 323 754 353 Deos
778 323 965 353 immortales
978 324 1001 361 !)
1029 323 1055 354 si

163 366 338 406 Alphenus,
355 372 529 407 procurator
546 367 581 396 P.
597 366 730 404 Quintii,
746 366 801 396 tibi
817 372 883 396 tum
900 366 1054 404 satisdare,

164 415 194 439 et
221 409 371 448 judicium
398 410 531 450 accipere
555 410 656 446 vellet,
684 409 815 450 denique
842 409 956 446 omnia,
985 420 1055 450 quae

163 452 343 493 postulares,
360 452 456 482 facere
471 452 624 489 voluisset,
642 452 717 492 quid
733 463 834 492 ageres
847 454 860 482 Ρ
885 453 1055 483 Revocares

165 505 248 533 eum,
274 505 366 536 quem
392 495 423 525 in
449 495 584 525 Galliam
611 496 761 525 miseras?
784 496 830 525 At
855 495 905 525 hic
929 495 1055 536 quidem

163 539 230 578 jam
245 538 283 568 de
303 538 399 568 fundo
420 538 576 578 expulsus,
597 539 662 576 jam
685 549 703 568 a
723 538 784 568 suis
805 538 874 568 Diis
894 538 1056 579 penatibus

165 591 298 622 praeceps
314 582 436 620 ejectus,
451 582 515 620 jam
532 581 627 622 (quod
648 581 894 621 indignissimum
916 588 971 617 est)
988 591 1059 611 suo-

167 634 237 654 rum
254 635 407 654 servorum
428 624 581 662 manibus,
604 624 711 654 nuntio
732 630 823 664 atque
843 624 971 664 imperio
991 630 1056 661 tuo,

168 667 297 697 violatus
313 673 397 698 esset.
422 667 592 707 Corrigeres
604 667 679 703 haec,
693 667 813 705 scilicet,
827 673 860 697 tu
872 673 983 707 postea.
1007 667 1057 698 De

168 711 350 750 cujusquam
363 711 425 740 vita
435 711 531 740 dicere
542 710 644 746 audes,
656 711 709 751 qui
719 711 775 740 hoc
785 710 928 740 concedas
940 720 1058 740 necesse

170 760 224 785 estq
232 753 274 783 ita
284 759 313 783 te
325 764 438 783 caecum
451 753 614 794 cupiditate
627 759 656 783 et
666 753 791 783 avaritia
803 753 906 789 fuisse,
915 759 960 789 ut,
972 763 1055 791 cum,

169 802 273 836 postea
287 796 361 837 quid
376 797 515 826 futurum
531 802 616 832 esset,
633 797 786 836 ignorares
799 797 944 830 (accidere
956 802 1058 838 autem

169 840 268 869 multa
283 846 429 880 possent),
446 850 530 880 spem
549 839 690 869 maleficii
714 840 868 880 praesentis
891 840 922 869 in
945 840 1060 870 incerto

170 882 280 923 reliqui
290 883 432 923 temporis
439 888 546 912 eventu
558 883 736 913 collocares?
747 883 854 923 Atque
861 882 925 912 haec
935 882 1061 923 perinde

169 924 289 965 loquor,
305 926 403 966 quasi,
420 926 484 966 ipso
500 926 552 955 illo
573 932 718 965 tempore,
735 936 805 955 cum
822 932 851 955 te
866 932 975 966 praetor
993 927 1060 964 jus-

170 968 255 998 sisset
270 979 307 998 ex
321 968 417 998 edicto
432 969 592 1008 possidere,
606 969 630 997 si
642 969 672 997 in
689 968 905 1008 possessionem
917 969 1059 1005 misisses,

171 1011 320 1047 debueris,
342 1017 395 1041 aut
415 1011 558 1052 potueris,
581 1012 617 1042 P.
634 1010 800 1049 Quintium
821 1011 858 1042 de
877 1012 1061 1052 possessione

170 1053 340 1084 deturbare.

216 1097 364 1128 XXVII.
388 1097 504 1128 Omnia
519 1103 601 1135 sunt,
619 1098 654 1129 C.
667 1097 800 1139 Aquini,
814 1097 974 1137 ejusmodi,
990 1097 1061 1138 qui-

172 1140 217 1170 vis
232 1146 267 1170 ut
281 1141 448 1181 perspicere
469 1141 573 1181 possit,
595 1141 627 1171 in
648 1141 704 1171 hac
726 1140 815 1171 causa
834 1142 1060 1182 improbitatem

172 1188 202 1213 et
217 1184 345 1223 gratiam
361 1194 431 1214 cum
444 1183 545 1224 inopia]
557 1190 586 1214 et
601 1184 723 1214 veritate
735 1184 922 1214 contendere.
946 1184 1064 1214 Praetor

173 1232 203 1256 te
216 1227 475 1267 quemadmodum
485 1227 634 1267 possidere
643 1227 751 1266 jussit?
765 1227 895 1268 Opinor,
905 1238 941 1257 ex
953 1227 1060 1257 edicto.

174 1270 302 1310 Sponsio
314 1280 383 1310 quae
398 1269 429 1299 in
446 1271 537 1300 verba
550 1270 629 1300 facta
644 1276 687 1300 est
698 1272 712 1300 Ρ
738 1272 759 1287 “
773 1270 817 1307 δί,
828 1281 865 1300 ex
876 1270 972 1300 edicto
983 1280 1061 1311 prm--

173 1312 256 1349 toris,
272 1313 352 1342 bona
368 1313 403 1342 P.
417 1312 538 1350 Quintii
553 1324 686 1353 possessa
697 1322 757 1343 non
770 1313 862 1343 sint.''
887 1313 1062 1343 Redeamus

172 1355 211 1385 ad
222 1355 363 1385 edictum.
378 1356 416 1385 Id
426 1356 684 1405 quemadmodum
693 1357 781 1395 jubet
790 1356 961 1396 possidere?
974 1356 1063 1386 Num

173 1398 248 1438 quid
258 1405 301 1428 est
311 1409 418 1435 causae,
431 1400 466 1428 C.
477 1399 610 1439 Aquini,
624 1399 710 1439 quin,
724 1399 747 1428 si
762 1400 852 1439 longe
867 1399 953 1429 aliter
962 1410 1064 1440 posse-

172 1441 228 1479 dit,
242 1452 335 1481 quam
348 1448 458 1482 praetor
469 1442 574 1477 edixit,
587 1442 641 1472 iste
653 1453 690 1472 ex
707 1442 802 1472 edicto
814 1452 873 1472 non
887 1442 1063 1483 possederit,

173 1494 228 1524 ego
245 1484 402 1524 sponsione
412 1485 557 1515 vicerim?
586 1485 686 1523 Nihil,
698 1485 813 1526 opinor.
837 1485 1062 1526 Cognoscamus

173 1527 316 1557 edictum.
345 1530 367 1545 ‘⁸
381 1528 456 1565 Qui,
474 1538 510 1558 ex
527 1528 622 1558 edicto
637 1539 716 1565 meo,
733 1528 764 1557 in
781 1528 996 1569 possessionem
1011 1539 1064 1559 ve-

174 1570 282 1600 nerint.
286 1571 305 1583 ”
333 1570 382 1600 De
404 1577 432 1600 te
451 1571 597 1611 loquitur,
623 1571 724 1607 Naevi,
747 1571 1007 1612 quemadmodum
1028 1577 1063 1602 tu

174 1619 272 1653 putas.
294 1613 353 1643 Ais
369 1614 461 1649 enim,
476 1620 504 1643 te
519 1625 556 1644 ex
573 1614 668 1644 edicto
684 1615 807 1645 venisse.
827 1615 912 1651 Tibi,
929 1614 1003 1655 quid
1019 1615 1066 1644 fa-

175 1656 246 1691 cias,
263 1656 386 1686 defmit:
409 1662 438 1686 te
459 1657 600 1695 instituit,
625 1657 680 1687 tibi
700 1664 849 1698 praecepta
870 1657 931 1688 dat.
963 1660 984 1675 “
1001 1657 1065 1687 Eos

175 1698 218 1728 ita
233 1699 351 1729 videtur
366 1699 397 1728 in
412 1700 596 1740 possessione
612 1711 673 1730 esse
688 1701 856 1741 oportere.'’
874 1700 1039 1738 Quomodo
1049 1702 1063 1731 Ρ

178 1744 200 1759 “
217 1742 311 1779 Quod
330 1742 442 1772 ibidem
465 1748 543 1773 recte
563 1743 711 1774 custodire
731 1749 884 1784 poterunt,
901 1744 931 1773 id
952 1743 1067 1774 ibidem

177 1785 366 1816 custodiant:
390 1785 471 1827 quod
493 1796 553 1816 non
574 1792 729 1827 poterunt,
744 1786 776 1817 id
796 1787 914 1818 auferre
928 1792 957 1817 et
971 1786 1068 1817 abdu-
