1181 1902
194 55 257 86 348
367 55 417 85 IN
442 53 637 85 VERREM
663 53 722 84 IV.
748 53 831 84 Cn.
849 55 900 85 62.

192 151 292 178 mum,
309 141 365 171 hoc
381 150 441 170 non
461 150 522 170 esse
541 140 650 170 Romae
665 146 771 170 natum
787 140 824 170 de
840 140 977 171 societate
992 140 1083 172 decu-

192 194 326 220 marum,
343 193 402 213 non
424 185 461 213 ab
478 180 646 213 accusatore
658 183 779 218 fletuum
805 193 864 213 non
884 186 932 216 (ut
952 184 1082 215 solemus

193 227 345 257 interdum
358 227 388 256 in
402 226 626 256 defensionibus
637 226 746 261 dicere)
759 226 871 256 crimen
884 226 1082 257 domesticum

191 281 226 300 ae
242 270 436 300 vernaculum
449 281 458 304 ;
494 279 554 299 non
570 279 607 299 ex
622 275 756 309 tempore
771 269 896 308 periculi
912 270 957 299 tui
973 271 1082 300 consti-

191 318 314 348 tutum:
340 312 391 342 sed
408 319 503 349 vetuS,
527 311 725 352 [cogitatum]
743 313 820 351 jam,
834 319 873 349 et,
891 318 920 342 te
943 319 1080 352 praetore,

189 356 350 395 jactatum,
379 361 407 385 et
434 365 494 385 non
521 357 558 385 ab
585 355 713 385 inimicis
739 355 848 385 Romae
868 355 1080 395 compositum,

193 399 245 428 sed
270 399 403 428 Romam
427 398 464 428 de
485 398 638 438 provincia
653 398 854 438 deportatum.
879 398 978 428 Simul
994 399 1082 428 intel-

192 441 247 481 ligi
268 447 366 490 potest
385 441 462 471 iuud
477 441 563 471 istius
578 441 608 470 in
624 441 799 481 Apronium
816 440 962 477 studium,
979 441 1083 482 Apro-

193 484 236 514 nii
251 484 288 514 de
303 484 359 514 isto
371 494 431 514 non
446 484 537 514 modo
553 484 707 519 confessio,
721 494 826 514 verum
843 484 933 514 etiam
951 494 1084 515 comme-

193 528 332 557 moratio.
356 528 474 557 Eodem
490 527 613 564 accedit,
640 527 722 567 quod
747 528 802 557 hoc
822 537 962 578 quoque
974 527 1086 557 intelli-

193 581 263 611 gere
278 571 412 611 potestis,
429 571 521 600 istum
535 570 682 606 statuisse,
699 570 730 599 in
746 570 899 610 provincii
915 581 970 599 sua
982 571 1085 600 existi-

193 613 334 643 mationis
357 625 419 644 suae
440 613 601 652 judicium,
619 619 704 643 extra
717 614 869 643 cohortem
886 623 984 650 suam,
1002 623 1085 643 com-

193 656 379 686 mittendum
394 656 486 686 fuisse
502 656 626 685 nemini.

238 699 349 729 LXII.
373 699 487 740 Ecquis
511 704 555 728 est
573 698 680 737 judex,
697 699 745 728 cui
761 709 821 728 non
838 700 876 728 ab
891 698 977 728 initio
993 699 1083 729 decu-

194 742 278 772 mani
306 742 439 772 criminis
470 752 647 782 persuasum
674 742 722 778 sit,
750 742 843 771 istum
868 742 900 771 in
930 748 1083 772 aratorum

194 787 274 815 bona
290 785 486 825 fortunasque
500 784 650 824 impetum
667 784 791 814 fecisse'.>
814 784 882 825 quis
896 784 953 814 hoc
969 794 1029 814 non
1045 796 1083 815 ex

195 839 230 858 eo
256 828 357 858 statim
379 827 536 867 judicavit,
559 827 640 867 quod
666 827 793 865 ostendi,
824 827 916 857 istum
942 827 1084 858 decumas

194 871 273 901 nova
296 871 373 911 lege,
401 877 493 911 atque
518 870 592 900 adeo
611 869 697 900 nulli)⁴
718 870 795 910 lege,
818 877 921 900 contra
944 870 1084 901 omnium

193 914 443 944 consuetudinem
463 920 554 954 atque
574 913 722 947 instituta,
739 912 930 943 vendidisse?
953 913 1085 951 Verum,

194 963 230 987 ut
244 957 315 987 istos
331 967 386 998 ego
399 957 514 996 judices
530 962 593 986 tam
609 966 735 993 severOS,
752 962 815 986 tam
831 956 999 996 diligentes,
1021 962 1085 986 tam

194 1000 347 1040 religiosos
364 1010 422 1029 non
445 1000 610 1035 haberem3
636 999 736 1039 ecquis
758 1005 812 1036 est,
841 1009 878 1029 ex
902 999 1084 1038 injuriarum

195 1043 417 1083 magnitudine,
449 1042 641 1083 improbitate
671 1042 870 1078 decretorum,
899 1042 1085 1081 judiciorum

194 1086 365 1126 iniquitate,
385 1086 438 1126 qui
458 1086 514 1116 hoc
535 1096 594 1115 non
613 1085 797 1124 jamdudum
810 1085 946 1115 statuerit
962 1091 990 1114 et
1002 1085 1086 1124 judi-

195 1129 292 1159 carit?
316 1129 420 1158 Etiam
442 1139 513 1159 sane
534 1129 570 1158 sit
592 1128 701 1169 aliquis
716 1128 886 1158 dissolutior
902 1128 932 1157 in
946 1128 1085 1166 judican-

195 1172 245 1209 do,
267 1173 383 1212 legum,
400 1172 500 1208 officii,
518 1171 690 1212 reipublicae
705 1171 852 1201 sociorum
868 1177 959 1211 atque
975 1171 1087 1201 amico-

196 1225 276 1251 rum,
299 1215 517 1255 negligentior:
544 1214 640 1256 quid?
664 1214 689 1244 is
711 1214 842 1255 possitne
858 1213 895 1243 de
919 1214 1004 1244 istius
1028 1214 1086 1243 im-

194 1258 343 1299 probitate
367 1258 516 1294 dubitare,
542 1268 613 1288 cum
634 1263 718 1287 tanta
741 1257 825 1287 lucra
841 1257 930 1293 facta,
955 1262 1018 1286 tam
1039 1257 1086 1286 in-

194 1302 282 1342 iquas
303 1301 466 1342 pactiones,
492 1301 522 1331 vi
549 1307 578 1331 et
599 1306 683 1331 metu
710 1311 862 1341 expressas
888 1299 1085 1348 cognoverit?

195 1355 265 1374 cum
282 1350 365 1374 tanta
380 1344 505 1384 praemia
520 1344 664 1379 civitates,
681 1343 710 1374 vi
726 1349 816 1384 atque
830 1343 968 1383 imperio
988 1343 1086 1391 virga-

195 1398 264 1417 rum
286 1398 320 1417 ac
342 1387 448 1417 mortis
466 1393 561 1423 metu,
578 1397 638 1416 non
654 1386 744 1416 modo
762 1386 902 1427 Apronio
916 1392 1007 1426 atque
1022 1386 1088 1424 ejus

196 1430 358 1467 similibus,
372 1440 477 1460 verum
494 1430 585 1460 etiam
601 1430 739 1460 Veneriis
755 1429 856 1466 servis,
874 1429 945 1458 dare
960 1435 1085 1459 coactas.

239 1473 333 1511 Quod
351 1473 376 1503 si
394 1473 462 1513 quis
480 1473 629 1503 sociorum
652 1472 851 1503 incommodis
866 1472 968 1501 minus
984 1481 1086 1501 move-

196 1522 266 1551 tur;
292 1516 315 1546 si
336 1526 427 1557 quem
453 1522 606 1546 aratorum
630 1516 722 1556 fugae,
747 1515 943 1550 calamitates,
968 1514 1084 1552 exsilia,

195 1559 356 1600 suspendia
368 1559 509 1599 denique,
526 1569 586 1589 non
597 1564 773 1600 permovent
785 1569 794 1594 ς
819 1568 879 1588 non
896 1567 1018 1598 possum
1029 1557 1086 1586 du-

194 1602 301 1638 bitare,
324 1602 398 1642 quin
420 1602 445 1631 is
461 1608 574 1638 tamen,
587 1612 657 1632 cum
673 1607 819 1632 vastatam
837 1600 983 1636 Siciliam,
1000 1600 1085 1630 relic-

195 1650 241 1675 tos
256 1655 354 1685 agros,‚
372 1655 409 1675 ex
425 1645 581 1675 civitatum
596 1644 690 1675 literis
711 1650 740 1675 et
755 1644 881 1685 epistola
897 1644 934 1673 L.
953 1642 1085 1679 Metelli,

195 1687 378 1728 cognoverit,
404 1694 526 1726 statuat,
548 1687 612 1718 fieri
637 1697 697 1718 non
720 1698 818 1728 posse,
845 1693 881 1717 ut
903 1686 940 1717 de
955 1686 1011 1716 isto
1026 1695 1087 1716 non

197 1731 383 1763 severissime
402 1731 565 1770 judicetur.
604 1731 674 1762 Erit
688 1731 780 1762 etiam
805 1730 926 1771 aliquis,
948 1729 1002 1770 qui
1023 1729 1088 1760 haec
