1181 1902
161 45 222 76 140
362 46 412 77 IN
437 45 634 78 VERREM
656 45 684 76 1.
708 44 793 76 CAP.
810 46 841 75 8.

158 135 261 160 tamen
283 141 302 161 a
323 141 373 162 me
394 132 580 173 pedetentim
602 137 749 172 cauteque
771 130 930 161 dicentur·
921 153 931 167 ,
962 135 1000 161 111
1022 135 1069 160 et

161 173 302 204 amicitiae
316 180 436 214 nostrae,
453 181 482 206 et
497 175 653 216 dignitatis
667 175 761 213 1111115,
778 174 883 205 habita
896 172 974 204 ratio
991 183 1055 204 esse

164 216 361 257 intelligatur.

208 259 302 290 Videt
317 261 470 302 adipsum
486 261 631 291 fornicem
647 260 840 291 Fabianum
832 270 864 289 m
876 258 959 290 turb?
956 272 967 289 ι
976 258 1056 290 Ver-

166 312 253 332 rem.
284 304 417 352 appellat
440 304 606 340 hominem,
633 310 662 334 et
686 304 712 334 ei
735 314 806 334 voce
827 301 963 332 maxima
988 312 1058 342 gra-

166 346 281 375 tulatur
304 346 481 377 victoriam:
512 347 569 387 ipsi
592 347 770 395 Hortensio,
792 346 845 387 qui
868 345 973 376 consul
995 350 1059 375 erat

166 388 275 427 factus,
297 389 474 430 propinquis
494 390 725 430 necessariisque
746 390 821 428 ejus,
843 389 898 429 qui
916 395 983 418 tum
1005 388 1059 418 ad-

168 438 264 469 erant,
292 433 419 462 verbum
448 433 569 463 nullum
596 433 688 463 facit:
723 443 793 462 cum
818 432 876 462 hoc
901 431 1057 466 consistit3

167 474 249 505 hunc
264 476 476 515 amplexatur:
499 477 580 506 hunc
593 477 681 515 jubet
696 475 759 505 sine
774 476 847 505 cura
862 485 934 505 esse.
962 477 984 492 “
995 474 1059 504 Re-

168 517 310 555 nuntio,''
326 519 437 559 inquit,
456 522 477 537 “
491 519 557 556 tibi,
574 525 603 549 te
618 518 769 549 hodiernis
785 518 913 548 comitiis
929 528 991 548 esse
1006 518 1060 546 ab·

167 560 336 591 solutum.'’
370 561 462 599 Quod
483 572 553 591 cum
573 568 637 591 tam
655 561 746 591 multi
760 561 898 591 homines
913 560 1061 591 honestis-

167 602 237 633 simi
252 604 417 641 audissent,
434 605 535 635 statim
557 605 595 635 ad
616 615 666 635 me
686 604 838 634 defertur:
862 604 958 633 immo
976 613 1058 640 vero,

169 651 203 676 ut
219 647 347 687 quisque
362 657 411 677 me
430 648 555 685 viderat,
577 649 727 678 narrabat.
760 647 842 677 Aliis
861 647 939 676 illud
959 646 1060 686 indig-

168 698 256 727 num,
276 690 342 720 aliis
362 690 538 728 ridiculum,
555 691 733 726 videbatur3
758 690 920 720 ridiculum
941 689 988 725 iis,
1005 688 1060 730 qui

168 732 254 762 istius
270 743 391 762 causam
406 733 437 763 in
459 734 582 764 testium
602 734 672 771 fide,
694 733 725 763 in
746 734 910 763 criminum
931 732 1058 771 ratione,

168 775 200 805 in
213 775 353 814 judicum
374 782 531 816 potestate,
553 787 614 807 non
634 777 666 806 in
687 777 817 807 comitiis
839 776 1059 814 consulatibus,

168 818 298 859 positam
313 819 555 849 arbitrabantur:
576 819 738 859 indignum
754 819 801 857 iis,
818 819 872 860 qui
888 819 977 849 altius
992 829 1062 859 per-

170 861 347 901 spiciebant,
365 868 394 892 et
412 862 491 892 hane
511 863 746 902 gratulationem
767 862 806 892 ad
824 862 975 902 judicium
997 872 1062 892 cor-

169 904 376 944 rumpendum
391 911 523 946 spectare
537 906 770 935 arbitrabantur.
803 905 929 935 Etenim
952 905 994 935 sic
1013 915 1060 935 ra-

170 946 404 985 tiocinabantur,
426 948 467 978 sic
490 948 693 978 honestissimi
716 948 854 978 homines
877 948 956 978 inter
978 958 1008 978 se
1031 954 1062 978 et

170 999 292 1020 mecum
307 991 530 1033 loquebantur:
555 997 657 1032 aperte
675 992 739 1030 jam
755 1002 789 1021 ac
805 991 962 1032 perspicue
977 991 1063 1021 nulla

171 1042 233 1063 esse
246 1033 369 1073 judicia.
402 1034 467 1071 Qui
482 1044 550 1064 reus
565 1034 685 1075 pridie'
674 1045 740 1074 Jam
755 1034 818 1075 ipse
834 1045 863 1065 se
879 1034 1062 1064 condemna-

171 1081 239 1107 tum
262 1078 399 1116 putabat,
425 1077 462 1115 is,
487 1083 685 1118 posteaquam
709 1078 847 1108 defensor
871 1078 935 1116 ejus
957 1077 1063 1107 consul

171 1126 215 1149 est
235 1119 343 1158 factus,
365 1120 551 1150 absolvitur!
586 1120 672 1158 Quid
692 1120 810 1161 igitur?
834 1120 916 1161 quod
931 1126 995 1150 tota
1015 1120 1064 1150 Si-

170 1162 250 1198 cilia,
268 1163 349 1203 quod
366 1173 470 1194 omnes
486 1163 591 1198 Siculi,
608 1173 713 1193 01111105
728 1164 938 1204 negotiatores,
959 1173 1064 1193 omnes

171 1205 302 1245 publicae
326 1206 512 1247 privataeque
533 1206 629 1236 literae
654 1207 764 1236 Romae
787 1212 868 1244 sunt,
892 1207 1008 1237 nihilne
1031 1206 1064 1236 id

173 1248 311 1279 valebit?
334 1249 422 1286 nihil,
440 1249 534 1279 invito
554 1249 676 1280 consule
697 1249 873 1291 desiuuam!
907 1249 993 1287 Quid
1012 1251 1064 1289 ju-

172 1289 277 1321 dices?
301 1301 362 1321 non
377 1292 472 1321 01111111
473 1302 514 1329 ia,
530 1302 591 1322 non
607 1298 707 1330 testes,
727 1302 788 1323 non
809 1292 1064 1323 existimationem

173 1334 279 1373 populi
299 1334 434 1364 Romani
452 1337 642 1375 sequentur?
678 1336 771 1366 Non:
796 1335 900 1366 omnia
919 1336 952 1366 in
970 1336 1064 1366 unius

175 1382 320 1416 potestate
334 1388 369 1407 ac
384 1377 588 1408 moderatione
603 1384 765 1408 vertentur.

220 1419 317 1452 VIII.
343 1421 421 1451 Vere
435 1421 556 1462 loquar,
567 1421 703 1460 judices:
728 1422 920 1452 vehementer
934 1432 984 1452 me
999 1422 1065 1453 haec

174 1472 220 1493 res
236 1465 453 1494 commovebat.
486 1465 632 1505 Optimus
648 1465 730 1495 enim
749 1465 878 1506 quisque
897 1465 940 1495 ita
959 1465 1065 1506 loque-

175 1506 283 1536 batur:
308 1506 363 1536 iste
378 1506 502 1547 quidem
518 1507 573 1537 tibi
588 1507 745 1548 eripietur:
769 1508 821 1538 sed
835 1518 889 1538 nos
905 1518 965 1538 non
981 1514 1065 1538 tene-

174 1548 276 1579 bimus
295 1549 410 1588 judicia
429 1550 552 1580 diutius.
585 1550 711 1581 Etenim
731 1551 799 1592 quis
822 1551 942 1592 poterit,
968 1551 1065 1582 Verre

175 1591 323 1629 absoluto,
351 1592 388 1622 de
412 1593 623 1623 transferendis
647 1594 771 1633 judiciis
794 1594 952 1624 recusare?
985 1594 1064 1634 Erat

174 1634 317 1665 omnibus
335 1635 518 1666 molestum:
547 1646 646 1677 neque
669 1648 717 1667 eos
740 1644 803 1667 tam
825 1637 910 1667 istius
932 1629 1066 1668 hominis

174 1677 283 1719 perditi
299 1679 398 1709 subita
413 1679 528 1716 laetitia,
542 1690 635 1720 quam
652 1680 783 1710 hominis
795 1681 975 1721 amplissimi
987 1690 1066 1711 nova

174 1721 347 1761 gratulatio,
364 1724 582 1754 commovebat.
616 1723 787 1764 Cupiebam
808 1723 997 1755 dissimulare
1016 1734 1067 1754 me

1159 1821 1181 1902 1.

1178 123 1181 152 i
