1216 1907
175 158 217 188 24
340 157 431 189 PRO
457 158 493 188 P.
510 155 722 196 QUINTIO.
739 156 823 187 Cn».
839 156 891 187 21.

177 249 290 281 menta,
307 254 360 284 per
375 254 532 274 summum
547 243 674 275 dedecus
697 248 726 274 et
749 241 950 283 ignominiam
967 239 1065 281 deripi

176 286 343 317 convenire.
367 287 461 325 Quod
470 287 495 318 si
509 287 628 327 probari
644 286 759 316 nemini
770 291 878 326 potest,
894 283 972 314 inud
986 289 1065 314 certe

177 329 298 369 probari
320 330 462 361 omnibus
484 340 601 360 necesse
624 336 678 365 est,
694 329 851 359 defensum
874 337 935 357 esse
950 326 1066 366 judicio

176 373 331 402 absentem
350 373 524 411 Quintium.
548 372 642 411 Quod.
666 382 737 403 curn
760 371 802 401 ita
828 376 883 409 est,
909 380 947 400 ex
970 369 1067 400 edicto

180 416 261 445 bona
275 426 408 456 possessa
419 426 480 447 non
496 422 575 446 sunt.

223 458 270 488 At
285 459 366 489 enim
381 459 495 489 tribuni
507 458 602 499 plebis
617 468 655 488 ne
670 457 830 488 audierunt
842 456 976 497 quidem.
1008 455 1070 486 Fa-

181 506 255 539 teor,
279 501 303 531 si
319 502 361 532 ita
376 508 429 540 est,
446 507 668 542 procuratorem
684 501 802 531 decreto
823 499 957 540 praetoris
980 509 1069 539 opor-

181 544 274 574 tuisse
289 555 400 585 parere.
434 545 520 582 Quid
535 545 559 574 si
576 544 624 574 M.
646 545 762 574 Brutus
784 543 1016 573 intercessurum
1037 552 1069 572 se

183 587 262 617 dixit
276 588 389 628 palam,
407 588 464 617 nisi
480 587 554 628 quid
566 588 642 617 inter
651 587 752 627 ipsum
762 586 943 626 Alphenum
956 590 984 614 et
996 584 1070 614 Nae-

181 630 267 660 vium
282 631 476 661 conveniret?
502 630 670 660 Videturne
692 629 889 659 intercessisse
907 627 1072 668 appellatio

183 673 387 710 tribunorum,
403 683 584 707 non-morae,
601 673 651 703 sed
661 672 767 702 auxilii
783 671 873 702 causa
885 673 900 701 ἶ)

227 716 322 746 XXI.
347 716 432 754 Quid
447 716 555 746 deinde
575 716 634 746 fit?
663 715 836 755 AlphenuS,
855 720 890 744 ut
906 723 1010 744 omnes
1025 713 1073 744 in-

183 759 318 799 telligere
333 765 464 799 possent,
486 759 600 798 judicio
620 758 740 788 defendi
761 757 937 795 Quintium,
953 767 991 787 ne
1013 767 1075 797 qua

186 803 306 832 subesse
320 808 418 842 posset
430 802 528 832 aliena
542 807 594 831 aut
609 801 702 842 ipsius
722 801 829 837 officio,
847 806 899 829 aut
914 800 1006 838 hujus
1022 810 1075 829 ex-

185 845 368 875 istimatione
384 845 523 886 suspicio,
540 845 617 875 viros
632 845 726 874 bonos
742 844 911 883 complures
926 843 1072 872 advocat:

187 894 324 924 testatur,
340 888 396 918 isto
412 888 563 925 audiente,
580 898 610 918 se
621 897 676 927 pro
688 886 843 917 communi
859 885 1076 916 necessitudine

187 930 219 960 id
234 931 369 971 primum
385 937 495 971 petere,
512 941 550 960 ne
565 930 639 971 quid
654 930 781 959 atrocius
802 929 833 958 in
858 929 893 958 P.
910 928 1076 966 Quintium

188 975 344 1004 absentem
360 974 423 1004 sine
439 974 529 1004 causa
549 973 645 1003 facere
669 978 810 1003 conetur:
836 972 881 1001 sin
906 978 1007 1001 autem
1030 971 1078 1001 in-

188 1016 362 1047 imicissime
383 1023 473 1057 atque
497 1016 689 1046 infestissime
708 1014 885 1046 contendere
900 1020 1077 1055 perseveret,

190 1070 221 1089 se
237 1066 377 1100 paratum
393 1070 455 1089 esse
467 1059 551 1089 omni
566 1059 646 1089 recta
661 1064 751 1099 atque
767 1058 892 1087 honesta
903 1057 1016 1087 ratione
1028 1057 1080 1087 de-

190 1102 324 1140 fendere,
353 1102 434 1144 quod
461 1108 553 1143 petat,
582 1112 641 1131 non
666 1101 785 1131 deberi:
811 1111 841 1130 se
861 1100 1010 1140 judicium
1036 1099 1079 1137 id,

189 1146 273 1186 quod
289 1145 366 1182 edat,
384 1145 525 1186 accipere.
550 1145 627 1184 Ejus
639 1144 681 1174 rei
702 1144 939 1184 conditionisque
956 1142 1081 1173 tabellas

190 1189 426 1229 obsignaverunt
442 1188 497 1218 viri
512 1188 584 1219 boni
600 1188 778 1228 complures.
811 1187 873 1216 Res
896 1187 927 1216 in
950 1185 1081 1216 dubium

190 1231 292 1262 venire
304 1241 364 1261 non
380 1237 486 1272 potest.
512 1231 572 1269 Fit,
589 1232 677 1260 rebus
687 1230 828 1259 omnibus
838 1229 972 1269 integris,
982 1238 1082 1269 neque

190 1275 362 1315 proscriptis
379 1284 476 1314 neque
498 1273 637 1314 possessis
652 1273 749 1309 bonis,
773 1280 807 1302 ut
829 1272 992 1312 Alphenus
1011 1281 1082 1311 pro-

191 1317 293 1347 mittat
311 1318 342 1347 N
346 1317 419 1347 aevio
435 1317 497 1347 sisti
507 1316 683 1354 Quintium.
708 1315 803 1345 Venit
818 1315 855 1344 ad
872 1314 1080 1345 vadimonium

191 1360 349 1398 Quintius.
373 1360 395 1390 J
398 1366 462 1390 acet
477 1370 522 1390 res
538 1360 568 1389 in
585 1358 801 1395 controversiis,
819 1358 875 1387 isto
891 1357 1080 1387 calumnian-

189 1408 230 1439 ω,
252 1403 421 1439 biennium,
444 1413 539 1443 usque
565 1403 641 1432 dum
663 1401 857 1436 inveniretur,
880 1401 942 1441 quit
965 1400 1079 1430 ratione

190 1456 236 1475 res
252 1447 289 1476 ab
303 1446 413 1476 usitat-22
425 1445 641 1476 consuetudine
651 1444 809 1481 recederet,
821 1450 850 1473 et
865 1444 896 1473 in
907 1443 963 1473 hoc
974 1443 1079 1484 singu-

189 1488 253 1518 lare
266 1488 415 1528 judicium
432 1500 521 1519 causa
536 1488 634 1518 omnis
649 1487 884 1518 concluderetur.

235 1531 328 1569 Quod
349 1531 494 1567 officium,
517 1532 552 1561 C.
573 1531 706 1571 Aquilli,
723 1528 952 1559 commemorari
971 1538 1080 1569 procu-

190 1575 296 1604 ratoris
317 1581 425 1614 potest,
443 1574 524 1615 quod
539 1575 577 1604 ab
596 1574 741 1614 Alpheno
756 1573 942 1613 praeteritum
958 1581 1019 1602 esse
1034 1571 1078 1601 vi-

191 1617 322 1647 deatur?
346 1617 432 1654 Quid
458 1617 592 1653 affertur,
618 1627 711 1657 quare
739 1616 774 1645 P.
803 1615 950 1653 Quintius
974 1616 1080 1644 absens

192 1666 317 1700 negetur
340 1671 402 1690 esse
424 1660 589 1690 defensus?
613 1660 666 1689 An
690 1669 759 1689 vero
781 1658 823 1695 id,
841 1657 923 1698 quod
946 1657 1081 1687 Horten-

192 1703 284 1739 sium,
308 1703 380 1744 quia
400 1714 496 1744 nuper
511 1703 623 1742 injecit,
641 1708 669 1732 et
684 1701 756 1742 quia
773 1701 898 1731 Naevius
917 1710 1034 1741 semper
1048 1699 1082 1730 id

194 1746 340 1783 clamitat,
353 1746 507 1776 dicturum
523 1746 660 1783 arbitror,
673 1755 734 1775 non
747 1744 838 1774 fuisse
854 1744 886 1773 N
889 1743 962 1773 aevio
977 1752 1083 1783 parem

194 1789 387 1819 certationem
409 1800 479 1820 cum
498 1789 654 1829 Alpheno,
671 1788 724 1818 illo
745 1793 890 1827 tempore,
907 1786 966 1816 illis
984 1785 1081 1815 domi-

193 1832 358 1864 nantibus?
377 1832 469 1871 Quod
478 1832 505 1864 si
515 1832 607 1867 velim
619 1829 769 1869 confiteri3
786 1829 875 1870 illud,
885 1829 1003 1871 opinor,
1012 1837 1082 1860 oon-
