1181 1902
161 42 222 73 138
364 41 416 72 IN
438 40 635 73 VERREM
659 40 686 72 I.
711 41 794 73 CAr‘.
811 42 841 72 6.

154 127 292 158 hostium
306 136 435 158 numero
449 127 632 159 existimati:
657 127 735 159 cives
750 127 885 158 Romani
907 127 1046 158 servilem

155 170 188 201 in
203 170 331 200 modum
346 171 469 201 cruciati
492 177 522 201 et
542 171 658 202 necati:
683 169 820 201 homines
842 171 1046 201 nocentissimi

155 220 278 254 propter
293 214 434 254 pecunias
446 214 561 253 judicio
575 214 712 244 liberati:
738 213 939 244 honestissimi
955 220 1047 254 atque

156 256 354 297 integerrimi,
368 258 504 287 absentes
520 257 562 286 rei
577 257 660 306 facti,
676 257 782 286 indict
772 270 789 286 1
804 267 881 286 caus
877 257 894 286 21
909 256 1048 286 damnati

158 305 188 329 et
203 299 310 339 ejecti:
335 306 439 340 portus
454 300 661 337 munitissimi,
672 300 817 329 maximae
828 299 1048 340 tutissimaeque

156 343 245 373 urbes
260 343 364 383 piratis
379 343 632 384 praedonibusque
650 342 825 383 patefactae:
851 348 951 372 nautae
966 342 1047 371 111111-

155 391 261 426 tesque
276 386 460 423 Siculorum,
476 386 546 416 socii
561 386 656 416 nostri
671 391 762 426 atque
781 385 881 434 amici,
897 385 979 415 fame
994 395 1048 415 ne-

155 429 214 459 cati
231 440 239 458 :
265 429 370 459 classes
389 429 522 481 'optimae
551 434 642 469 atque
671 428 946 469 opportunissimae,
974 438 1046 458 cum

156 471 271 512 magna
283 472 450 512 ignominia
464 472 570 520 populi
581 472 726 508 Romani,
740 471 856 501 amissae
872 477 901 501 et
912 471 1047 512 perditae.

157 515 246 545 Idem
266 515 322 545 iste
345 520 454 555 praetor
477 515 666 544 monimenta
689 514 911 555 antiquissima,
935 514 1047 554 partim

155 567 264 598 regum
279 558 596 606 locupletissimorum,
614 568 682 598 quae
702 557 748 587 1111
768 563 945 587 ornamento
965 556 1049 587 urbi-

155 601 213 631 bus
228 611 290 631 esse
305 601 477 638 voluerunt,
493 601 605 641 partim
621 600 712 630 etiam
728 606 899 630 nostrorum
917 600 1049 640 impera-

155 649 269 681 torum,
286 654 355 684 quae
376 644 500 674 victores
520 643 690 674 civitatibus
709 643 818 673 Siculis
833 649 886 673 aut
901 643 1050 673 dederunt

155 691 209 716 aut
220 686 425 723 reddiderunt,
439 686 588 727 spoliavit,
602 686 911 727 nudavitqueronmia.
937 687 1049 726 Neque

156 729 214 759 hoc
237 730 335 759 solum
357 730 387 759 in
411 729 516 760 statuis
538 729 782 770 ornamentisque
803 729 932 770 publicis
954 729 1046 765 fecit3

157 772 209 802 sed
232 772 323 802 etiam
347 772 474 802 delubra
496 772 610 810 onmia,
634 772 827 802 sanctissimis
850 772 1048 812 religionibus

158 821 339 852 consecrata,
356 815 550 856 depeculatus
566 821 618 845 est.
651 815 755 845 Deum
776 815 908 856 denique
925 815 1047 845 nullum
1146 839 1147 842 ,

158 858 279 895 Siculis,
304 859 358 899 qui
382 859 408 888 ei
432 859 524 898 paulo
549 858 646 898 magis
672 858 784 888 affabre
808 864 899 899 atque
922 858 1050 898 antiquo

157 901 285 931 artificio
300 901 397 931 factus
413 901 574 938 videretur,
591 901 722 942 reliquit.
753 902 791 931 In
807 901 918 942 stupris
934 911 1003 931 vero
1019 906 1049 931 et

157 943 277 984 flagitiis
293 944 421 974 nefarias
437 945 501 983 ejus
516 944 656 974 libidines
668 954 914 981 commemorare,
931 944 1047 984 pudore

156 986 326 1017 deterreor:
361 987 453 1017 simul
478 987 602 1017 illorum
627 987 831 1017 calamitatem
861 997 1047 1017 commemo-

156 1030 251 1060 rando
266 1041 376 1070 augere
391 1031 473 1068 nolo,
496 1030 606 1071 quibus
626 1030 735 1060 liberos
756 1031 960 1071 conjugesque
979 1041 1048 1061 suas

154 1072 287 1114 integras
307 1074 345 1103 ab
366 1073 451 1104 istius
471 1073 640 1114 petulantia
660 1083 833 1104 conservare
850 1083 911 1103 non
927 1073 1047 1104 licitum

156 1121 209 1146 est.

197 1159 244 1189 At
264 1159 346 1190 enim
366 1159 431 1190 haec
450 1159 492 1190 ita
513 1159 673 1190 commissa
691 1165 762 1190 sunt
782 1161 821 1191 ab
839 1159 908 1197 isto,
930 1165 964 1190 ut
984 1169 1046 1191 non

154 1202 274 1242 cognita
284 1203 343 1233 sint
359 1205 396 1233 ab
412 1203 575 1234 omnibus?
593 1203 761 1233 Hominem
778 1214 840 1233 esse
855 1203 982 1233 arbitror
994 1213 1048 1233 ne-

154 1245 281 1282 minem,
299 1246 352 1286 qui
367 1256 478 1276 nomen
493 1246 578 1276 istius
594 1246 732 1282 audierit,
747 1246 820 1287 quin
833 1246 912 1276 facta
924 1255 1046 1287 quoque
1149 1210 1154 1311 i

154 1288 219 1326 ejus
243 1288 359 1319 nefaria
382 1299 618 1319 commemorare
644 1289 759 1329 possit3
791 1294 825 1319 ut
847 1289 923 1319 mihi
948 1289 1047 1329 magis

153 1331 326 1362 timendum
342 1332 390 1369 sit,
405 1342 442 1362 ne
453 1333 552 1362 multa
563 1332 690 1362 crimina
702 1332 939 1372 praet'ermittere,
951 1342 1046 1372 quam

153 1383 193 1404 ne
216 1385 278 1415 qua
301 1375 333 1404 in
358 1375 451 1405 istum
478 1375 601 1415 fingere,
629 1375 792 1405 existimer.
829 1375 940 1415 Neque
963 1375 1045 1405 enim

155 1416 232 1446 mihi
259 1417 377 1448 videtur
403 1418 467 1448 haec
493 1418 670 1456 multitudo,
698 1429 767 1459 quae
792 1418 831 1448 ad
858 1418 1045 1448 audiendum
1151 1315 1157 1487 ἱ

155 1460 306 1498 convenit,
323 1471 498 1501 cognoscere
514 1472 551 1492 ex
567 1472 618 1491 me
633 1472 755 1492 causam
771 1461 910 1500 voluisse,
932 1461 983 1492 sed
999 1472 1045 1499 ca,
1155 1490 1158 1502 ‚

154 1513 224 1544 quae
239 1510 303 1539 sclt,
320 1514 441 1534 mecum
457 1514 675 1545 recognoscere.
1155 1507 1159 1570 ἱ
1180 1538 1181 1542 Ἰ

199 1546 258 1577 VI.
283 1546 364 1584 Quae
384 1557 454 1577 cum
476 1548 517 1577 ita
539 1548 608 1585 sint,
630 1548 685 1578 iste
702 1547 795 1578 homo
811 1558 914 1578 amens
929 1558 963 1578 ac
978 1558 1046 1588 per-

155 1589 236 1619 ditus
257 1589 317 1619 alia
338 1600 458 1620 mecum
477 1591 591 1620 ratione
609 1597 736 1631 pugnat.
771 1591 844 1621 Non
865 1591 895 1620 id
916 1591 989 1631 agit,
1012 1596 1048 1620 ut
1156 1580 1159 1599 ¹

154 1632 283 1671 alicujus
298 1633 501 1674 eloquentiam
517 1634 594 1663 mihi
609 1640 761 1674 opponat3
786 1643 847 1664 non
862 1634 970 1674 gratia,
987 1643 1048 1663 non
1157 1601 1161 1673 i

155 1676 332 1706 auctoritate
347 1677 540 1717 cujusquam,
557 1687 617 1707 non
630 1678 765 1718 potentia
776 1677 891 1707 nititur.
916 1677 1049 1710 Simulat
1159 1700 1162 1732 l

156 1718 203 1749 1115
219 1729 249 1749 se
265 1720 354 1751 rebus
369 1720 537 1751 confidere:
558 1720 610 1752 sed
625 1721 723 1758 video,
741 1720 815 1762 quid
830 1726 916 1762 agat:
937 1723 1050 1761 (neque

1172 125 1181 362 ‚s—iwffiena
