1181 1902
0 0 1181 79 ——7

181 166 224 197 44
280 164 372 197 PRO
396 164 564 198 ROSCIO
586 164 818 198 AMERINO.
843 166 970 199 Omns).

180 251 235 282 Ad
258 262 325 282 eam
340 262 404 283 rem
425 262 547 293 operam
564 263 649 283 suam
670 253 859 294 pollicentur.
889 254 939 284 Ne
954 253 1068 285 diutius

180 305 232 325 vos
249 301 378 333 teneam,
392 295 519 334 judices,
536 296 657 326 societas
673 296 777 326 coitur.

223 338 321 368 VIII.
346 338 427 368 Cum
437 339 501 377 jam
517 339 740 379 proscriptionis
751 339 865 369 mentio
876 339 961 369 nulla
973 340 1066 377 fieret,

179 386 290 411 etcum
306 381 408 419 etiam,
425 382 477 422 qui
493 387 580 412 antea
595 388 775 417 metuerant,
793 382 933 419 redirent,
951 393 984 412 ac
1002 384 1066 421 jam

180 423 338 454 defunctos
353 435 415 454 sese
430 424 570 465 periculis
586 425 821 460 arbitrarenturg
846 435 956 455 nomen
978 426 1069 456 refer-

180 472 231 496 tur
260 467 291 496 iu
316 467 434 497 tabulas
455 467 539 498 Sexti
564 468 677 503 Roscii,
702 468 834 497 hominis
860 467 1069 498 studiosissimi

181 509 367 540 nobilitatis:
392 520 533 550 manceps
554 510 588 540 fit
607 511 830 550 Chrysogonus.
865 511 941 540 Tria
956 512 1070 551 praedia

181 552 229 582 vel
239 553 425 582 nobilissima
435 553 577 593 Capitoni
592 554 714 594 propria
723 554 894 589 traduntur,
903 565 943 594 qu
948 565 971 583 ze
982 555 1070 584 hodie

182 595 326 636 possidet:
352 596 383 625 in
399 596 529 636 reliquas
545 606 649 626 omnes
658 596 794 626 fortunas
808 597 863 626 iste
875 596 914 625 T.
930 597 1069 635 Roscius,

183 638 305 668 nomine
318 638 518 679 Chrysogoni,
536 639 795 679 quemadmodum
806 639 869 680 ipse
878 639 960 677 dicit,
974 640 1071 680 impe·
1152 644 1153 660 ¹

182 686 250 711 tum
266 681 346 711 facit.
371 682 448 711 Haec
460 683 550 719 bona,
564 682 698 722 sexagies
709 682 777 719 Hs,
794 688 938 712 emuntur
952 682 1070 713 duobus

183 724 319 754 millibus
337 726 510 754 nummum.
534 725 611 755 Haec
626 725 740 762 omnia,
750 725 878 764 judices,
895 725 1071 766 impruden-

182 772 213 797 te
234 767 272 796 L.
289 767 387 805 Sulla,
405 767 483 798 facta
498 778 560 798 esse
575 774 654 798 certo
670 768 739 798 scio.
777 769 889 809 Neque
910 769 991 798 enim
1013 769 1068 798 mi-
1152 776 1153 792 ¹

182 819 252 839 rum
265 813 360 849 (cum,
375 810 479 841 eodem
492 817 638 851 tempore,
652 816 681 841 et
697 821 730 841 ea
742 822 811 851 quae
826 811 976 852 praeterita
988 818 1069 848 sunt,

182 858 212 882 et
227 863 262 883 ea
282 864 351 893 quae
373 853 514 884 videntur
528 854 649 889 instare,
666 860 833 894 praeparet,
858 864 928 884 cum
948 860 975 884 et
991 855 1072 895 pacis

181 896 399 927 constituenda:
413 897 572 934 rationem,
589 904 619 927 et
641 897 712 927 belli
735 897 857 937 gerendi
880 903 1070 937 potestatem,

182 939 264 969 solus
285 939 416 976 habeat3
441 950 511 970 cum
533 949 637 970 omnes
661 940 692 969 in
716 950 812 969 uuum
832 946 975 980 spectent,
992 950 1071 970 unus

182 982 286 1011 onmia
301 983 470 1022 gubernet3
495 992 565 1013 cum
586 988 630 1012 tot
652 982 802 1022 tantisque
818 983 944 1022 negotiis
960 983 1072 1012 disten-

182 1029 231 1054 tus
247 1025 295 1061 sit,
312 1031 347 1055 ut
365 1025 508 1066 respirare
523 1026 615 1055 libere
633 1035 693 1055 non
710 1026 827 1065 possit),
845 1026 869 1055 si
884 1026 999 1066 aliquid
1012 1036 1071 1055 non

181 1067 423 1104 animadvertam
448 1079 518 1098 cum
540 1068 705 1108 praesertim
718 1074 780 1098 tam
796 1069 886 1098 multi
902 1069 1072 1109 occupatio-

181 1120 252 1140 nem
276 1111 341 1149 ejus
362 1112 530 1148 observent,
552 1117 732 1152 tempusque
755 1117 955 1151 aucupentur,
972 1118 1017 1148 ut,
1034 1112 1074 1141 si-

182 1154 249 1183 mul
264 1159 356 1194 atque
376 1154 428 1184 ille
443 1154 623 1194 despexerit,
640 1154 756 1194 aliquid
779 1154 989 1193 hujuscemodi
1005 1165 1071 1184 mo-

181 1196 304 1226 liantur.
340 1197 413 1227 Huc
436 1197 560 1233 accedit,
585 1197 678 1237 quod7
703 1197 842 1237 quamvis
866 1197 917 1227 ille
932 1197 1005 1227 felix
1021 1198 1070 1234 sit,

183 1239 260 1269 sicut
278 1245 321 1269 est
334 1251 343 1275 ;
369 1245 470 1269 tamen
487 1240 517 1269 in
530 1241 614 1270 tanta
629 1239 769 1269 felicitate
786 1250 875 1270 nemo
887 1246 985 1280 potest
998 1251 1071 1279 esse,

184 1281 215 1311 in
231 1283 341 1322 magna
359 1282 475 1312 familia
491 1283 544 1323 qui
559 1282 711 1312 neminem
726 1293 824 1323 neque
840 1293 960 1313 servum
972 1293 1071 1324 neque

183 1324 327 1355 libertum
343 1325 517 1365 improbum
530 1326 649 1355 habeat.

228 1368 348 1397 Interea
365 1368 420 1398 iste
443 1368 482 1397 Τ.
509 1368 648 1403 Roscius,
665 1368 710 1398 vir
730 1369 875 1409 optimus,
897 1374 1072 1409 procurator

184 1410 385 1450 Chrysogoni,
405 1411 565 1441 Ameriam
582 1411 682 1441 venit:
707 1411 738 1440 in
755 1412 868 1451 praedia
881 1412 974 1450 hujus
989 1412 1073 1441 inva-

184 1453 250 1482 dit:
275 1453 357 1483 hunc
383 1454 539 1491 miserum,
567 1454 651 1484 luctu
681 1454 845 1494 perditum,
862 1455 915 1495 qui
936 1455 1072 1484 nondum
1155 1470 1157 1502 ἱ

185 1496 274 1526 etiam
299 1496 401 1526 omnia
423 1503 548 1537 paterno
570 1496 669 1526 funeri
689 1498 771 1535 justa
793 1497 938 1533 solvisset,
954 1497 1073 1527 nudum

185 1539 266 1577 ejicit
290 1539 401 1575 domo3
429 1546 520 1580 atque
542 1540 615 1569 focis
640 1540 744 1580 patriis
760 1540 889 1580 Diisque
915 1540 1074 1580 penatibus

185 1582 382 1622 praecipitem,
402 1582 528 1621 judices,
546 1584 704 1612 exturbat:
730 1583 792 1622 ipse
808 1583 1002 1623 amplissimae
1022 1594 1074 1623 pe-

185 1624 283 1654 cuniae
298 1624 491 1655 sitdominus.
517 1625 580 1662 Qui
593 1625 623 1654 in
635 1626 689 1655 sua
699 1636 729 1654 rc
740 1626 843 1656 fuisset
853 1626 1073 1664 egentissimus,

186 1672 260 1703 erat,
277 1673 312 1697 ut
327 1667 371 1703 fit,
388 1668 518 1698 insolens
532 1668 563 1697 in
579 1668 686 1698 aliena.
712 1668 816 1698 Multa
832 1669 932 1709 palam
948 1669 1074 1698 domum

187 1720 272 1740 suam
291 1710 463 1746 auferebat3
488 1711 577 1751 plura
597 1711 675 1741 clam
700 1711 737 1740 de
759 1711 859 1741 medio
882 1713 1073 1741 removebat:

187 1762 248 1782 non
264 1763 361 1793 pauca
376 1753 436 1783 suis
451 1753 639 1793 adjutoribus
654 1754 737 1794 large
753 1754 905 1795 effuseque
920 1754 1051 1784 donabat
1066 1765 1074 1788 ς

190 1795 319 1836 reliqua,
336 1797 497 1826 constituta
511 1797 660 1833 auctione,
674 1797 830 1827 vendebat.

232 1838 292 1868 IX.
318 1838 411 1878 Quod
422 1839 578 1871 Amerinis
588 1850 684 1880 usque
696 1850 730 1871 eo
743 1839 841 1871 visum
851 1847 894 1872 est
903 1840 1076 1881 indignum,
