1181 1902
219 53 280 89 172
403 53 455 84 IN
478 53 675 85 VERREM
692 53 739 84 ΙΙ.
756 52 841 84 ΟΑΡ.
854 54 907 84 20.

213 148 309 178 quam
332 137 448 169 nemini
463 141 594 170 vestrum
609 139 766 170 inaudita!
801 139 852 170 De
866 138 928 180 qu'a
943 147 1099 178 expugna-

212 181 294 211 tione
316 192 386 212 cum
407 182 499 222 legati
521 182 559 212 ad
583 183 618 213 C.
643 183 798 213 Neronem
821 182 853 212 in
876 181 986 211 Asiam
1007 183 1099 211 Samo

212 224 373 262 venissent,
400 235 577 265 responsum
604 226 748 262 tulerunt,
775 224 924 264 ejusmodi
947 224 1100 264 querimo-

212 266 289 304 nias,
312 278 380 308 quae
400 268 438 297 ad
460 269 594 309 legatum
618 268 725 309 populi
749 267 883 298 Romani
905 267 1098 307 pertinerent,

212 318 273 339 non
299 311 339 340 ad
362 317 532 351 praetorem,
560 311 610 341 sed
638 312 783 347 Romam,
815 310 923 340 deferri
953 316 1098 350 oportere.

212 351 287 389 Qua
301 353 338 383 de
354 364 385 384 re
400 354 617 384 Charidemum
637 354 751 384 Chium
774 353 980 383 testimonium
1002 353 1100 392 priore

211 395 327 426 actione
342 396 438 427 dicere
453 397 598 427 audistis:
624 407 696 434 sese,
716 406 786 426 eum
810 401 885 426 esset
907 395 1097 432 trierarchus,

210 443 241 467 et
263 438 388 469 Verrem
405 450 442 469 ex
458 439 535 470 Asia
550 439 743 469 decedentem
758 444 997 479 prosequeretur,
1011 439 1099 477 jussu

211 479 382 512 DolabeUae
396 482 488 512 fuisse
508 483 571 512 una
594 493 665 513 cum
686 482 743 512 isto
764 482 868 516 Sami,
893 491 1015 521 seseque
1030 487 1098 511 tum

210 523 284 554 scire
299 525 461 565 spoliatum
476 536 538 555 esse
553 525 661 555 fanum
676 525 821 561 ,Junonis,
839 531 868 554 et
879 523 1026 564 oppidum
1042 525 1098 554 Sa-

210 575 320 603 mum3
344 573 507 608 posteaque
522 579 552 598 se
567 578 689 598 causam
705 567 787 607 apud
803 567 906 604 Chios,
923 567 1000 596 cives
1015 577 1096 604 suos,

210 609 321 639 Samiis
335 611 556 647 accusantibus,
572 612 693 652 publice
711 610 841 646 dixisse3
866 619 962 650 eoque
984 620 1014 640 se
1036 620 1098 640 esse

210 653 396 690 absolutum,
413 654 495 694 quod
510 654 637 694 planum
652 653 778 691 fecisset,
795 663 840 691 ea,
854 663 923 694 quae
937 653 1028 692 legati
1044 653 1100 683 Sa-

210 695 343 725 miorum
358 696 501 734 dicerent,
518 696 556 726 ad
571 697 711 732 Verrem,
736 705 796 726 non
819 696 858 726 ad
882 706 924 733 se,
941 696 1097 735 pertinere.

210 738 297 775 Quas
321 739 376 768 iste
399 740 517 769 tabulas
543 740 638 776 illinc,
658 750 726 780 quae
750 739 836 779 signa
859 738 1002 768 sustulit!
1028 749 1098 779 quae

209 781 337 821 cognovi
356 788 476 821 egomet
490 782 573 822 apud
594 782 687 812 istum
709 782 741 811 in
765 781 879 811 aedibus
902 791 1009 821 nuper,
1026 791 1097 811 cum

209 824 389 864 obsignandi
404 825 501 865 gratia
516 825 672 855 venissem.
711 824 791 861 Quae
811 824 896 864 signa
911 834 1002 861 nunc,
1019 823 1098 854 Ver-

209 876 267 904 res,
289 867 342 897 ubi
368 870 463 898 sunt?
486 868 539 897 iila
559 878 672 908 quaero,
689 878 758 908 quae
782 867 864 907 apud
888 872 917 897 te
940 876 1037 907 nuper
1058 867 1097 897 ad

208 919 313 940 omnes
336 910 502 948 columnas,
519 910 661 940 omnibus
685 910 777 940 etiam
799 909 1049 947 intercolumniis,
1065 909 1098 939 in

208 952 285 982 silva
300 953 430 993 denique
449 953 592 994 disposita
612 954 668 983 sub
691 952 760 983 divo
783 952 923 983 vidimus.
962 952 1027 982 Cur
1046 963 1092 990 ea,

208 995 357 1035 quamdiu
372 996 468 1026 alium
484 1002 654 1036 praetorem,
672 1006 742 1026 cum
758 996 794 1025 iis
806 995 959 1034 judicibus
975 1005 1050 1036 quos
1064 995 1097 1025 in

208 1037 319 1068 horum
334 1039 435 1069 locum
451 1039 667 1069 subsortiturus
682 1049 756 1076 eras,
774 1038 811 1068 de
831 1044 860 1068 te
881 1037 913 1067 in
935 1038 1095 1068 consilium

207 1080 325 1111 iturum
340 1082 464 1122 putasti,
482 1082 599 1112 tamdiu
614 1081 697 1111 domi
717 1081 866 1111 fuerunt?
897 1088 1095 1121 posteaquam

208 1124 317 1154 nostris
329 1124 454 1155 testibus
469 1135 534 1162 nos,
548 1135 641 1165 quam
656 1124 736 1154 horis
752 1124 822 1161 tuis,
836 1124 881 1154 uti
896 1124 989 1154 malle
1004 1124 1096 1154 vidis-

209 1166 232 1196 ti
245 1178 255 1202 ;
280 1167 401 1197 nullum
418 1168 540 1208 signum
555 1167 639 1198 domi
654 1167 811 1207 reliquisti,
829 1173 935 1207 praeter
944 1166 1016 1204 duo,
1027 1177 1097 1207 quae

208 1209 240 1238 in
257 1209 363 1240 mediis
375 1210 489 1241 aedibus
501 1216 571 1240 sunt
582 1221 592 1246 ς
616 1221 684 1250 quae
693 1210 757 1250 ipsa
767 1210 860 1240 Samo
872 1210 989 1240 sublata
1001 1211 1097 1240 sunt?

209 1253 282 1282 Non
298 1253 411 1293 putasti
426 1264 475 1283 me
490 1253 550 1283 tuis
564 1252 804 1283 familiarissimis
819 1252 850 1282 in
865 1252 944 1282 hanc
959 1263 1023 1282 rem
1039 1258 1097 1283 tes-

207 1295 334 1325 timonia
345 1295 606 1333 denuntiaturum,
619 1295 673 1336 qui
684 1300 744 1325 tuae
753 1295 836 1324 domi
851 1306 929 1335 saepe
943 1295 1070 1325 fuissent
1083 1306 1093 1331 ;

207 1347 246 1368 ex
261 1338 372 1378 quibus
384 1349 561 1380 quaererem,
578 1339 663 1379 signa
678 1338 825 1368 scirentne
833 1338 936 1377 fuisse,
950 1348 1018 1379 quae
1033 1347 1095 1368 non

209 1390 309 1411 essent
319 1381 333 1410 ’Β

251 1423 328 1454 ΧΧ.
352 1424 438 1462 Quid
462 1430 529 1454 tum
552 1424 606 1455 hos
625 1424 662 1454 de
681 1429 711 1454 te
728 1423 914 1463 judicaturos
935 1423 1096 1454 arbitratus

208 1477 251 1504 eS,
279 1477 349 1497 cum
373 1467 518 1506 viderent,
546 1473 575 1497 te
596 1469 661 1507 jam
686 1477 747 1496 non
767 1474 870 1497 contra
893 1473 1094 1497 accusatorem

207 1515 309 1547 tuum,
323 1510 373 1540 sed
388 1516 492 1540 contra
506 1518 685 1551 quaestorem
701 1516 915 1550 sectoremque,
932 1519 1068 1550 pugnare
1079 1511 1093 1540 ?

250 1552 447 1593 Aspendum,
464 1560 549 1584 vetus
568 1553 716 1594 oppidum
732 1559 761 1582 et
775 1553 876 1582 nobile
890 1552 920 1582 in
939 1553 1096 1593 Pamphy-

206 1595 250 1625 lia
275 1596 354 1626 scitis
378 1606 451 1631 esse,
476 1596 686 1637 plenissimum
715 1595 871 1635 signorum
900 1595 1095 1636 optimorum.

209 1638 284 1668 Non
300 1638 398 1669 dicam
413 1638 497 1669 illinc
512 1640 569 1669 hoc
584 1639 706 1679 signum
722 1638 859 1668 ablatum
869 1648 941 1675 esse,
955 1644 984 1668 et
993 1637 1069 1668 illud
1083 1649 1091 1667 :

207 1680 266 1711 hoc
281 1681 358 1719 dico,
375 1682 496 1711 nullum
512 1688 540 1712 te
558 1681 697 1722 Aspendi
719 1681 852 1721 signum,
879 1681 1000 1718 Verres,
1025 1681 1095 1711 reli-

207 1724 328 1764 quisse;
351 1724 455 1756 onmia
480 1735 518 1755 ex
540 1724 629 1764 fanis,
654 1734 691 1755 ex
717 1724 789 1755 locis
812 1724 953 1765 publicis,
980 1724 1094 1765 palam,
