1181 1902
251 101 302 134 IN
328 100 523 134 VERREM
549 102 575 133 Ι.
599 100 684 133 ΟΑΡ.
704 101 754 132 12.
887 99 947 133 145

55 187 262 229 perendinem.
297 189 348 220 Ita
369 189 433 227 fiet,
457 194 493 219 ut
516 194 569 219 tua
589 188 646 219 ista
665 187 742 218 ratio
757 187 948 219 existimetur

55 237 175 268 astuta3
200 242 303 262 meum
320 232 377 262 hoc
397 231 569 269 consilium,
586 231 797 262 necessarium.

98 274 181 305 XII.
204 275 324 306 Verum
339 275 429 313 illud,
445 275 528 316 quod
542 274 733 305 institueram
749 273 857 311 dicere,
867 273 946 304 mihi

55 327 121 348 rem
137 323 239 349 tecum
254 327 327 356 esse,
339 317 517 357 hujusmodi
533 323 586 348 est.
610 317 690 358 Ego,
704 327 775 347 cum
785 317 865 347 hanc
876 327 949 347 cau-

57 370 135 399 sam,
157 361 330 392 Siculorum
346 366 466 401 rogatu,
482 360 671 401 recepissem,
688 360 782 401 idque
790 359 868 390 mihi
883 370 952 390 am-

56 403 145 444 plum
161 410 190 435 et
204 404 384 445 praeclarum
399 403 632 441 existimassem,
645 413 694 433 eos
706 403 784 434 velle
794 413 872 433 meae
880 402 952 434 fidei

58 445 286 488 diligentiaeque
299 446 469 488 periculum
485 446 593 484 facere,
604 446 659 487 qui
669 446 849 476 innocentiae
858 446 953 476 absti-

56 490 228 531 nentiaeque
251 489 409 525 fecissent;
433 495 513 527 tum,
532 495 671 530 suscepto
694 489 826 538 negotio,
849 490 952 528 majus

56 533 135 563 mihi
149 533 296 574 quiddam
312 533 466 574 proposui,
492 533 524 562 in
545 542 607 573 quo
618 541 719 562 meam
734 533 766 562 in
782 532 954 573 rempubli-

56 585 124 606 cam
140 577 328 607 voluntatem
340 576 472 617 populus
484 576 645 606 Romanus
659 575 826 616 perspicere
841 581 953 616 posset.

58 618 143 649 Nam
158 619 236 650 illud
250 619 328 649 mihi
343 629 539 660 nequaquam
551 619 680 659 dignum
696 618 846 648 industria
861 628 952 649 cona-

56 667 153 704 tuque
168 672 237 693 meo
252 663 422 699 videbatur,
442 662 536 692 istum
557 672 575 692 a
594 671 645 692 me
659 662 691 692 in
705 661 869 701 judicium,
883 662 951 701 jam

56 706 197 736 omnium
215 705 331 745 judicio
351 705 599 743 condemnatum,
610 705 721 741 vocari,
744 705 802 734 nisi
821 704 879 735 ista
899 710 954 735 tua.

57 748 256 779 intolerabilis
271 748 416 790 potentia,
440 755 469 778 et
484 759 519 778 ea
533 748 695 789 cupiditas,
712 748 774 797 qua
789 758 843 788 per
863 747 954 778 hosce

57 801 154 822 annos
174 792 205 822 in
222 792 406 833 quibusdam
419 791 541 831 judiciis
556 802 630 822 usus
651 802 693 829 es,
710 791 800 821 etiam
818 791 850 820 in
865 790 954 821 istius

57 834 190 866 hominis
206 835 354 876 desperati
370 845 460 865 causa
475 835 726 875 interponeretur.
757 834 852 864 Nunc
868 844 951 872 vero,

58 879 204 919 quoniam
220 879 285 909 haec
300 884 329 909 te
351 878 450 908 omnis
470 877 637 908 dominatio
658 887 850 918 regnumque
869 876 954 916 judi-

58 922 175 952 ciorum
191 928 347 962 tantopere
357 921 496 959 delectat,
514 926 543 951 et
553 927 624 951 sunt
634 919 784 957 homines,
796 931 872 960 quos
881 920 953 950 libi-

59 964 139 995 dinis
157 965 353 1006 infamiaeque
372 975 435 994 suae
449 974 548 1005 neque
560 963 683 1004 pudeat,
700 973 800 1004 neque
823 963 950 1000 taedeat;

60 1008 125 1049 qui,
151 1008 238 1049 quasi
261 1008 298 1038 de
323 1007 483 1045 industria,
509 1007 540 1037 in
566 1006 671 1037 odium
694 1006 954 1047 offensionemque

58 1052 165 1092 populi
181 1051 315 1082 Romani
335 1051 447 1081 irruere
462 1050 642 1086 videantur3
666 1049 723 1080 hoc
741 1060 792 1079 me
811 1050 955 1090 profiteor

59 1095 233 1136 suscepisse,
248 1104 398 1134 magnum
419 1094 544 1124 fortasse
558 1103 646 1131 onus,
663 1098 693 1123 et
712 1092 790 1122 mihi
805 1092 956 1133 periculo-

60 1148 141 1175 sum,
166 1144 377 1168 verumtamen
401 1136 542 1177 dignum,
570 1136 602 1166 in
629 1146 691 1176 quo
716 1145 821 1167 omnes
846 1145 955 1167 nervos

59 1181 156 1212 aetatis
170 1180 388 1221 industriaeque
401 1190 479 1210 meae
493 1179 714 1210 contenderem.

103 1224 263 1262 Quoniam
278 1230 360 1254 totus
375 1223 458 1261 ordo,
470 1232 637 1263 paucorum
649 1222 844 1263 improbitate
859 1228 889 1253 et
898 1232 955 1253 au-

60 1266 158 1305 dacia,
175 1267 324 1309 premitur
339 1273 369 1297 et
383 1272 509 1307 urgetur
523 1266 651 1296 infamia
663 1266 866 1305 judiciorum;
883 1276 956 1307 pro-

60 1311 147 1341 fiteor
166 1310 239 1341 huic
259 1310 362 1351 generi
380 1309 543 1340 hominum
561 1319 612 1339 me
635 1309 807 1347 inimicum,
832 1319 956 1339 accusa-

60 1360 158 1384 torem
183 1353 334 1391 odiosum,
362 1352 531 1390 assiduum,
561 1353 706 1384 acerbum
736 1352 954 1382 adversarium.

62 1397 133 1428 Hoc
152 1396 230 1427 mihi
249 1407 358 1432 sumo;
381 1397 440 1426 hoc
458 1396 537 1426 mihi
556 1395 695 1436 deposco,
712 1395 795 1436 quod
815 1405 906 1436 agam
921 1395 955 1426 in

61 1440 253 1481 magistratu,
270 1439 353 1481 quod
365 1449 455 1480 agam
470 1449 508 1470 ex
523 1449 559 1469 eo
572 1439 650 1475 loco,
663 1449 701 1469 ex
713 1449 775 1479 quo
789 1448 841 1469 me
855 1449 956 1479 popu-

62 1483 111 1514 lus
127 1484 287 1514 Romanus
301 1493 339 1513 ex
355 1482 421 1513 Cal.
437 1482 567 1513 Januar.
584 1492 688 1513 secum
709 1492 797 1523 agere
812 1482 850 1512 de
865 1492 957 1523 repu-

61 1527 143 1558 blica
158 1537 192 1557 ac
207 1527 245 1557 de
259 1526 436 1556 hominibus
450 1525 610 1566 improbis,
627 1525 724 1556 voluit
736 1537 743 1555 :
767 1525 825 1555 hoc
839 1535 956 1556 munus

64 1569 216 1600 aedilitatis
238 1579 316 1600 meae
338 1570 453 1610 populo
477 1569 620 1600 Romano
640 1567 864 1609 amplissimum
887 1568 959 1609 pul-

63 1613 311 1654 cherrimumque
325 1613 478 1653 polliceor.
511 1612 639 1650 Moneo,
660 1611 802 1653 praedico,
819 1617 890 1642 ante
905 1611 959 1642 de-

64 1656 173 1686 nuntio
185 1667 194 1691 3
219 1656 273 1697 qui
285 1662 338 1686 aut
353 1655 514 1697 deponere,
530 1661 585 1686 aut
595 1655 737 1696 recipere,
748 1660 801 1685 aut
812 1655 959 1695 accipere,

65 1705 119 1730 aut
133 1699 279 1740 polliceri,
296 1705 350 1729 aut
369 1705 536 1740 sequestres
554 1705 607 1729 aut
626 1699 804 1739 interpretes
823 1708 961 1728 corrum-

66 1742 158 1784 pendi
179 1742 287 1782 judicii
310 1743 407 1773 solent
428 1752 501 1780 esse,
521 1742 636 1783 quique
660 1741 699 1772 ad
720 1741 800 1773 hanc
822 1751 887 1771 rem
905 1747 961 1772 aut

64 1785 232 1827 potentiam
246 1791 301 1816 aut
314 1785 538 1827 impudentiam
550 1795 637 1817 suam
653 1784 780 1826 professi
795 1790 877 1823 sunt,
890 1785 960 1815 abs-

108 1829 228 1867 (Orat.)
246 1838 329 1861 vor„
348 1838 372 1859 1.
673 1837 694 1859 o
