1181 1902
214 72 276 103 418
401 73 452 103 IN
476 73 671 104 VERREM
698 74 740 105 V.
763 73 846 106 CAP.
863 74 918 105 34.

212 157 277 189 haec
291 158 357 188 loca
378 158 528 197 veniente,
544 159 702 190 conditum
717 170 780 190 esse
799 158 1016 190 demonstrant.
1040 160 1105 191 Ita-

213 211 275 241 que
301 202 457 242 Segestani
481 212 542 232 non
565 203 665 233 solum
685 202 832 243 perpetua⁴
853 203 992 233 societate
1012 209 1104 244 atque

214 243 357 282 amicitia,
375 255 481 275 verum
506 246 597 275 etiam
624 245 812 285 cognatione,
836 256 867 276 se
893 256 963 275 cum
989 246 1104 286 populo

213 287 356 317 Romano
371 289 545 327 conjunctos
561 299 623 318 esse
643 289 836 319 arbitrantur.
862 289 931 318 Hoc
947 289 1103 329 quondam

211 330 372 370 oppidum,
390 341 459 361 cum
478 331 531 361 illa
543 331 646 362 civitas
661 342 731 361 cum
743 332 843 361 Poenis
861 342 914 361 suo
929 331 1053 362 nomine
1067 342 1102 362 ac

213 373 270 403 sua
288 380 394 413 sponte
414 374 549 412 bellaret,
572 385 590 404 a
605 374 905 415 Carthaginiensibus
925 374 955 404 vi
976 381 1099 415 captum

211 421 304 457 atque
319 416 453 447 deletum
474 423 518 447 est
531 429 538 447 :
563 417 737 458 omniaque,
755 428 823 457 quae
838 423 1015 447 ornamento
1031 417 1100 447 urbi

210 469 273 489 esse
288 466 419 500 possent,
433 460 649 500 Carthaginem
660 467 730 490 sunt
742 471 779 490 ex
790 461 842 490 illo
852 460 918 490 Ioco
933 459 1098 500 deportata.

212 501 287 532 Fuit
307 502 389 543 apud
416 503 593 543 Segestanos
619 514 656 533 ex
679 514 736 533 aere
761 503 957 533 simulacrum
978 503 1099 542 Dianae,

209 555 282 575 cum
298 544 419 576 summa
433 553 524 587 atque
535 546 747 587 antiquissima
765 546 927 586 praeditum
943 546 1099 586 religione,

211 593 279 618 tum
304 588 449 629 singulari
478 599 567 630 opere
596 589 782 630 artificioque
806 589 984 629 perfectum.
1018 589 1099 627 Hoc,

209 631 390 661 translatum
407 632 635 672 Carthaginem,
651 633 752 662 locum
766 638 885 662 tantum
900 632 1099 672 hominesque

210 674 365 710 mutatam
390 675 566 715 religionem
582 675 705 716 quidem
718 675 877 715 pristinam
892 676 1099 705 conservabat.

209 717 243 747 N
245 727 307 753 am,
324 724 446 758 propter
461 718 605 748 eximiam
617 718 886 758 pulchritudinem,
898 718 989 747 etiam
1004 717 1097 748 hosti-

208 760 267 790 bus
282 760 385 800 digna,
402 771 496 801 quam
512 761 698 791 sanctissime
713 761 854 797 colerent,
871 760 1038 791 videbatur.

252 803 385 843 Aliquot
400 803 517 834 saeculis
532 810 610 844 post,
628 804 664 833 P.
678 803 778 843 Scipio
787 803 868 833 bello
882 804 998 833 Punico
1010 804 1097 833 tertio

209 845 427 886 Carthaginem
443 847 540 887 cepit:
566 846 628 887 qua
643 846 674 876 in
691 845 826 883 victoria,
844 846 954 880 (videte
966 846 1098 876 hominis

208 889 353 919 virtutem
375 895 403 919 et
419 889 620 930 diligentiam,
638 895 672 919 ut
693 894 722 919 et
742 889 912 919 domesticis
931 889 1097 929 praeclaris-

208 931 294 961 simae
314 932 433 962 virtutis
448 933 596 973 exemplis
615 931 782 973 gaudeatis,
799 938 829 962 et
844 942 878 962 eo
899 933 1014 971 majore
1029 932 1098 962 odio

207 974 333 1015 dignam
354 975 441 1005 istius
456 975 663 1005 incredibilem
679 975 837 1005 audaciam
854 974 1008 1014 judicetis)
1025 985 1096 1005 con-

205 1018 318 1048 vocatis
334 1018 442 1049 Siculis
458 1019 611 1055 omnibus,
629 1018 711 1059 quod
726 1018 894 1048 diutissime
918 1018 1096 1058 saepissime-

206 1071 267 1101 que
282 1061 416 1091 Siciliam
433 1068 573 1092 vexatam
590 1073 607 1092 a
623 1061 923 1101 Carthaginiensibus
938 1063 1093 1101 cognotat,

203 1105 292 1143 jubet
307 1104 410 1134 onmia
432 1105 588 1146 conquiri:
612 1105 781 1145 pollicetur,
804 1104 861 1134 sibi
881 1114 1001 1144 magnae
1017 1114 1096 1134 curae

205 1146 280 1184 fore,
307 1153 342 1176 ut
361 1147 464 1177 omnia
488 1148 669 1185 civitatibus,
692 1158 760 1188 quae
787 1148 934 1187 cujusque
956 1147 1094 1183 fuissent,

206 1190 444 1220 restituerentur.
482 1191 569 1221 Tum
596 1191 661 1229 illa,
691 1201 761 1231 quae
791 1191 947 1230 quondam
976 1190 1098 1220 fuerant

207 1231 337 1263 Himera
352 1234 470 1264 sublata
486 1234 536 1267 (de
551 1234 663 1275 quibus
678 1239 767 1263 antea
782 1233 872 1269 dixi),
889 1232 1098 1263 Thermitanis

206 1281 279 1305 sunt
301 1276 437 1306 reddita:
462 1282 529 1307 tum
556 1277 615 1307 alia
642 1277 835 1313 Gelensibus,
859 1276 919 1305 alia
943 1276 1098 1316 Agrigen-

209 1319 279 1349 tinis
293 1330 302 1355 3
334 1319 366 1348 in
393 1320 504 1360 quibus
525 1320 617 1350 etiam
642 1320 694 1350 ille
719 1319 831 1349 nobilis
859 1325 976 1353 taurus,
1005 1329 1099 1358 quem

206 1361 431 1393 crudelissimus
455 1364 595 1393 omnium
625 1369 836 1401 tyrannorum,
863 1360 1014 1398 Phalaris,
1044 1361 1099 1391 ha-

206 1404 306 1434 buisse
321 1405 442 1442 dicitur,
467 1415 528 1445 quo
547 1404 640 1441 vivos,
663 1402 804 1444 supplicii
824 1403 925 1439 causa,
942 1403 1100 1435 demittere

207 1447 356 1484 homines,
380 1454 409 1478 et
428 1448 574 1487 subjicere
589 1447 747 1477 flammam
763 1446 885 1476 solebat.
911 1445 1014 1483 Quem
1031 1453 1099 1476 tau-

207 1500 277 1520 rum
294 1490 394 1530 Scipio
410 1501 481 1521 cum
502 1490 639 1520 redderet
654 1488 875 1529 Agrigentinis,
892 1488 1003 1519 dixisse
1025 1490 1099 1519 dici-

207 1538 268 1569 tur,
295 1544 419 1574 aequum
444 1544 506 1564 esse
525 1534 593 1563 illos
609 1532 750 1573 cogitare,
770 1538 874 1561 utrum
891 1538 966 1561 esset
989 1532 1098 1563 Siculis

208 1576 324 1614 utilius,
342 1576 442 1606 suisne
457 1577 576 1614 servire,
593 1586 632 1606 an
648 1576 762 1616 populo
786 1575 927 1605 Romano
942 1576 1098 1616 obtempe-

205 1629 293 1654 rare;
317 1629 387 1649 cum
403 1619 484 1649 idem
505 1619 729 1649 monimentum
751 1624 780 1648 et
795 1617 967 1648 domesticae
987 1619 1094 1650 crude„

206 1661 299 1692 litatis
315 1668 344 1692 et
358 1668 467 1692 nostrae
481 1662 722 1693 mansuetudinis
737 1662 891 1691 haberent.

247 1704 410 1735 XXXIV.
434 1705 494 1735 Illo
518 1711 653 1746 tempore
675 1703 845 1744 Segestanis
863 1703 1000 1734 maxima
1019 1714 1090 1735 cum

202 1747 275 1778 cura
290 1747 354 1778 haec
369 1747 434 1789 ipsa
449 1748 561 1785 Diana,
578 1748 615 1779 de
631 1747 692 1788 qua
707 1747 847 1785 dicimus,
864 1746 1019 1778 redditur:
1043 1758 1090 1779 re-
