1181 1902
327 358 384 396 IN
413 358 458 397 C.
481 357 699 396 VERREM
729 358 796 396 IV.

157 465 183 496 I.
207 465 355 501 OMNES,
372 464 426 505 qui
449 465 592 502 alterum,
618 465 746 504 judices,
769 464 862 494 nullis
880 463 1006 505 impulsi

112 507 290 544 inimicitiis,
306 507 391 538 null&
405 508 547 548 privatim
561 508 624 538 laesi
638 507 762 547 injurizi,
779 507 864 537 nullo
879 507 1006 548 praemio

113 551 248 587 adducti,
265 551 297 580 in
310 551 461 590 judicium
477 551 650 592 reipublicae
665 551 756 580 caus&
771 556 889 587 vocant,
906 550 1008 590 provi-

114 593 184 624 dere
199 594 320 627 debent,
338 604 399 624 non
415 595 515 624 solum
531 593 605 635 quid
618 593 715 624 oneris
731 594 763 623 in
778 593 938 634 praesentia
949 594 1008 623 tol-

111 636 189 673 lant,
215 636 266 667 sed
289 637 380 667 etiam
399 643 550 677 quantum
571 637 603 666 in
627 646 750 666 omnem
775 636 870 666 vitam
893 636 1008 677 negotii

113 679 263 720 suscipere
278 686 434 710 conentur.
459 680 575 720 Legem
592 679 674 710 enim
691 679 748 709 sibi
768 679 827 720 ipsi
839 679 944 709 dicunt
960 679 1009 709 in·-

114 723 272 759 nocentiae,
289 723 491 759 continentiae,
504 723 715 763 virtutumque
730 723 882 760 omnium,
900 722 954 763 qui
969 724 1007 753 ab

113 765 208 796 altero
229 766 376 796 rationem
393 765 462 796 vitae
477 772 660 806 reposcunt3
685 773 776 806 atque
799 775 833 795 eo
854 765 963 805 magis,
983 765 1008 795 si

112 808 145 838 id
161 812 208 842 (ut
224 815 293 839 ante
310 808 388 845 dixi)
403 809 531 846 faciunt,
548 808 634 838 null&
649 819 681 838 re
701 808 845 838 commoti
861 808 932 845 alia,
949 809 1008 839 nisi

112 851 243 881 utilitate
253 852 419 881 communi.
453 853 549 888 Nam,
563 852 617 892 qui
628 852 685 882 sibi
697 852 753 882 hoc
765 851 885 887 sumsit,
896 857 931 881 ut
943 862 1009 882 cor-

112 894 191 935 rigat
202 905 299 925 mores
311 895 383 924 alim
386 905 452 932 um,
460 905 494 924 ac
505 900 627 935 peccata
636 894 845 935 reprehendat,
857 894 926 935 quis
938 895 1010 925 huic

113 937 259 977 ignoscat,
277 938 301 968 si
317 949 378 978 qua
390 938 421 967 in
437 948 469 968 re
483 938 547 986 ipse
562 939 601 967 ab
613 938 757 978 religione
771 937 860 967 officii
876 937 1010 968 declina-

114 981 174 1011 rit.
167 982 180 1002 ²
205 980 411 1021 Quapropter,
427 981 484 1011 hoc
500 981 592 1011 etiam
608 981 729 1021 magis
721 981 759 1010 ab
772 980 914 1010 omnibus
930 981 1010 1019 ejus-

113 1023 198 1053 modi
213 1024 285 1053 civis
294 1023 465 1053 laudandus
477 1034 511 1053 ac
523 1023 696 1063 diligendus
708 1030 762 1059 est,
775 1023 827 1063 qui
838 1033 898 1053 non
909 1024 1010 1054 solum

115 1065 150 1105 [a
162 1066 332 1107 republica]
347 1066 443 1096 civem
453 1066 629 1107 improbum
641 1072 786 1103 removet,
800 1076 905 1096 verum
916 1067 1010 1097 etiam

113 1120 144 1140 se
159 1109 261 1150 ipsum
273 1109 423 1148 ejusmodi
438 1109 501 1139 fore
516 1109 674 1149 profitetur
689 1120 723 1139 ac
738 1115 871 1149 praestat,
888 1115 923 1139 ut
939 1110 1007 1147 sibi,

116 1162 178 1182 non
193 1152 285 1182 modo
305 1153 462 1182 communi
477 1153 632 1182 voluntate
647 1152 767 1182 virtutis
790 1158 881 1192 atque
905 1152 1007 1190 officii,

113 1195 166 1226 sed
181 1195 273 1226 etiam
288 1201 323 1225 ut
338 1195 473 1236 quadam
490 1195 588 1235 magis
603 1195 770 1225 necessaria
786 1196 913 1232 ratione,
930 1201 1010 1226 recte

115 1239 154 1269 sit
169 1238 354 1279 honesteque
369 1238 545 1268 vivendum.

158 1282 268 1322 Itaque
289 1281 357 1318 hoc,
382 1281 511 1320 judices,
534 1291 571 1310 ex
594 1280 718 1310 homine
736 1281 902 1311 clarissimo
917 1287 1010 1322 atque

114 1324 371 1365 eloquentissimo,
390 1324 427 1354 L.
439 1324 558 1359 Crasso,
570 1334 649 1364 saepe
664 1324 804 1353 auditum
820 1330 875 1360 est,
891 1334 963 1354 cum
979 1335 1010 1355 se

115 1367 231 1398 nullius
243 1367 286 1398 rei
301 1374 364 1397 tam
380 1367 524 1408 poenitere
539 1367 661 1403 diceret,
675 1377 768 1407 quam
782 1367 865 1408 quod
881 1367 917 1397 C.
935 1367 1010 1398 Car-

115 1412 225 1441 bonem
242 1420 381 1451 unquam
395 1410 427 1439 in
439 1409 591 1449 judicium
606 1409 778 1439 vocavisset.
802 1410 912 1440 Minus
927 1411 1010 1441 enim

115 1454 225 1484 liberas
241 1453 380 1483 omnium
396 1463 498 1483 rerum
510 1453 679 1483 voluntates
691 1452 822 1482 habebat
835 1464 846 1489 ς
870 1458 901 1483 et
915 1453 1011 1484 vitam

117 1507 205 1527 suam
220 1497 372 1537 pluribus,
388 1507 483 1536 quam
499 1496 599 1532 vellet,
613 1495 764 1526 observari
779 1496 873 1526 oculis
884 1497 1012 1527 arbitra·-

117 1541 217 1570 batur.
251 1540 358 1580 Atque
383 1539 446 1576 ille,
468 1539 516 1569 his
531 1538 677 1579 praesidiis
691 1538 806 1579 ingenii
820 1538 1014 1580 fortunaeque

117 1582 268 1621 munitus,
291 1589 395 1613 tamen
414 1582 471 1612 hac
491 1582 563 1611 cul-{1
583 1581 804 1618 continebatur,
828 1592 922 1622 quam
941 1583 1011 1621 sibi,

117 1625 256 1656 nondum
272 1625 449 1656 confirmato
464 1625 599 1659 consilio,
617 1624 668 1654 sed
682 1624 808 1654 incunte
823 1630 922 1662 aetate,
947 1636 1014 1655 sus-

118 1675 247 1709 ceperat.
282 1668 355 1706 Quo
370 1668 472 1698 minus
488 1667 579 1698 etiam
599 1667 778 1708 perspicitur
793 1677 899 1697 eoi-um
920 1668 1015 1699 virtus

120 1717 151 1742 et
173 1711 339 1752 integritas,
356 1711 410 1752 qui
428 1711 467 1741 ad
482 1711 560 1741 hanc
580 1721 645 1741 rem
667 1710 895 1747 adolescentuli,
919 1722 1016 1752 quam

121 1754 176 1796 qui
187 1755 253 1794 jam
268 1754 390 1784 firmata
405 1760 503 1793 aetate,
519 1753 714 1785 descendunt.
750 1753 804 1783 Illi
818 1753 915 1792 enim,
931 1761 1017 1785 ante-

183 1798 287 1836 Orat.)
304 1798 387 1828 rot.
407 1806 430 1827 ι.
727 1797 747 1826 2
765 1804 784 1826 c
