1181 1902
156 154 217 185 116
285 152 338 184 IN
361 151 602 184 CAECILIUM
626 152 776 185 DIVIN.
794 154 878 185 CAl’.
896 155 929 185 8.

196 239 277 270 VII.
300 239 347 270 At
362 239 444 270 enim
459 239 558 270 solum
573 239 605 270 id
620 246 674 279 est,
688 246 723 270 ut
734 250 784 271 me
800 240 895 271 Siculi
909 238 1045 271 maxime

153 282 266 314 velint:
291 283 422 312 alterum
442 283 519 313 illud
544 283 658 321 (credo)
680 285 843 314 obscurum
865 289 920 321 est,
943 294 961 313 a
983 294 1046 324 quo

153 326 264 357 Verres
289 326 416 356 minime
441 337 471 356 se
495 327 628 356 accusari
649 327 730 357 velit.
768 326 885 368 Ecquis
907 337 1047 367 unquam

153 374 217 399 tam
232 369 335 409 palam
351 369 388 399 de
403 369 526 408 honore,
544 376 607 399 tam
619 370 812 400 vehementer
827 370 864 400 de
880 370 975 400 salute
991 368 1046 400 sua

153 412 317 450 contendit,
341 422 434 453 quam
450 412 513 451 ille,
537 418 628 453 atque
649 413 732 443 illius
755 413 856 449 amici,
872 418 908 442 ut
928 423 967 443 ne
981 412 1048 443 haec

152 455 230 485 mihi
245 455 355 485 delatio
370 455 483 486 detur?
508 456 588 486 Sunt
603 456 713 493 multa,
731 467 801 497 quae
816 456 926 486 Verres
949 455 981 485 in
997 466 1048 486 me

154 508 216 528 esse
231 498 404 535 arbitratur,
422 509 491 539 quae
507 499 561 528 scit
576 498 607 528 in
624 504 665 537 te,
683 499 723 537 Q.
741 499 856 537 Caecili,
876 509 937 529 non
961 509 1022 529 esse
1039 509 1049 534 3

152 552 222 582 quae
237 541 408 581 cujusmodi
423 541 454 571 in
470 547 599 582 utroque
621 544 757 572 nostrum
774 542 845 579 sint,
863 542 955 582 paulo
978 547 1046 582 post

151 585 405 615 commemorabo.
430 585 523 615 Nunc
539 590 659 614 tantum
672 585 703 614 id
719 585 830 624 dicam,
844 585 926 625 quod
936 585 1044 615 tacitus

153 633 187 657 tu
203 628 280 657 mihi
300 627 479 658 assentiare:
505 628 623 657 nullam
639 639 703 658 rem
727 628 759 658 in
787 638 837 658 me
857 638 930 665 esse,
953 638 1046 668 quam

154 671 207 701 ille
232 676 425 706 contemnat3
450 671 568 700 nullam
599 671 631 700 in
657 677 697 709 te,
724 681 819 712 quam
848 671 1048 711 pertimescat.

154 714 265 754 Itaque
279 724 410 753 magnus
422 714 473 743 ille
488 713 626 744 defensor
638 720 667 744 et
676 715 791 745 amicus
802 715 866 754 ejus
878 714 934 744 tibi
948 712 1049 752 [Hor-

153 757 283 798 tensius]
302 757 506 796 suffragatum
530 767 580 787 me
595 764 753 798 oppugnat
767 769 774 787 :
800 763 901 798 aperte
913 758 951 787 ab
964 756 1048 796 judi-

152 800 239 830 cibus
262 800 348 841 petit,
371 805 407 829 ut
428 805 461 829 tu
483 800 559 830 mihi
581 807 785 841 anteponareg
811 806 839 830 et
865 800 918 836 ait,
935 799 992 830 hoc
1017 810 1048 830 se

152 842 287 879 honeste,
313 843 377 873 sine
402 842 465 873 ulla
487 842 612 881 invidia,
636 854 670 874 ac
696 844 759 874 sine
783 843 848 874 ulla
871 843 1047 881 offensione,

152 887 341 916 contendere.
376 886 448 915 Non
465 886 558 923 enim,
582 886 693 927 inquit,
711 886 789 916 illud
804 892 885 927 peto,
903 886 985 927 quod
1001 896 1049 916 so-

151 929 211 966 leo,
229 940 299 959 cum
315 929 522 959 vehementius
538 929 690 965 contendi,
707 930 888 970 impetrare3
922 940 990 959 reus
1011 934 1047 959 ut

152 972 337 1011 absolvatur,
354 982 415 1002 non
425 979 513 1013 peto:
538 972 601 1009 sed,
618 978 652 1002 ut
661 974 699 1002 ab
710 973 767 1002 hoc
776 972 889 1013 potius,
900 982 994 1013 quam
1006 973 1045 1002 ab

152 1015 205 1045 ino
215 1022 381 1052 accusetur,
398 1015 429 1044 id
444 1021 523 1056 peto.
548 1015 599 1045 Da
613 1015 690 1045 mihi
705 1016 762 1046 hoc
776 1027 783 1045 :
809 1016 948 1053 concede,
965 1015 1048 1056 quod

153 1058 241 1089 facile
263 1065 317 1095 est,
341 1058 424 1099 quod
446 1059 619 1095 honestum,
641 1059 723 1099 quod
749 1069 810 1089 non
836 1059 1044 1095 invidiosum3

153 1101 236 1142 quod
251 1112 321 1131 cum
337 1101 464 1139 dederis,
481 1102 545 1132 sine
567 1102 631 1132 ullo
647 1108 700 1132 tuo
719 1102 864 1142 periculo,
882 1102 945 1132 sine
968 1101 1047 1131 infa-

153 1145 228 1182 mia,
250 1145 328 1175 illud
342 1145 470 1183 dederis,
487 1151 522 1175 ut
541 1145 567 1175 is
582 1145 766 1183 absolvatur,
783 1146 870 1185 cujus
886 1155 941 1185 ego
957 1144 1048 1175 causa

155 1188 269 1218 laboro.

198 1231 242 1261 Et
251 1231 294 1261 ait
303 1230 396 1269 idem,
414 1233 463 1266 (ut
474 1230 583 1272 aliquis
593 1236 692 1261 metus
704 1231 866 1270 adjunctus
881 1230 919 1261 sit
932 1230 969 1260 ad
980 1241 1050 1271 gra-

154 1274 244 1312 tiam)
260 1281 354 1305 certos
378 1285 439 1305 esse
460 1274 491 1304 in
512 1275 646 1311 consilio,
664 1274 775 1315 quibus
790 1274 907 1304 ostendi
922 1274 1049 1304 tabellas

153 1317 248 1347 velit:
272 1318 304 1347 id
334 1328 396 1348 esse
422 1317 583 1358 perfacile:
609 1327 668 1347 non
700 1317 782 1347 enim
808 1317 944 1357 singulos
970 1317 1047 1347 ferre

154 1359 327 1397 sententias,
351 1361 402 1391 sed
425 1361 578 1391 universos
602 1361 800 1391 constituere:
826 1366 957 1390 ceratam
977 1360 1047 1390 uni-

153 1403 264 1444 cuique
279 1403 423 1434 tabellam
446 1404 511 1434 dari
527 1404 594 1434 cera
609 1402 756 1444 legitima,
781 1413 842 1433 non
865 1403 917 1433 illa
939 1403 1048 1433 infami

154 1456 189 1476 ac
204 1446 328 1476 nefaria.
353 1446 460 1487 Atque
483 1447 507 1477 is
523 1457 582 1477 non
600 1453 663 1476 tam
678 1453 800 1488 propter
816 1447 945 1477 Verrem
962 1447 1047 1476 labo-

154 1495 212 1527 rat,
229 1499 323 1530 quam
339 1491 421 1530 quod
437 1501 507 1521 eum
518 1490 645 1520 minime
657 1501 703 1520 res
719 1496 781 1520 tota
792 1490 929 1520 delectat.
954 1490 1048 1520 Videt

154 1532 248 1571 enirn,
266 1533 290 1563 si
309 1543 327 1562 a
341 1533 441 1574 pueris
457 1533 621 1570 nobilibus,
638 1544 715 1574 quos
734 1533 833 1563 adhuc
855 1533 966 1568 elusit;
991 1532 1015 1563 si
1031 1542 1049 1562 a

155 1575 455 1617 quadruplatoribus,
487 1587 562 1617 quos
592 1586 653 1606 non
681 1576 744 1606 sine
775 1576 866 1606 causa
889 1576 1049 1606 contemsit

155 1628 286 1659 semper,
303 1630 337 1649 ac
352 1630 406 1659 pro
422 1619 517 1649 nihilo
532 1620 662 1659 putavit,
685 1619 845 1650 accusandi
857 1619 996 1649 voluntas
1011 1618 1049 1648 ad

155 1661 235 1692 viros
257 1662 358 1698 fortes,
383 1669 589 1703 spectatosque
614 1663 763 1702 homines,
788 1662 931 1692 translata
953 1662 1002 1700 sit,
1019 1672 1050 1692 se

157 1704 188 1734 in
196 1705 318 1744 judiciis
334 1705 484 1736 dominari
499 1716 560 1736 non
576 1716 671 1746 posse.

201 1748 300 1778 VIII.
325 1748 409 1778 Huic
426 1759 481 1789 ego
496 1749 613 1779 homini
631 1750 697 1788 jam
718 1754 789 1779 ante
807 1748 965 1784 denuntio,
990 1747 1014 1778 si
1033 1758 1052 1777 a

156 1800 206 1820 me
222 1801 343 1821 causam
359 1792 437 1822 hanc
452 1803 503 1822 vos
519 1792 569 1833 agi
585 1792 750 1831 volueritis,
767 1792 914 1822 rationem
931 1791 975 1821 illi
999 1791 1052 1821 de-

158 1833 302 1865 fendendi
323 1840 417 1866 totam
437 1846 499 1866 esse
521 1836 725 1872 iuutandan];
750 1841 780 1866 ct
802 1835 845 1866 ita
863 1840 965 1865 tamen
984 1844 1055 1864 mu-
