1181 1902
183 185 276 219 PRO
298 186 464 219 ROSCIO
486 186 720 219 AMERINO.
745 186 829 218 Cn.
846 187 898 218 26.
945 189 988 219 59

102 283 173 304 eum
183 273 237 314 qui
247 279 402 314 parentem
411 273 555 311 necasset,
571 274 735 314 respondit,
752 285 782 304 se
794 274 825 304 id
837 274 991 305 neminem

101 317 253 347 facturum
264 317 393 357 putasse.
418 317 575 358 Sapienter
584 317 685 347 fecisse
695 317 815 355 dicitur,
829 328 898 348 cum
909 318 946 348 de
958 327 993 348 eo

100 359 177 389 nihil
187 360 329 396 sanxerit,
337 359 419 401 quod
425 366 513 390 antea
522 360 717 390 commissum
725 371 784 390 non
793 367 872 397 eratg
885 371 922 391 ne
932 370 992 390 non

102 408 165 432 tam
181 402 350 443 prohibere,
367 413 460 443 quam
476 403 650 440 admonere,
668 403 826 434 videretur.
865 404 993 442 Quanto

101 447 230 485 majores
243 446 336 476 nostri
351 446 532 486 sapientius!
553 446 618 487 qui,
635 457 706 477 cum
722 446 934 486 intelligerent,
945 447 993 476 ni-

101 488 146 518 hil
161 499 222 519 esse
238 496 300 518 tam
317 495 466 524 sanctum,
489 490 570 530 quod
595 499 654 519 non
679 490 843 530 aliquando
868 490 993 520 violaret

101 530 236 569 audacia,
254 532 436 572 supplicium
453 532 483 562 in
500 532 662 573 parricidas
674 533 827 572 singulare
842 533 993 574 excogita-

101 581 230 610 verunt;
254 581 299 623 ut,
317 585 392 615 quos
413 581 522 605 natura
542 575 607 616 ipsa
627 576 753 606 retinere
769 576 799 605 in
815 576 912 606 officio
931 586 992 606 non

101 617 258 658 potuisset,
280 618 302 647 ii
321 618 532 666 magnitudine
554 628 650 659 poenae
668 618 816 649 maleficio
832 621 960 649 submov
963 629 993 649 e-

100 666 214 690 rentur.
239 661 325 691 Insui
341 661 524 691 voluerunt
517 671 549 691 in
565 662 699 692 culleum
722 662 771 692 vix
773 673 817 698 os,
839 668 930 703 atque
950 662 993 692 ita

100 702 132 733 in
148 703 262 734 flumen
278 703 376 743 dejici.

143 747 272 777 XXVI.
297 747 327 777 Ο
344 747 528 787 singularem
542 748 732 788 sapientiam,
742 747 878 788 judices'
905 749 994 779 Non-

100 799 139 821 ne
153 790 294 821 videntur
308 790 391 820 hunc
405 790 561 821 hominem
581 801 618 821 ex
636 802 678 821 re
669 801 737 821 um
761 792 870 821 natura
893 798 994 822 sustu-

100 834 170 864 lisse
185 839 214 863 et
229 833 382 874 eripuisse,
396 833 445 863 cui
459 841 582 874 repente
602 834 723 871 coelum,
746 835 851 871 solem,
868 845 993 875 aquam,

101 883 286 917 terramque,
302 876 489 911 ademerint3
514 883 560 915 ut,
577 877 630 917 qui
653 887 723 907 eum
749 878 892 913 necasset,
912 878 995 909 unde

102 920 166 961 ipse
181 926 270 950 natus
286 925 371 957 esset,
389 926 499 949 careret
508 920 544 949 iis
559 921 648 950 rebus
663 920 817 956 omnibus,
829 931 866 950 ex
883 922 995 962 quibus

104 963 207 994 omnia
221 970 293 993 nata
307 973 369 992 esse
390 962 559 993 dicuntur?
595 963 771 994 Noluerunt
794 964 864 994 feris
887 975 995 1005 corpus

103 1006 243 1045 objicere,
260 1016 298 1036 ne
318 1006 420 1036 bestiis
436 1016 568 1047 quoque,
585 1017 654 1047 quae
677 1012 797 1037 tantum
817 1008 911 1037 scelus
927 1008 996 1038 atti-

102 1049 225 1090 gissent,
249 1049 481 1079 immanioribus
502 1055 679 1084 uteremur3
704 1060 764 1080 non
786 1050 827 1080 sic
847 1051 944 1081 nudos
964 1052 997 1082 in

105 1093 220 1123 flumen
237 1092 373 1131 dejicere,
390 1102 439 1128 ne,
457 1102 527 1122 cum
545 1092 637 1122 delati
660 1100 756 1123 essent
778 1094 809 1123 in
834 1103 929 1130 mare,
950 1094 997 1135 ip-

105 1146 173 1166 sum
186 1135 365 1176 polluerent,
383 1146 444 1176 quo
459 1142 576 1172 caetera,
594 1146 662 1176 quae
673 1136 783 1166 violata
798 1142 879 1173 sunt,
893 1137 997 1178 expia-

106 1179 132 1209 ri
147 1184 303 1220 putantur.
328 1178 471 1219 Denique
487 1178 565 1208 nihil
577 1185 639 1208 tam
655 1179 714 1209 vile
729 1189 828 1220 neque
849 1185 911 1209 tam
928 1181 997 1210 vul.

105 1232 177 1263 gare
201 1227 256 1259 est,
273 1222 359 1261 cujus
384 1227 503 1262 partem
526 1222 623 1251 ullam
645 1222 830 1263 reliquerint.
869 1222 996 1254 Etenim

105 1265 181 1307 quid
202 1271 263 1295 tam
288 1271 332 1295 est
353 1275 526 1301 commune,
544 1275 638 1306 quam
662 1265 784 1305 spiritus
806 1266 893 1302 vivis,
919 1272 998 1297 terra

104 1308 244 1346 mortuis,
269 1318 354 1339 mare
379 1308 608 1345 fluctuantibus,
627 1308 700 1338 litus
724 1308 849 1348 ejectis?
882 1309 932 1339 Ita
951 1310 997 1340 vi-

106 1358 193 1390 vunt,
210 1351 285 1382 dum
300 1358 437 1393 possunt,
453 1358 488 1381 ut
504 1351 612 1382 ducere
627 1352 762 1381 animam
784 1351 820 1382 de
841 1353 915 1383 coelo
932 1363 995 1384 non

105 1402 237 1437 queant:
262 1401 304 1425 ita
318 1401 502 1432 moriuntur,
515 1401 550 1425 ut
561 1405 666 1425 eorum
682 1405 748 1425 ossa
759 1401 837 1425 terra
852 1405 913 1426 non
930 1402 997 1426 tan-

105 1445 176 1479 gat:
200 1439 243 1469 ita
255 1439 409 1477 jactantur
424 1437 577 1475 fluctibus,
588 1445 623 1469 ut
638 1448 798 1479 nunquam
810 1439 994 1469 abluantur:

104 1482 148 1512 ita
169 1489 320 1522 postremo
335 1481 508 1521 ejiciuntur,
525 1487 560 1511 ut
575 1491 613 1512 ne
628 1481 667 1512 ad
682 1492 755 1512 saxa
770 1482 895 1522 quidem
913 1493 997 1513 rnor-

103 1525 149 1555 tui
160 1524 381 1566 conquiescant-

148 1568 243 1599 Tanti
263 1568 404 1598 maleficii
423 1568 548 1605 crimen,
565 1567 613 1598 cui
635 1567 784 1598 maleficio
799 1574 862 1598 tam
878 1569 997 1610 insigne

105 1611 288 1653 supplicium
301 1618 345 1642 est
354 1612 564 1648 constitutum,
577 1613 704 1652 probare
716 1618 755 1647 te,
774 1611 878 1648 Eruci,
896 1623 997 1644 censes

107 1665 192 1696 posse
212 1655 324 1685 talibus
346 1655 428 1692 vin's,
454 1654 478 1685 si
499 1664 537 1685 ne
558 1664 680 1685 causam
707 1654 831 1695 quidem
855 1656 998 1686 maleficii

107 1698 290 1739 protuleris?
315 1698 348 1728 Si
370 1698 453 1728 hunc
477 1697 560 1738 apud
583 1699 733 1728 bonorum
763 1704 891 1728 emtores
918 1699 998 1740 ipsos

109 1751 271 1778 accusares,
296 1741 383 1782 eique
403 1740 517 1781 judicio
537 1740 753 1782 Chrysogonus
775 1748 924 1782 praeesset,
952 1748 998 1772 ta-

110 1794 180 1815 men
197 1784 371 1825 diligentius
389 1784 584 1825 paratiusque
604 1784 743 1815 venisses.
780 1785 905 1819 Utrum,
923 1786 998 1826 quid

108 1834 226 1869 agatur,
241 1837 303 1859 non
323 1828 428 1859 vides?
460 1837 511 1866 an,
527 1827 609 1869 apud
624 1837 701 1868 quos
723 1834 830 1868 agatur
843 1830 857 1858 ζ’
881 1829 999 1869 Agitur
