1181 1902
203 73 261 102 144
392 70 443 101 IN
468 69 663 101 VERREM
688 70 715 100 Ι.
740 70 823 101 CAP.
843 71 892 101 11.

196 159 310 189 Decem
325 157 388 188 dies
403 162 474 187 sunt
487 162 557 187 ante
570 156 658 187 ludos
672 157 798 194 votivos,
814 167 890 198 quos
911 156 969 188 Cn.
986 157 1084 188 Pom-

195 202 281 243 peius
296 201 430 231 facturus
445 206 498 230 est.
522 200 567 230 Hi
582 199 648 229 ludi
662 199 725 230 dies
740 200 914 241 quindecim
929 200 1081 231 auferentx

195 245 304 275 deinde
314 244 455 274 continuo
467 243 601 273 Romani
611 248 839 284 consequentur.
859 244 908 273 Ita
916 253 1010 285 prope
1018 243 1082 274 XL

195 288 302 318 diebus
317 286 509 327 interpositis,
526 292 593 316 tum
609 286 750 326 denique,
767 296 797 316 se
812 286 851 316 ad
866 297 900 316 ea
911 297 979 327 quae
994 298 1013 317 a
1030 296 1085 317 no-

194 331 242 361 bis
257 331 336 361 dicta
348 335 446 367 erunt,
463 339 655 369 responsuros
670 340 732 359 esse
747 329 949 359 arbitrantur:
974 329 1084 360 deinde

195 384 226 404 se
241 374 394 409 ducturos,
411 379 440 403 et
455 372 580 402 dicendo
596 378 625 402 et
641 372 822 408 excusando,
839 372 926 403 facile
941 372 979 402 ad
994 373 1082 403 ludos

192 417 345 448 Victoriae.
370 416 451 446 Cum
466 415 513 445 his
528 414 659 455 plebeios
674 426 736 445 esse
756 415 949 454 conjunet0s;
975 425 1080 446 secun-

192 460 268 490 dum
284 470 370 501 quos,
387 465 440 489 aut
455 458 532 488 nulli
553 464 606 487 aut
625 458 714 498 pauci
734 458 796 488 dies
812 458 850 488 ad
865 458 1018 498 agendum
1033 459 1083 488 fu-

192 503 254 533 turi
269 509 348 533 sunt.
373 503 421 532 Ita
437 499 551 532 defessi]⁴
565 511 598 531 ac
614 499 787 541 refrigerata
802 502 1000 539 accusatione,
1017 511 1082 532 rem

192 546 343 587 integram
367 545 406 575 ad
430 545 479 576 M.
506 544 669 574 Metellum
698 550 857 584 praetorem
884 555 945 575 esse
972 551 1081 575 ventu-

192 600 280 620 ram:
307 599 399 630 quem
420 599 474 628 ego
495 587 662 625 hominem,
679 587 704 617 si
724 588 789 626 ejus
809 587 879 617 fidei
900 587 1015 618 diffisus
1035 598 1081 618 es-

192 643 267 671 sem,
281 632 415 671 judicem
431 641 491 661 non
507 630 705 661 retinuissem.
737 630 832 660 Nunc
847 636 948 660 tamen
964 641 998 661 eo
1013 631 1080 661 ani-

190 685 242 706 mo
269 685 348 713 sum,
374 680 409 704 ut
435 685 468 705 eo
492 673 604 713 judice,
630 683 722 714 quam
750 680 888 714 praetore,
911 674 990 704 hanc
1014 684 1079 705 rem

191 718 316 759 transigi
331 718 459 753 malim3
484 723 513 747 et
525 717 626 755 jurato
642 727 740 755 suam,
754 726 847 757 quan]
857 716 989 756 injurato
1004 717 1079 748 alio-

189 772 259 792 rum
275 761 400 792 tabellas
415 761 610 790 committere.

232 805 294 835 XI.
319 804 413 834 Nunc
437 814 503 843 ego,
526 803 653 842 judices,
676 803 742 842 jam
767 813 819 833 vos
843 804 976 840 consulo,
1001 803 1077 845 quid

189 847 267 878 mihi
282 847 454 878 faciendum
470 847 590 886 putetis.
627 846 664 875 Id
679 847 761 876 enim
777 846 892 876 consilii
912 847 988 876 mihi
1008 857 1078 888 pro-

188 891 266 921 fecto
282 890 364 920 taciti
379 890 499 926 dabitis,
517 889 598 930 quod
617 895 735 929 egomet
757 889 835 919 mihi
850 890 1013 920 necessario
1029 901 1078 920 ca-

188 933 335 974 piendum
352 933 496 972 intelligo.
521 933 555 962 Si
564 938 632 962 utar
642 932 679 962 ad
692 932 852 962 dicendum
863 943 930 962 meo
939 933 1077 973 legitimo

189 983 344 1017 tempore3
368 976 429 1007 mei
451 976 572 1013 laboris,
594 975 760 1011 industriae,
783 976 1006 1016 diligentiaeque
1028 987 1077 1007 ca-

187 1020 270 1061 piam
287 1020 420 1050 fructum
436 1031 443 1048 :
469 1025 497 1049 et
510 1030 546 1049 ex
557 1019 744 1049 accusatione
758 1019 923 1059 perficiam,
938 1026 972 1049 ut
987 1029 1076 1050 nemo

188 1073 327 1103 unquam
341 1069 408 1104 post
423 1062 583 1092 hominum
599 1061 776 1091 memoriam
790 1062 930 1102 paratior,
948 1062 1077 1103 vigilan-

186 1107 255 1143 tior,
273 1105 475 1147 compositior,
492 1105 530 1135 ad
543 1105 693 1144 judicium
706 1105 820 1134 venisse
832 1105 977 1135 videatur.
1001 1106 1072 1143 Sed,

186 1149 218 1179 in
235 1149 290 1179 hac
306 1149 396 1179 laude
412 1148 567 1178 industriae
582 1158 668 1185 meae,
690 1158 757 1177 reus
774 1158 811 1178 ne
826 1148 973 1185 elabatur,
991 1159 1075 1179 sum-

185 1202 274 1222 mum
289 1192 458 1233 periculum
475 1198 526 1221 est.
551 1191 637 1229 Quid
652 1196 695 1221 est
709 1191 812 1231 igitur,
829 1191 911 1231 quod
927 1191 990 1221 fieri
1005 1203 1074 1232 pos-

186 1236 248 1266 sit?
281 1236 312 1265 N
315 1246 353 1265 on
380 1236 554 1270 obscurum,
581 1234 699 1274 opinor,
724 1243 822 1274 neque
849 1234 1070 1265 absconditum.

185 1279 334 1309 Fructum
351 1279 443 1308 istum
459 1277 568 1313 laudis,
582 1277 635 1318 qui
650 1288 687 1307 ex
699 1277 845 1317 perpetua
856 1277 988 1308 oratione
1004 1289 1073 1319 per-

184 1322 243 1362 cipi
258 1322 368 1362 potuit,
384 1321 415 1350 in
432 1321 491 1350 alia
506 1326 642 1360 tempora
656 1330 858 1350 reservemus:
877 1329 958 1350 nunc
973 1320 1073 1351 homi-

184 1375 255 1395 nem
271 1365 394 1401 tabuiis,
412 1364 548 1400 testibus,
561 1363 685 1403 privatis
696 1363 886 1403 publicisque
896 1363 990 1394 literis
1001 1375 1073 1395 auc..

173 1407 316 1438 *toritatib
321 1417 425 1448 usque,
434 1417 616 1437 accusemus.
630 1406 692 1436 Res
702 1406 800 1436 omnis
808 1406 885 1435 mihi
895 1412 993 1437 tecum
1005 1407 1072 1445 erit,

174 1450 341 1481 -Hortensi.
374 1450 484 1480 Dicam
506 1455 615 1490 aperte.
651 1449 684 1479 Si
704 1455 733 1479 te
752 1458 872 1479 mecum
893 1449 1019 1480 dicendo
1039 1461 1074 1481 ac

183 1493 335 1523 diluendis
356 1493 532 1523 criminibus
551 1492 582 1522 in
603 1492 659 1522 hac
681 1492 772 1522 causa
791 1491 969 1522 contendere
984 1499 1074 1533 puta-

183 1547 247 1566 rem
261 1547 270 1571 ;
296 1546 350 1576 ego
366 1546 487 1577 quoque
502 1536 533 1565 in
549 1535 727 1573 accusando,
741 1540 832 1576 atque
843 1535 874 1564 in
886 1535 1072 1576 explicandis

182 1579 371 1615 criminibus,
399 1589 521 1619 operam
546 1588 763 1610 consumerem.
796 1578 828 1607 N
830 1588 900 1615 unc,
925 1579 1071 1618 quoniam

182 1632 319 1663 pugnare
334 1627 437 1652 contra
452 1632 501 1651 me
515 1622 682 1659 instituisti,
698 1631 758 1651 non
780 1626 843 1651 tam
859 1631 896 1651 ex
912 1621 966 1651 tua
980 1628 1070 1652 natu-

182 1665 228 1703 ra,
246 1675 338 1705 quam
355 1675 392 1695 ex
408 1664 493 1694 istius
508 1671 643 1704 tempore
663 1670 692 1694 et
707 1663 808 1701 causa,
824 1664 991 1700 malitiose3
1016 1675 1069 1695 ne-

183 1718 263 1738 cesse
278 1714 321 1738 est
336 1707 505 1738 istiusmodi
526 1708 633 1737 rationi
654 1708 756 1748 aliquo
777 1707 901 1737 consilio
916 1707 1068 1738 obsistere.

183 1750 255 1780 'rua
269 1751 344 1781 ratio
364 1757 419 1786 est,
441 1757 486 1790 ut,
508 1750 675 1781 secundum
697 1750 783 1781 binos
803 1750 902 1786 ludos,
925 1750 1002 1780 mihi
1022 1761 1069 1781 re-

179 1793 327 1836 spondere
346 1794 491 1836 incipia53
517 1804 595 1833 mea,
612 1800 646 1826 ut
666 1799 736 1825 ante
755 1793 870 1836 primos
883 1792 972 1825 ludos
988 1803 1070 1825 com-
