1181 1902
284 72 334 103 IN
359 71 555 103 VERREM
580 72 607 103 Ι.
631 72 715 103 ΟΛΡ.
732 74 763 103 9.
908 71 964 102 141

76 158 108 189 id
133 158 259 189 moleste
284 158 383 190 ferre:
415 158 575 200 cupiebam
601 158 697 189 animi
718 157 851 188 dolorem
879 157 968 188 wiltu

76 207 187 242 tegere,
204 207 234 232 et
248 201 451 232 taciturnitate
466 203 570 232 celare.
594 202 674 232 Ecce
689 207 803 238 autem,
820 200 880 231 illis
895 200 969 240 ipsis

75 244 194 282 diebus,
220 255 291 275 cum
313 250 454 285 praetores
478 245 626 285 designati
650 245 836 281 sortirentur,
863 250 892 274 et
917 243 966 273 M.

76 287 206 318 Metello
221 288 387 328 obtigisset,
407 294 441 317 ut
457 288 481 317 is
496 288 533 318 de
548 288 683 328 pecuniis
698 287 870 328 repetundis
885 297 970 328 quaem

77 338 172 366 reret;
192 331 350 361 nuntiatur
364 331 451 368 mihi,
469 336 584 361 tantam
600 331 649 361 isti
661 330 895 370 gratulationem
907 340 970 360 esse

76 373 199 412 factam,
225 379 260 404 ut
282 374 307 404 is
334 384 456 415 quoque
479 374 607 404 domum
630 374 773 410 mitteret,
799 373 853 413 qui
881 373 969 403 uxori

78 427 141 446 suae
156 417 340 447 nuntiarent.
364 419 443 447 Sane
458 426 496 446 ne
511 417 574 447 haec
587 417 711 458 quidem
723 426 769 446 res
780 416 857 445 mihi
869 416 969 457 place-

77 461 149 490 bat:
174 470 272 501 neque
287 466 401 497 tamen,
418 460 493 501 quid
509 463 663 500 tantopere
678 460 709 489 in
730 459 786 489 hac
807 465 884 488 sorte
904 469 970 489 me-

78 503 228 533 tuendum
249 503 326 533 mihi
347 509 433 540 esset,
456 503 673 544 intelligebam.
706 502 814 533 Unum
834 501 912 531 illud
931 511 969 531 ex

77 545 253 576 hominibus
269 546 365 583 certis,
382 557 420 576 ex
436 528 573 587 quibust,
563 546 666 576 omnia
680 545 824 597 comperi,
841 544 970 585 reperie-

77 589 172 619 bam:
205 589 291 619 fiscos
317 589 487 630 complures
514 599 584 619 cum
610 588 740 630 pecunia
763 587 923 625 Siciliensi,
951 598 970 617 a

77 632 212 672 quodam
227 638 373 669 senatore,
390 632 429 662 ad
445 632 579 672 equitem
594 632 773 662 Romanum
789 641 852 662 esse
871 637 970 661 trans-

76 675 154 705 latos
168 686 176 705 t
201 685 239 706 ex
253 675 301 705 his
317 675 404 716 quasi
418 675 523 705 decem
538 676 623 706 fiscos
639 675 678 705 ad
693 680 860 706 senatorem
879 674 970 703 illum

78 717 195 748 relictos
211 728 284 755 esse,
301 718 492 748 comitiorum
508 728 647 749 meorum
662 718 804 748 nornine:
827 717 970 747 divisores

76 761 217 791 omnium
233 761 370 792 tribuum
385 767 475 791 noctu
487 761 525 791 ad
536 762 629 791 istum
643 767 770 792 vocatos.
793 760 846 791 Ex
858 760 970 801 quibus

77 804 216 845 quidam,
244 805 298 845 qui
324 815 355 835 se
378 805 482 834 onmia
506 804 576 834 nie-5³.
599 804 689 834 causa
713 804 821 835 debere
842 803 970 833 arbitra-

76 848 178 885 batur,
203 847 309 878 effidem
332 847 385 877 illa
405 853 491 877 nocte
512 847 551 878 ad
571 858 621 878 me
641 847 742 878 venit:
771 847 968 884 demonstrat,

77 890 141 931 qua
155 890 211 920 iste
233 890 366 920 oratione
386 901 458 920 usus
480 897 573 921 esset:
598 890 849 921 commemorasse
863 889 968 926 istum,

77 944 173 974 quam
188 933 350 964 liberaliter
365 943 414 963 eos
429 934 583 964 tractasset
598 934 689 964 etiam
705 939 803 971 antea,
821 942 892 963 cum
906 932 971 973 ipse

77 982 243 1017 praeturam
263 977 397 1017 petisset,
420 983 448 1007 et
469 977 616 1017 proximis
636 976 843 1007 consularibus
862 981 972 1016 praeto-

77 1019 190 1060 riisque
216 1019 366 1050 comitiis:
397 1019 506 1050 deinde
531 1020 674 1050 continuo
700 1029 762 1050 esse
787 1018 970 1060 pollicitum,

79 1068 203 1103 quanta
197 1073 228 1092 11
244 1062 356 1093 vellent
375 1063 548 1103 pecuniam,
569 1063 594 1092 si
613 1073 664 1093 me
685 1062 827 1092 aedjlitate
847 1061 972 1101 dejecis-

80 1111 157 1136 sent.
194 1105 258 1135 Hic
278 1105 351 1135 alios
374 1106 497 1146 negasse
517 1105 647 1142 audere;
675 1105 750 1136 alios
772 1104 970 1146 respondisse,

82 1158 144 1179 non
163 1155 271 1197 putare
289 1148 322 1178 id
344 1148 447 1189 perfici
468 1159 573 1189 posse·
601 1148 761 1179 inventum
783 1154 885 1178 tamen
908 1158 971 1178 esse

79 1191 190 1222 fortem
205 1191 350 1239 amicum,
368 1202 405 1221 ex
421 1192 527 1222 eadem
547 1192 676 1230 familia,
699 1191 740 1229 Q.
754 1191 895 1227 Verrem,
906 1191 972 1220 Ro-

79 1234 177 1271 milia,
200 1245 238 1271 ex
258 1234 375 1275 optima
395 1235 559 1265 divisorum
581 1234 750 1275 disciplina,
771 1233 865 1275 patris
885 1233 972 1264 istius

80 1277 265 1318 discipulum
281 1283 372 1318 atque
387 1278 532 1315 amicum,
549 1278 614 1318 qui,
631 1277 688 1308 Hs
709 1277 882 1319 quingentis
900 1276 972 1306 mil-

79 1321 161 1351 libus
185 1320 338 1360 deposids,
363 1321 395 1350 id
419 1331 450 1351 se
471 1321 677 1362 perfecturum
701 1321 913 1361 polliceretur:
942 1325 973 1349 et

79 1363 173 1394 fuisse
187 1369 290 1393 tamen
305 1364 479 1403 nonnullos,
496 1364 550 1405 qui
565 1374 595 1394 se
616 1364 678 1394 una
698 1364 829 1394 facturos
849 1373 911 1393 esse
926 1362 973 1392 di-

79 1413 191 1437 cerent.
224 1406 304 1444 Quae
323 1417 393 1436 cum
414 1407 456 1437 ita
478 1412 585 1445 essent,
609 1417 680 1437 sane
703 1406 849 1437 benevolo
869 1405 972 1436 animo

81 1459 143 1487 me,
160 1455 195 1479 ut
210 1459 394 1490 magnopere
409 1460 556 1487 caverem,
573 1451 788 1490 praernonebat.

127 1492 188 1523 IX.
208 1492 397 1523 Sollicitabar
412 1495 501 1524 rebus
515 1493 658 1523 maximis
672 1503 735 1523 uno
750 1498 842 1533 atque
857 1502 891 1522 eo
905 1502 975 1532 per-

81 1535 194 1576 exiguo
209 1541 354 1575 tempore.
391 1536 550 1576 Urgebant
570 1535 712 1572 comitia3
737 1541 766 1566 et
785 1535 817 1564 in
835 1535 883 1565 his
903 1535 975 1576 ipsis

81 1579 282 1619 oppugnabar
297 1579 404 1618 grandi
424 1579 562 1620 pecunia.
596 1579 735 1609 Instabat
752 1578 923 1617 judicium:
948 1577 976 1608 ei

83 1631 206 1662 quoque
221 1622 341 1693 negotio
356 1622 419 1653 fisci
435 1622 602 1653 Sicilienses
622 1622 828 1652 minabantur.
854 1622 975 1669 Agere,

84 1674 155 1705 quae
180 1663 220 1694 ad
246 1664 314 1703 judi
316 1664 397 1695 cium
423 1665 625 1713 pertinebant,
651 1665 756 1703 libere,
783 1664 976 1694 comitiorum

84 1713 170 1737 metu
187 1707 375 1739 deterrebar.
399 1708 538 1750 petitioni
552 1714 615 1738 toto
630 1708 732 1738 animo
749 1707 868 1745 servire,
888 1717 979 1747 prop-

86 1756 132 1781 ter
144 1749 307 1790 judicium,
324 1760 385 1782 non
406 1751 524 1782 licebat.
557 1751 676 1782 Minari
696 1750 766 1782 deni
757 1761 828 1792 que
847 1749 985 1781 divisori-
