1181 1902
145 69 208 99 216
328 69 379 100 IN
404 68 603 102 VERREM
628 70 693 103 111.
717 71 800 103 CAP.
817 74 848 104 3.

143 162 173 186 et
187 157 230 188 rei
244 156 451 188 frumentariae
462 157 642 197 subsidium,
653 165 683 190 et
694 159 918 201 receptaculum
930 160 1032 192 classi-

142 200 200 231 bus
215 201 322 232 nostris
336 206 461 241 pateret.

186 244 232 274 ΙΙ.
256 244 361 282 Quare
377 244 413 273 P.
427 243 602 281 Africanus,
620 244 805 285 Carthagine
819 246 928 284 deleta,
945 247 1032 278 Sicu-

141 286 242 317 lorum
255 289 343 317 urbes
359 286 451 326 signis
460 288 714 328 monimentisque
724 289 934 329 pulcherrimis
944 301 1030 320 exor-

143 330 246 365 navit3
271 337 316 366 ut,
334 340 408 370 quos
424 330 546 361 victoria
562 331 667 371 populi
684 332 817 362 Romani
829 333 964 363 maxime
978 334 1031 364 lae-

142 372 200 402 tari
215 373 427 407 arbitrabatur,
444 374 525 414 apud
541 385 589 404 eos
609 374 797 404 monimenta
812 375 942 406 victoriae
962 376 1033 417 plu-

144 415 222 445 rima
232 416 396 446 collocaret.
414 416 556 457 Denique
566 418 617 447 ille
626 417 689 457 ipse
699 418 747 447 M.
757 417 933 454 Marcellus,
945 420 1033 458 cujus

144 459 175 489 in
192 459 293 489 Sicilia
310 459 452 489 virtutem
464 460 573 497 hostes,
588 460 821 491 misericordiam
835 461 915 497 victi,
926 462 1036 493 fidem-

144 512 204 542 que
219 502 317 532 ea’teri
333 502 437 538 Siculi,
458 509 686 543 perspexerunt,
703 513 763 533 non
780 504 878 534 solum
895 505 979 535 sociis
1000 505 1032 535 in

145 555 180 575 eo
203 545 283 575 beno
307 546 467 582 consuluit,
493 557 599 576 verum
619 547 709 576 etiam
731 547 876 587 superatis
894 547 1035 579 hostibus

145 588 333 628 temperavit.
357 589 474 619 Urbem
491 589 738 629 pulcherrimam,
751 590 924 630 Syracusas,
937 593 1030 631 (quae,

143 641 214 661 cum
230 641 324 661 manu
340 632 544 662 munitissima
559 638 644 668 esset,
658 639 735 668 tum,
749 633 806 662 loci
819 634 939 669 natura,
957 634 1036 664 terra

145 684 180 704 ac
195 674 271 703 mari
282 674 490 711 claudebatur)
502 685 571 704 cum
585 676 613 705 vi
629 676 812 716 consilioque
824 676 959 716 cepisset,
973 687 1033 707 non

146 717 245 747 solum
261 717 444 747 incolumem
462 728 566 758 passus
582 724 625 747 est
641 729 713 754 esse,
732 719 782 748 sed
795 718 837 748 ita
849 719 970 759 reliquit
986 730 1037 750 or-

145 765 261 796 natam,
274 766 309 790 ut
325 766 398 790 esset
410 760 491 790 idem
502 761 726 791 monimentum
739 761 879 796 victoriae,
893 772 1035 793 mansue-

145 802 271 839 tudinis,
288 803 499 839 continentiae3
524 814 594 833 cum
609 803 747 834 homines
762 804 907 840 viderent,
921 806 1037 846 etquid

147 846 362 886 expugnasset,
374 852 402 876 et
412 847 523 887 quibus
538 847 727 886 pepercisset,
741 852 768 876 et
778 858 847 887 quae
856 848 1035 889 reliquisset.

147 889 286 918 Tantum
303 889 354 919 ille
368 889 514 920 honorem
532 890 642 919 siciliae
662 889 837 920 habendum
854 891 982 931 putavit,
999 897 1034 921 ut

146 941 185 962 ne
199 931 333 962 hostium
350 932 474 973 quidem
489 933 597 963 urbem
609 943 646 963 ex
658 933 806 964 sociorum
820 933 918 964 insula
929 934 1039 964 tollen·

145 974 218 1005 dam
234 975 437 1006 arbitraretur.

193 1018 328 1059 Ita-que,
350 1018 389 1048 ad
416 1029 520 1049 omnes
542 1030 599 1056 res,
620 1019 722 1050 Sicilia
744 1020 898 1061 provincia
920 1031 1040 1062 semper

148 1061 197 1091 usi
213 1071 329 1099 sumus,
346 1067 392 1098 ut,
409 1062 559 1103 quidquid
571 1073 608 1092 ex
625 1074 686 1093 sese
698 1070 796 1104 posset
807 1064 920 1100 efferre,
933 1064 963 1094 id
976 1074 1038 1094 non

150 1104 233 1144 apud
252 1115 300 1134 eos
323 1105 415 1140 nasci,
437 1104 488 1135 sed
509 1105 592 1135 domi
611 1113 721 1136 nostrae
740 1107 895 1137 conditum
916 1113 1039 1148 putare-

147 1157 227 1178 mus.
252 1147 385 1185 Quando
400 1148 452 1178 illa
468 1148 669 1186 frumentum,
686 1149 767 1190 quod
783 1150 913 1187 deberet,
927 1160 987 1180 non
1000 1149 1040 1180 ad

150 1190 232 1220 diem
247 1190 355 1221 dedit?
379 1191 501 1232 quando
516 1191 558 1227 id,
575 1192 656 1232 quod
673 1202 748 1233 opus
761 1203 822 1222 esse
834 1199 964 1233 putaret,
976 1203 1037 1223 non

149 1233 231 1263 ultra
254 1233 388 1274 pollicita
414 1241 457 1264 est
467 1234 482 1263 ’ἔ
506 1234 628 1275 quando
653 1235 695 1271 id,
723 1234 804 1276 quod
829 1235 1040 1276 imperaretur,

150 1277 323 1306 recusavit?
346 1277 454 1318 Itaque
469 1277 521 1307 ille
536 1278 584 1307 M.
596 1277 672 1308 Cato
682 1279 807 1319 Sapiens
823 1278 929 1308 cellam
945 1289 1039 1319 pena-

148 1318 226 1348 riam
249 1320 423 1360 reipublicae
445 1326 564 1357 nostrae,
586 1322 734 1351 nutricem
757 1321 854 1362 plebis
877 1322 1038 1360 Romanae,

150 1361 284 1392 Siciliam
301 1363 478 1393 nominavit.
503 1364 568 1394 Nos
583 1374 652 1393 vero
667 1364 781 1403 experti
797 1375 914 1401 sumus,
933 1364 1040 1395 Italico

150 1405 287 1434 maximo
302 1405 541 1447 difficillimoque
552 1407 642 1440 bello
654 1407 788 1437 Siciliam
805 1408 902 1444 nobis,
913 1417 971 1437 non
983 1417 1039 1448 pro

149 1447 272 1487 penaria
289 1449 375 1484 cella,
393 1449 444 1479 sed
459 1460 513 1489 pro
529 1449 632 1480 aerario
648 1450 700 1480 illo
718 1451 869 1490 majorum
892 1456 989 1481 vetere
1004 1460 1040 1480 ac

150 1490 270 1527 referto,
286 1490 387 1521 fuisse.
412 1492 443 1522 N
447 1502 507 1529 am,
525 1493 590 1522 sine
603 1493 666 1523 ullo
687 1499 790 1523 sumtu
812 1500 923 1531 nostro,
940 1493 1038 1531 coriis,

151 1533 271 1569 tunicis,
284 1533 498 1583 frumentoque
513 1535 715 1576 suppeditato,
727 1536 877 1567 maximos
893 1536 1041 1567 exercitus

152 1582 267 1607 nostros
283 1577 411 1614 vestivit
429 1578 515 1615 aluit,
532 1579 668 1609 armavit.

196 1619 261 1649 ΙΙΙ.
285 1620 395 1656 Quid?
419 1620 482 1657 illa,
508 1632 577 1662 quae
600 1621 722 1652 forsitan
745 1632 783 1652 ne
804 1621 948 1652 sentimus
970 1622 1039 1662 qui-

149 1661 231 1700 dem,
251 1663 378 1702 judices,
396 1670 510 1703 quanta
530 1665 620 1695 sunt!
647 1665 728 1705 quod
743 1664 848 1695 multis
862 1665 1040 1706 locupletio-

149 1704 232 1736 ribus
247 1705 361 1737 civibus
376 1707 504 1746 utimur,
518 1707 601 1749 quod
611 1708 725 1740 habent
736 1708 952 1750 propinquam,
965 1707 1040 1739 fide-
