1181 1902
197 39 262 70 332
372 38 425 69 IN
449 37 645 70 VERREM
670 38 729 70 IV.
753 37 838 69 CAP.
856 37 907 68 46.

198 124 429 165 prehendendis.
463 123 533 154 Hoc
547 130 581 155 tu
597 124 697 155 feres?
721 124 779 155 hoc
800 124 963 165 quisquam
986 122 1090 153 defen-

198 167 274 197 det?
298 167 355 198 hoc
375 167 418 205 hi,
436 166 459 197 si
477 167 562 197 aliter
577 167 614 198 de
629 173 658 198 te
674 172 803 198 statuere
813 166 972 203 voluerint,
1001 166 1090 196 susti-

196 211 336 244 nebuntz
360 220 421 240 uno
442 210 585 247 adventu,
603 221 640 240 ex
655 220 716 241 uno
739 220 822 250 agro,
846 209 887 247 Q.
900 209 1089 249 Apronium,

197 258 306 293 praeter
321 263 399 290 eam,
416 263 509 294 quam
526 253 600 290 dixi,
617 253 777 293 pecuniam
793 258 996 288 numeratam,
1009 252 1089 282 CCC

198 295 296 325 millia
311 296 448 326 modium
464 295 565 332 tritici,
586 296 661 326 lucri
677 295 811 332 nomine,
829 295 1006 325 sustulisse?

243 338 354 375 Quid?
382 339 439 369 hoc
464 339 626 369 AEtnenses
649 339 703 368 soli
727 338 857 368 dicunt?
880 337 976 367 immo
1000 337 1090 367 etiam

197 381 403 422 Centuripini,
432 382 485 422 qui
512 381 576 422 agri
606 381 761 412 AEtnensis
792 381 891 411 multo
921 380 1091 410 maximam

198 430 317 464 partem
332 424 503 465 possident:
529 435 659 465 quorum
680 424 797 465 legatis,
814 423 989 454 hominibus
1005 423 1092 453 nobi-

197 467 331 505 lissimis,
348 467 489 497 Androni
505 474 534 497 et
549 467 744 503 Arthemoni,
769 473 890 497 senatus
902 477 937 496 ea
948 466 1093 496 mandata

197 509 292 547 dedit,
304 521 373 550 quae
385 510 505 551 publice
517 510 555 540 ad
568 510 718 541 civitatem
731 510 866 550 ipsorum
878 509 1069 550 pertinebant
1081 520 1088 538 :

196 552 234 583 de
249 553 285 584 iis
300 553 430 592 injuriis,
456 564 532 594 quas
552 553 629 584 cives
652 553 856 594 Centuripini,
878 562 939 582 non
960 552 992 581 in
1018 551 1090 589 suis,

195 596 247 626 sed
262 596 293 626 in
309 596 450 633 aliorum,
462 596 573 626 finibus
586 601 776 637 acceperunt,
788 601 909 626 senatus
919 601 948 625 et
958 595 1092 635 populus

194 639 415 679 Centuripinus
444 640 559 679 legatos
589 639 688 669 noluit
714 639 854 669 mittere:
879 638 936 678 ipsi
961 644 1092 667 aratores

198 681 392 722 Centuripini
408 682 475 722 (qui
489 692 634 712 numerus
650 688 694 712 est
708 682 739 711 in
756 681 858 712 sicilia
874 680 1028 710 maximus
1038 680 1093 710 ho-

198 725 320 754 minum
336 724 615 755 honestissimorum
642 730 671 755 et
691 723 1011 765 locupletissimorum)
1035 729 1094 753 tres

199 767 327 807 legatos,
345 768 423 797 cives
439 778 519 804 suos,
536 767 725 808 delegerunt,
742 773 777 797 ut
792 777 896 797 eorum
909 766 1091 803 testimonio,

200 820 262 840 non
280 810 370 840 unius
385 811 461 851 agri,
486 810 537 840 sed
553 820 647 851 prope
663 810 754 840 totius
771 809 892 846 Siciliae,
909 809 1097 839 calamitates

199 854 425 893 cognosceretis.
460 853 563 883 Arant
578 853 660 883 enim
676 853 739 883 tota
755 852 858 883 Sicilia
876 852 938 882 fere
954 852 1094 882 Centuri-

200 896 282 937 pini:
309 902 337 926 et
352 896 408 926 hoc
424 896 455 926 in
477 902 506 926 te
527 896 676 937 graviores
693 896 891 936 certioresque
912 900 1000 925 testes
1012 900 1093 932 sunt,

200 939 284 980 quod
299 945 413 969 caeterae
429 939 562 969 civitates
582 939 642 969 suis
667 939 766 969 solum
790 937 991 968 incommodis
1015 947 1096 967 com-

201 987 362 1012 moventur
374 993 385 1018 3
410 982 615 1023 Centuripini,
627 981 708 1023 quod
720 982 751 1011 in
761 981 898 1011 omnium
911 980 972 1010 fere
983 980 1094 1010 finibus

200 1024 315 1055 habent
331 1025 540 1065 possessiones,
553 1025 643 1055 etiam
655 1031 830 1055 caeterarum
843 1023 1000 1054 civitatum
1011 1023 1098 1053 dam-

201 1077 242 1098 na
257 1078 291 1098 ac
303 1067 484 1098 detrimenta
501 1074 667 1098 senserunt.

245 1110 371 1141 XLVI.
396 1111 515 1141 Verum
532 1111 591 1144 (uti
606 1111 683 1145 dixi)
699 1110 775 1140 ratio
793 1116 873 1140 certa
897 1114 940 1140 est
964 1109 1096 1139 AEtnen-

202 1153 282 1184 sium
299 1159 327 1184 et
343 1154 471 1194 publicis
488 1160 517 1184 et
535 1154 659 1195 privatis
682 1154 775 1184 literis
791 1153 975 1193 consignata.
1013 1152 1097 1182 Meae

201 1196 366 1236 diligentiae
388 1207 516 1237 pensum
541 1197 638 1238 magis
667 1197 699 1226 in
724 1196 875 1227 Leontino
891 1206 963 1236 agro
984 1201 1028 1225 est
1044 1206 1097 1225 ex-

201 1239 360 1280 igendum,
377 1246 499 1281 propter
520 1239 599 1270 hanc
614 1250 748 1277 causam,
772 1239 855 1280 quod
880 1239 937 1279 ipsi
954 1238 1097 1268 Leontini

202 1282 324 1323 publice
353 1292 415 1313 non
442 1293 513 1313 sane
536 1293 585 1313 me
610 1283 743 1312 multum
772 1282 974 1321 adjuverunt:
999 1291 1098 1321 neque

202 1325 285 1355 enim
302 1336 362 1362 eos,
379 1326 436 1355 isto
451 1331 589 1366 praetore,
602 1326 650 1356 hae
662 1325 899 1355 decumanorum
915 1324 1035 1363 injuriae
1046 1324 1098 1354 lae-

204 1374 328 1398 serunt:
354 1369 454 1409 potius
470 1369 573 1406 etiam,
597 1369 724 1408 judices,
747 1368 940 1407 adjuverunt.
976 1367 1098 1397 Mirum

204 1410 331 1441 fortasse
345 1411 403 1441 hoc
418 1412 503 1442 vobis
519 1417 571 1441 aut
592 1411 766 1442 incredibile
782 1411 930 1448 videatur,
950 1409 981 1439 in
1008 1409 1099 1439 tantis

204 1460 360 1484 aratorum
376 1454 588 1493 incommodis,
614 1454 790 1491 Leontinos,
812 1453 866 1494 qui
886 1453 1036 1493 principes
1057 1452 1099 1482 rei

204 1496 414 1527 frumentariae
429 1497 565 1533 fuerunt,
579 1503 714 1539 expertes
730 1496 992 1527 incommodorum
1008 1501 1100 1543 atque

205 1539 389 1578 injuriarum
405 1540 505 1571 fuisse.
540 1541 609 1571 Hoc
625 1551 721 1570 causae
737 1545 791 1577 est,
805 1539 932 1578 judices,
950 1538 1043 1579 quod,
1066 1538 1097 1568 in

204 1592 279 1622 agro
296 1582 456 1620 Leontino,
474 1587 596 1624 (praeter
613 1593 707 1613 unam
723 1582 914 1613 Mnasistrati
935 1581 1098 1618 familiam)

205 1625 328 1664 glebam
342 1625 562 1656 Leontinorum
575 1626 706 1667 possidet
721 1635 819 1655 nemo.
859 1625 978 1673 Itaque
980 1623 1100 1654 Mnasi-

205 1667 303 1705 strati,
320 1668 453 1699 hominis
467 1669 670 1699 honestissimi
684 1675 776 1710 atque
794 1668 903 1710 optimi
925 1667 992 1705 viri,
1017 1666 1099 1697 testi-

207 1710 359 1749 monium,
374 1712 503 1752 judices,
520 1712 657 1743 audietis.
689 1712 821 1743 Caeteros
836 1710 1014 1749 Leontinos,
1030 1709 1098 1751 qui-
