<?xml version="1.0" encoding="UTF-8"?>
<!DOCTYPE html PUBLIC "-//W3C//DTD XHTML 1.0 Transitional//EN"
    "http://www.w3.org/TR/xhtml1/DTD/xhtml1-transitional.dtd">
<html xmlns="http://www.w3.org/1999/xhtml" xml:lang="en" lang="en">
 <head>
  <title>
</title>
<meta http-equiv="Content-Type" content="text/html;charset=utf-8" />
  <meta name='ocr-system' content='tesseract 3.04.00' />
  <meta name='ocr-capabilities' content='ocr_page ocr_carea ocr_par ocr_line ocrx_word'/>
</head>
<body>
  <div class='ocr_page' id='page_1' title='image "./operaern05ciceuoft_0107.png"; bbox 0 0 1181 1902; ppageno 0'>
   <div class='ocr_carea' id='block_1_1' title="bbox 217 0 1181 15">
    <p class='ocr_par' dir='ltr' id='par_1_1' title="bbox 217 0 1181 15">
     <span class='ocr_line' id='line_1_1' title="bbox 217 0 1181 15; baseline 0 1887"><span class='ocrx_word' id='word_1_1' title='bbox 217 0 1181 15; x_wconf 95' lang='lat' dir='ltr'> </span> 
     </span>
    </p>
   </div>
   <div class='ocr_carea' id='block_1_2' title="bbox 247 112 1033 147">
    <p class='ocr_par' dir='ltr' id='par_1_2' title="bbox 247 112 1033 147">
     <span class='ocr_line' id='line_1_2' title="bbox 247 112 1033 147; baseline -0.004 0"><span class='ocrx_word' id='word_1_2' title='bbox 247 115 338 147; x_wconf 88' lang='lat' dir='ltr'>PRO</span> <span class='ocrx_word' id='word_1_3' title='bbox 360 113 528 147; x_wconf 89' lang='lat' dir='ltr'>ROSCIO</span> <span class='ocrx_word' id='word_1_4' title='bbox 550 112 771 146; x_wconf 87' lang='lat' dir='ltr'><strong>COMOEDO.</strong></span> <span class='ocrx_word' id='word_1_5' title='bbox 794 112 879 146; x_wconf 72' lang='lat' dir='ltr'>CAP.</span> <span class='ocrx_word' id='word_1_6' title='bbox 895 114 926 144; x_wconf 84' lang='lat'>8.</span> <span class='ocrx_word' id='word_1_7' title='bbox 989 112 1033 145; x_wconf 82' lang='lat'>95</span> 
     </span>
    </p>
   </div>
   <div class='ocr_carea' id='block_1_3' title="bbox 131 199 1038 1831">
    <p class='ocr_par' dir='ltr' id='par_1_3' title="bbox 137 199 1038 704">
     <span class='ocr_line' id='line_1_3' title="bbox 144 199 1037 242; baseline -0.002 -10"><span class='ocrx_word' id='word_1_8' title='bbox 144 200 250 239; x_wconf 64' lang='lat' dir='ltr'>duciis,</span> <span class='ocrx_word' id='word_1_9' title='bbox 266 207 402 232; x_wconf 83' lang='lat' dir='ltr'><strong>constare</strong></span> <span class='ocrx_word' id='word_1_10' title='bbox 422 207 503 233; x_wconf 86' lang='lat' dir='ltr'>totus</span> <span class='ocrx_word' id='word_1_11' title='bbox 523 200 668 232; x_wconf 81' lang='lat' dir='ltr'>videtur?</span> <span class='ocrx_word' id='word_1_12' title='bbox 691 200 746 242; x_wconf 91' lang='lat' dir='ltr'>qui</span> <span class='ocrx_word' id='word_1_13' title='bbox 764 199 875 232; x_wconf 87' lang='lat' dir='ltr'>idcirco</span> <span class='ocrx_word' id='word_1_14' title='bbox 893 199 991 241; x_wconf 83' lang='lat' dir='ltr'>capite</span> <span class='ocrx_word' id='word_1_15' title='bbox 1005 203 1037 230; x_wconf 83' lang='lat' dir='ltr'>et</span> 
     </span>
     <span class='ocr_line' id='line_1_4' title="bbox 143 242 1036 285; baseline -0.002 -10"><span class='ocrx_word' id='word_1_16' title='bbox 143 244 312 285; x_wconf 85' lang='lat' dir='ltr'><strong>superciliis</strong></span> <span class='ocrx_word' id='word_1_17' title='bbox 341 254 459 285; x_wconf 85' lang='lat' dir='ltr'>semper</span> <span class='ocrx_word' id='word_1_18' title='bbox 483 249 527 274; x_wconf 83' lang='lat' dir='ltr'>est</span> <span class='ocrx_word' id='word_1_19' title='bbox 552 244 637 283; x_wconf 89' lang='lat' dir='ltr'>rasis,</span> <span class='ocrx_word' id='word_1_20' title='bbox 662 254 701 274; x_wconf 88' lang='lat' dir='ltr'>ne</span> <span class='ocrx_word' id='word_1_21' title='bbox 723 244 824 274; x_wconf 90' lang='lat' dir='ltr'>ullum</span> <span class='ocrx_word' id='word_1_22' title='bbox 853 243 952 285; x_wconf 89' lang='lat' dir='ltr'>pilum</span> <span class='ocrx_word' id='word_1_23' title='bbox 978 242 1036 273; x_wconf 84' lang='lat' dir='ltr'>viri</span> 
     </span>
     <span class='ocr_line' id='line_1_5' title="bbox 144 285 1038 328; baseline -0.002 -10"><span class='ocrx_word' id='word_1_24' title='bbox 144 287 218 318; x_wconf 90' lang='lat' dir='ltr'>boni</span> <span class='ocrx_word' id='word_1_25' title='bbox 232 287 342 318; x_wconf 89' lang='lat' dir='ltr'>habere</span> <span class='ocrx_word' id='word_1_26' title='bbox 356 288 473 318; x_wconf 84' lang='lat' dir='ltr'>dicatur</span> <span class='ocrx_word' id='word_1_27' title='bbox 484 299 493 317; x_wconf 75' lang='grc' dir='ltr'><strong><em>ι</em></strong></span> <span class='ocrx_word' id='word_1_28' title='bbox 516 287 606 326; x_wconf 88' lang='lat' dir='ltr'>cujus</span> <span class='ocrx_word' id='word_1_29' title='bbox 621 297 781 328; x_wconf 85' lang='lat' dir='ltr'>personam</span> <span class='ocrx_word' id='word_1_30' title='bbox 800 286 943 328; x_wconf 85' lang='lat' dir='ltr'>praeclare</span> <span class='ocrx_word' id='word_1_31' title='bbox 956 285 1038 317; x_wconf 88' lang='lat' dir='ltr'>Ros-</span> 
     </span>
     <span class='ocr_line' id='line_1_6' title="bbox 143 330 1037 371; baseline -0.001 -11"><span class='ocrx_word' id='word_1_32' title='bbox 143 330 209 360; x_wconf 87' lang='lat' dir='ltr'>cius</span> <span class='ocrx_word' id='word_1_33' title='bbox 224 330 255 360; x_wconf 88' lang='lat' dir='ltr'>in</span> <span class='ocrx_word' id='word_1_34' title='bbox 271 330 360 361; x_wconf 71' lang='lat' dir='ltr'>scen&#39;a</span> <span class='ocrx_word' id='word_1_35' title='bbox 380 336 507 360; x_wconf 87' lang='lat' dir='ltr'>tractare</span> <span class='ocrx_word' id='word_1_36' title='bbox 527 330 701 360; x_wconf 83' lang='lat' dir='ltr'>consuevit:</span> <span class='ocrx_word' id='word_1_37' title='bbox 725 339 825 371; x_wconf 89' lang='lat' dir='ltr'>neque</span> <span class='ocrx_word' id='word_1_38' title='bbox 844 336 960 367; x_wconf 83' lang='lat' dir='ltr'>tamen,</span> <span class='ocrx_word' id='word_1_39' title='bbox 980 338 1037 370; x_wconf 88' lang='lat' dir='ltr'>pro</span> 
     </span>
     <span class='ocr_line' id='line_1_7' title="bbox 145 373 1037 414; baseline -0.001 -11"><span class='ocrx_word' id='word_1_40' title='bbox 145 373 303 411; x_wconf 81' lang='lat' dir='ltr'>beneficio,</span> <span class='ocrx_word' id='word_1_41' title='bbox 329 374 355 404; x_wconf 89' lang='lat' dir='ltr'>ei</span> <span class='ocrx_word' id='word_1_42' title='bbox 380 384 435 414; x_wconf 87' lang='lat' dir='ltr'>par</span> <span class='ocrx_word' id='word_1_43' title='bbox 460 373 558 413; x_wconf 81' lang='lat' dir='ltr'>gratia</span> <span class='ocrx_word' id='word_1_44' title='bbox 583 373 720 403; x_wconf 85' lang='lat' dir='ltr'>refertur.</span> <span class='ocrx_word' id='word_1_45' title='bbox 754 373 838 402; x_wconf 85' lang='lat' dir='ltr'>Nam</span> <span class='ocrx_word' id='word_1_46' title='bbox 862 373 1037 403; x_wconf 85' lang='lat' dir='ltr'><strong>Ballionem</strong></span> 
     </span>
     <span class='ocr_line' id='line_1_8' title="bbox 141 415 1035 458; baseline -0.001 -12"><span class='ocrx_word' id='word_1_47' title='bbox 141 416 243 453; x_wconf 82' lang='lat' dir='ltr'>illum,</span> <span class='ocrx_word' id='word_1_48' title='bbox 269 416 530 458; x_wconf 89' lang='lat' dir='ltr'>improbissimum</span> <span class='ocrx_word' id='word_1_49' title='bbox 557 422 586 446; x_wconf 87' lang='lat' dir='ltr'>et</span> <span class='ocrx_word' id='word_1_50' title='bbox 610 415 853 456; x_wconf 85' lang='lat' dir='ltr'>perjurissimum</span> <span class='ocrx_word' id='word_1_51' title='bbox 880 416 1035 453; x_wconf 88' lang='lat' dir='ltr'>lenonem,</span> 
     </span>
     <span class='ocr_line' id='line_1_9' title="bbox 142 458 1036 500; baseline -0.001 -11"><span class='ocrx_word' id='word_1_52' title='bbox 142 469 215 489; x_wconf 87' lang='lat' dir='ltr'>cum</span> <span class='ocrx_word' id='word_1_53' title='bbox 230 460 304 500; x_wconf 85' lang='lat' dir='ltr'>agit,</span> <span class='ocrx_word' id='word_1_54' title='bbox 320 460 383 499; x_wconf 84' lang='lat' dir='ltr'>agit</span> <span class='ocrx_word' id='word_1_55' title='bbox 398 459 566 490; x_wconf 82' lang='lat' dir='ltr'>Chaeream.</span> <span class='ocrx_word' id='word_1_56' title='bbox 591 459 725 489; x_wconf 87' lang='lat' dir='ltr'>Persona</span> <span class='ocrx_word' id='word_1_57' title='bbox 735 459 789 488; x_wconf 92' lang='lat' dir='ltr'>illa</span> <span class='ocrx_word' id='word_1_58' title='bbox 803 458 966 496; x_wconf 87' lang='lat' dir='ltr'>lutulenta,</span> <span class='ocrx_word' id='word_1_59' title='bbox 976 458 1036 488; x_wconf 88' lang='lat' dir='ltr'>im-</span> 
     </span>
     <span class='ocr_line' id='line_1_10' title="bbox 140 501 1036 543; baseline -0.001 -11"><span class='ocrx_word' id='word_1_60' title='bbox 140 513 230 543; x_wconf 88' lang='lat' dir='ltr'>pura,</span> <span class='ocrx_word' id='word_1_61' title='bbox 247 503 354 539; x_wconf 89' lang='lat' dir='ltr'>invisa,</span> <span class='ocrx_word' id='word_1_62' title='bbox 371 502 402 532; x_wconf 91' lang='lat' dir='ltr'>in</span> <span class='ocrx_word' id='word_1_63' title='bbox 419 502 512 542; x_wconf 87' lang='lat' dir='ltr'>hujus</span> <span class='ocrx_word' id='word_1_64' title='bbox 527 502 674 539; x_wconf 84' lang='lat' dir='ltr'>moribus,</span> <span class='ocrx_word' id='word_1_65' title='bbox 696 501 817 538; x_wconf 61' lang='lat' dir='ltr'>natura,</span> <span class='ocrx_word' id='word_1_66' title='bbox 838 501 973 542; x_wconf 60' lang='lat' dir='ltr'>vitaque,</span> <span class='ocrx_word' id='word_1_67' title='bbox 991 506 1036 531; x_wconf 86' lang='lat' dir='ltr'>est</span> 
     </span>
     <span class='ocr_line' id='line_1_11' title="bbox 141 544 1033 586; baseline -0.001 -11"><span class='ocrx_word' id='word_1_68' title='bbox 141 555 291 586; x_wconf 82' lang='lat' dir='ltr'>expressa.</span> <span class='ocrx_word' id='word_1_69' title='bbox 324 545 389 583; x_wconf 82' lang='lat' dir='ltr'>Qui</span> <span class='ocrx_word' id='word_1_70' title='bbox 405 547 605 586; x_wconf 84' lang='lat' dir='ltr'>quamobrem</span> <span class='ocrx_word' id='word_1_71' title='bbox 630 545 776 576; x_wconf 83' lang='lat' dir='ltr'>Roscium</span> <span class='ocrx_word' id='word_1_72' title='bbox 793 544 923 574; x_wconf 84' lang='lat' dir='ltr'>similem</span> <span class='ocrx_word' id='word_1_73' title='bbox 940 544 985 574; x_wconf 84' lang='lat' dir='ltr'>sui</span> <span class='ocrx_word' id='word_1_74' title='bbox 1001 544 1033 574; x_wconf 90' lang='lat' dir='ltr'>in</span> 
     </span>
     <span class='ocr_line' id='line_1_12' title="bbox 139 587 1033 626; baseline -0.001 -8"><span class='ocrx_word' id='word_1_75' title='bbox 139 588 246 618; x_wconf 83' lang='lat' dir='ltr'>fraude</span> <span class='ocrx_word' id='word_1_76' title='bbox 258 595 287 619; x_wconf 89' lang='lat' dir='ltr'>et</span> <span class='ocrx_word' id='word_1_77' title='bbox 302 588 420 618; x_wconf 70' lang='lat' dir='ltr'>malitia</span> <span class='ocrx_word' id='word_1_78' title='bbox 432 587 621 626; x_wconf 68' lang='lat' dir='ltr'>existimarit,</span> <span class='ocrx_word' id='word_1_79' title='bbox 633 588 709 618; x_wconf 82' lang='lat' dir='ltr'>nihil</span> <span class='ocrx_word' id='word_1_80' title='bbox 725 588 860 623; x_wconf 80' lang='lat' dir='ltr'>videtur3</span> <span class='ocrx_word' id='word_1_81' title='bbox 874 587 932 617; x_wconf 85' lang='lat' dir='ltr'>nisi</span> <span class='ocrx_word' id='word_1_82' title='bbox 943 587 1033 625; x_wconf 86' lang='lat' dir='ltr'>forte,</span> 
     </span>
     <span class='ocr_line' id='line_1_13' title="bbox 139 630 1032 672; baseline -0.001 -11"><span class='ocrx_word' id='word_1_83' title='bbox 139 631 221 671; x_wconf 92' lang='lat' dir='ltr'>quod</span> <span class='ocrx_word' id='word_1_84' title='bbox 236 631 379 672; x_wconf 80' lang='lat' dir='ltr'>praeclare</span> <span class='ocrx_word' id='word_1_85' title='bbox 389 631 472 663; x_wconf 87' lang='lat' dir='ltr'>hunc</span> <span class='ocrx_word' id='word_1_86' title='bbox 486 631 601 662; x_wconf 85' lang='lat' dir='ltr'>imitari</span> <span class='ocrx_word' id='word_1_87' title='bbox 615 642 646 662; x_wconf 89' lang='lat' dir='ltr'>se</span> <span class='ocrx_word' id='word_1_88' title='bbox 657 631 689 661; x_wconf 89' lang='lat' dir='ltr'>in</span> <span class='ocrx_word' id='word_1_89' title='bbox 700 630 828 672; x_wconf 71' lang='lat' dir='ltr'>persona</span> <span class='ocrx_word' id='word_1_90' title='bbox 838 630 956 661; x_wconf 89' lang='lat' dir='ltr'>lenonis</span> <span class='ocrx_word' id='word_1_91' title='bbox 965 630 1032 661; x_wconf 87' lang='lat' dir='ltr'>ani-</span> 
     </span>
     <span class='ocr_line' id='line_1_14' title="bbox 137 673 310 704; baseline -0.006 0"><span class='ocrx_word' id='word_1_92' title='bbox 137 673 310 704; x_wconf 83' lang='lat' dir='ltr'>madvertit.</span> 
     </span>
    </p>

    <p class='ocr_par' dir='ltr' id='par_1_4' title="bbox 133 716 1034 1222">
     <span class='ocr_line' id='line_1_15' title="bbox 181 716 1030 759; baseline -0.001 -11"><span class='ocrx_word' id='word_1_93' title='bbox 181 716 405 755; x_wconf 75' lang='lat' dir='ltr'>Quamobrem,</span> <span class='ocrx_word' id='word_1_94' title='bbox 417 717 507 748; x_wconf 80' lang='lat' dir='ltr'>etiam</span> <span class='ocrx_word' id='word_1_95' title='bbox 517 723 609 759; x_wconf 87' lang='lat' dir='ltr'>atque</span> <span class='ocrx_word' id='word_1_96' title='bbox 619 717 711 748; x_wconf 84' lang='lat' dir='ltr'>etiam</span> <span class='ocrx_word' id='word_1_97' title='bbox 721 716 886 755; x_wconf 89' lang='lat' dir='ltr'>considera,</span> <span class='ocrx_word' id='word_1_98' title='bbox 898 716 934 747; x_wconf 91' lang='lat' dir='ltr'>C.</span> <span class='ocrx_word' id='word_1_99' title='bbox 947 716 1030 754; x_wconf 93' lang='lat' dir='ltr'>Piso,</span> 
     </span>
     <span class='ocr_line' id='line_1_16' title="bbox 137 759 1033 801; baseline 0 -11"><span class='ocrx_word' id='word_1_100' title='bbox 137 759 206 801; x_wconf 88' lang='lat' dir='ltr'>quis</span> <span class='ocrx_word' id='word_1_101' title='bbox 216 771 309 801; x_wconf 88' lang='lat' dir='ltr'>quem</span> <span class='ocrx_word' id='word_1_102' title='bbox 319 760 472 792; x_wconf 64' lang='lat' dir='ltr'>fraudasse</span> <span class='ocrx_word' id='word_1_103' title='bbox 481 761 607 791; x_wconf 85' lang='lat' dir='ltr'>dicatur.</span> <span class='ocrx_word' id='word_1_104' title='bbox 619 761 748 791; x_wconf 85' lang='lat' dir='ltr'><strong>Roscius</strong></span> <span class='ocrx_word' id='word_1_105' title='bbox 755 760 931 791; x_wconf 84' lang='lat' dir='ltr'>Fannium?</span> <span class='ocrx_word' id='word_1_106' title='bbox 945 759 1033 797; x_wconf 82' lang='lat' dir='ltr'><strong>Quid</strong></span> 
     </span>
     <span class='ocr_line' id='line_1_17' title="bbox 137 803 1032 845; baseline -0.001 -11"><span class='ocrx_word' id='word_1_107' title='bbox 137 809 183 833; x_wconf 87' lang='lat' dir='ltr'>est</span> <span class='ocrx_word' id='word_1_108' title='bbox 191 803 270 834; x_wconf 83' lang='lat' dir='ltr'>hoc?</span> <span class='ocrx_word' id='word_1_109' title='bbox 286 805 399 844; x_wconf 90' lang='lat' dir='ltr'>probus</span> <span class='ocrx_word' id='word_1_110' title='bbox 407 804 595 845; x_wconf 84' lang='lat' dir='ltr'>improbum,</span> <span class='ocrx_word' id='word_1_111' title='bbox 606 803 724 844; x_wconf 86' lang='lat' dir='ltr'>pudens</span> <span class='ocrx_word' id='word_1_112' title='bbox 734 803 955 844; x_wconf 87' lang='lat' dir='ltr'>impudentem,</span> <span class='ocrx_word' id='word_1_113' title='bbox 964 814 1032 844; x_wconf 88' lang='lat' dir='ltr'>per-</span> 
     </span>
     <span class='ocr_line' id='line_1_18' title="bbox 134 846 1032 887; baseline 0 -10"><span class='ocrx_word' id='word_1_114' title='bbox 134 847 243 885; x_wconf 85' lang='lat' dir='ltr'>jurum</span> <span class='ocrx_word' id='word_1_115' title='bbox 265 852 376 884; x_wconf 84' lang='lat' dir='ltr'>castus,</span> <span class='ocrx_word' id='word_1_116' title='bbox 396 847 540 877; x_wconf 88' lang='lat' dir='ltr'>callidum</span> <span class='ocrx_word' id='word_1_117' title='bbox 559 847 730 887; x_wconf 79' lang='lat' dir='ltr'>imperitus,</span> <span class='ocrx_word' id='word_1_118' title='bbox 746 846 879 876; x_wconf 86' lang='lat' dir='ltr'>liberalis</span> <span class='ocrx_word' id='word_1_119' title='bbox 894 846 1032 878; x_wconf 86' lang='lat' dir='ltr'>avidum.</span> 
     </span>
     <span class='ocr_line' id='line_1_19' title="bbox 135 889 1031 928; baseline 0 -8"><span class='ocrx_word' id='word_1_120' title='bbox 135 889 319 920; x_wconf 84' lang='lat' dir='ltr'>Incredibile</span> <span class='ocrx_word' id='word_1_121' title='bbox 330 896 383 920; x_wconf 85' lang='lat' dir='ltr'>est.</span> <span class='ocrx_word' id='word_1_122' title='bbox 401 890 686 928; x_wconf 74' lang='lat' dir='ltr'><strong>Quemadmodum,</strong></span> <span class='ocrx_word' id='word_1_123' title='bbox 699 890 724 920; x_wconf 93' lang='lat' dir='ltr'>si</span> <span class='ocrx_word' id='word_1_124' title='bbox 739 889 877 920; x_wconf 84' lang='lat' dir='ltr'>Fannius</span> <span class='ocrx_word' id='word_1_125' title='bbox 884 889 1031 920; x_wconf 85' lang='lat' dir='ltr'>Roscium</span> 
     </span>
     <span class='ocr_line' id='line_1_20' title="bbox 135 932 1034 974; baseline 0.001 -11"><span class='ocrx_word' id='word_1_126' title='bbox 135 932 290 964; x_wconf 64' lang='lat' dir='ltr'>fraudasse</span> <span class='ocrx_word' id='word_1_127' title='bbox 305 933 464 971; x_wconf 78' lang='lat' dir='ltr'>diceretur,</span> <span class='ocrx_word' id='word_1_128' title='bbox 480 940 648 974; x_wconf 86' lang='lat' dir='ltr'>utrumque</span> <span class='ocrx_word' id='word_1_129' title='bbox 668 943 706 963; x_wconf 84' lang='lat' dir='ltr'>ex</span> <span class='ocrx_word' id='word_1_130' title='bbox 727 933 886 973; x_wconf 91' lang='lat' dir='ltr'>utriusque</span> <span class='ocrx_word' id='word_1_131' title='bbox 905 932 1034 974; x_wconf 68' lang='lat' dir='ltr'>persona</span> 
     </span>
     <span class='ocr_line' id='line_1_21' title="bbox 135 976 1031 1017; baseline 0.001 -11"><span class='ocrx_word' id='word_1_132' title='bbox 135 976 298 1006; x_wconf 83' lang='lat' dir='ltr'>verisimile</span> <span class='ocrx_word' id='word_1_133' title='bbox 310 976 473 1014; x_wconf 83' lang='lat' dir='ltr'>videretur,</span> <span class='ocrx_word' id='word_1_134' title='bbox 485 983 515 1007; x_wconf 85' lang='lat' dir='ltr'>et</span> <span class='ocrx_word' id='word_1_135' title='bbox 526 977 682 1006; x_wconf 85' lang='lat' dir='ltr'>Fannium</span> <span class='ocrx_word' id='word_1_136' title='bbox 692 987 746 1017; x_wconf 91' lang='lat' dir='ltr'>per</span> <span class='ocrx_word' id='word_1_137' title='bbox 754 976 904 1006; x_wconf 81' lang='lat' dir='ltr'>malitiam</span> <span class='ocrx_word' id='word_1_138' title='bbox 915 976 1031 1015; x_wconf 84' lang='lat' dir='ltr'>fecisse,</span> 
     </span>
     <span class='ocr_line' id='line_1_22' title="bbox 136 1019 1032 1061; baseline 0 -12"><span class='ocrx_word' id='word_1_139' title='bbox 136 1025 167 1049; x_wconf 89' lang='lat' dir='ltr'>et</span> <span class='ocrx_word' id='word_1_140' title='bbox 187 1019 334 1050; x_wconf 88' lang='lat' dir='ltr'>Roscium</span> <span class='ocrx_word' id='word_1_141' title='bbox 354 1030 408 1060; x_wconf 90' lang='lat' dir='ltr'>per</span> <span class='ocrx_word' id='word_1_142' title='bbox 426 1019 665 1061; x_wconf 82' lang='lat' dir='ltr'>imprudentiam</span> <span class='ocrx_word' id='word_1_143' title='bbox 686 1020 848 1060; x_wconf 86' lang='lat' dir='ltr'>deceptum</span> <span class='ocrx_word' id='word_1_144' title='bbox 870 1030 953 1055; x_wconf 78' lang='lat' dir='ltr'>esse3</span> <span class='ocrx_word' id='word_1_145' title='bbox 978 1020 1032 1058; x_wconf 87' lang='lat' dir='ltr'>sic,</span> 
     </span>
     <span class='ocr_line' id='line_1_23' title="bbox 136 1062 1033 1104; baseline 0.001 -12"><span class='ocrx_word' id='word_1_146' title='bbox 136 1072 208 1092; x_wconf 84' lang='lat' dir='ltr'>cum</span> <span class='ocrx_word' id='word_1_147' title='bbox 221 1063 351 1093; x_wconf 86' lang='lat' dir='ltr'>Roscius</span> <span class='ocrx_word' id='word_1_148' title='bbox 362 1063 517 1093; x_wconf 87' lang='lat' dir='ltr'>Fannium</span> <span class='ocrx_word' id='word_1_149' title='bbox 530 1062 684 1093; x_wconf 71' lang='lat' dir='ltr'>fraudasse</span> <span class='ocrx_word' id='word_1_150' title='bbox 696 1068 852 1103; x_wconf 75' lang='lat' dir='ltr'>arguatur,</span> <span class='ocrx_word' id='word_1_151' title='bbox 865 1068 1033 1104; x_wconf 84' lang='lat' dir='ltr'>utrumque</span> 
     </span>
     <span class='ocr_line' id='line_1_24' title="bbox 135 1104 1031 1146; baseline 0.001 -11"><span class='ocrx_word' id='word_1_152' title='bbox 135 1104 313 1136; x_wconf 87' lang='lat' dir='ltr'>incredibile</span> <span class='ocrx_word' id='word_1_153' title='bbox 329 1112 383 1143; x_wconf 83' lang='lat' dir='ltr'>est,</span> <span class='ocrx_word' id='word_1_154' title='bbox 401 1112 430 1135; x_wconf 86' lang='lat' dir='ltr'>et</span> <span class='ocrx_word' id='word_1_155' title='bbox 446 1106 594 1136; x_wconf 89' lang='lat' dir='ltr'>Roscium</span> <span class='ocrx_word' id='word_1_156' title='bbox 611 1105 780 1146; x_wconf 89' lang='lat' dir='ltr'>quidquam</span> <span class='ocrx_word' id='word_1_157' title='bbox 801 1116 855 1146; x_wconf 88' lang='lat' dir='ltr'>per</span> <span class='ocrx_word' id='word_1_158' title='bbox 872 1106 1031 1136; x_wconf 81' lang='lat' dir='ltr'>avaritiam</span> 
     </span>
     <span class='ocr_line' id='line_1_25' title="bbox 138 1149 1032 1190; baseline 0.002 -12"><span class='ocrx_word' id='word_1_159' title='bbox 138 1150 304 1189; x_wconf 81' lang='lat' dir='ltr'>appetisse,</span> <span class='ocrx_word' id='word_1_160' title='bbox 331 1155 362 1179; x_wconf 89' lang='lat' dir='ltr'>et</span> <span class='ocrx_word' id='word_1_161' title='bbox 388 1149 544 1179; x_wconf 91' lang='lat' dir='ltr'>Fannium</span> <span class='ocrx_word' id='word_1_162' title='bbox 568 1149 740 1190; x_wconf 88' lang='lat' dir='ltr'>quidquam</span> <span class='ocrx_word' id='word_1_163' title='bbox 763 1159 817 1190; x_wconf 87' lang='lat' dir='ltr'>per</span> <span class='ocrx_word' id='word_1_164' title='bbox 842 1159 873 1180; x_wconf 87' lang='lat' dir='ltr'>se</span> <span class='ocrx_word' id='word_1_165' title='bbox 897 1149 1032 1181; x_wconf 73' lang='lat' dir='ltr'>bonitate</span> 
     </span>
     <span class='ocr_line' id='line_1_26' title="bbox 133 1201 278 1222; baseline 0.007 -1"><span class='ocrx_word' id='word_1_166' title='bbox 133 1201 278 1222; x_wconf 66' lang='lat' dir='ltr'>ammisse.</span> 
     </span>
    </p>

    <p class='ocr_par' dir='ltr' id='par_1_5' title="bbox 132 1234 1032 1708">
     <span class='ocr_line' id='line_1_27' title="bbox 179 1234 1032 1276; baseline 0.001 -11"><span class='ocrx_word' id='word_1_167' title='bbox 179 1234 278 1265; x_wconf 91' lang='lat' dir='ltr'>VIII.</span> <span class='ocrx_word' id='word_1_168' title='bbox 303 1234 460 1276; x_wconf 88' lang='lat' dir='ltr'>Principia</span> <span class='ocrx_word' id='word_1_169' title='bbox 471 1241 543 1265; x_wconf 86' lang='lat' dir='ltr'>sunt</span> <span class='ocrx_word' id='word_1_170' title='bbox 551 1234 749 1274; x_wconf 88' lang='lat' dir='ltr'>hujusmodi:</span> <span class='ocrx_word' id='word_1_171' title='bbox 774 1239 945 1275; x_wconf 88' lang='lat' dir='ltr'>spectemus</span> <span class='ocrx_word' id='word_1_172' title='bbox 960 1235 1032 1266; x_wconf 86' lang='lat' dir='ltr'>reli-</span> 
     </span>
     <span class='ocr_line' id='line_1_28' title="bbox 132 1277 1032 1318; baseline 0.002 -10"><span class='ocrx_word' id='word_1_173' title='bbox 132 1288 204 1318; x_wconf 87' lang='lat' dir='ltr'>qua.</span> <span class='ocrx_word' id='word_1_174' title='bbox 222 1278 280 1309; x_wconf 86' lang='lat' dir='ltr'>HS</span> <span class='ocrx_word' id='word_1_175' title='bbox 301 1287 384 1309; x_wconf 90' lang='lat'><em>1000</em></span> <span class='ocrx_word' id='word_1_176' title='bbox 402 1278 443 1316; x_wconf 85' lang='lat' dir='ltr'>Q.</span> <span class='ocrx_word' id='word_1_177' title='bbox 462 1279 592 1309; x_wconf 88' lang='lat' dir='ltr'>Roscius</span> <span class='ocrx_word' id='word_1_178' title='bbox 608 1277 761 1308; x_wconf 87' lang='lat' dir='ltr'>fraudavit</span> <span class='ocrx_word' id='word_1_179' title='bbox 776 1278 941 1308; x_wconf 86' lang='lat' dir='ltr'>Fannium.</span> <span class='ocrx_word' id='word_1_180' title='bbox 958 1278 1032 1316; x_wconf 62' lang='lat' dir='ltr'>Qua</span> 
     </span>
     <span class='ocr_line' id='line_1_29' title="bbox 132 1320 1032 1359; baseline 0.002 -8"><span class='ocrx_word' id='word_1_181' title='bbox 132 1321 172 1351; x_wconf 87' lang='lat' dir='ltr'>de</span> <span class='ocrx_word' id='word_1_182' title='bbox 187 1320 277 1351; x_wconf 67' lang='lat' dir='ltr'>causa</span> <span class='ocrx_word' id='word_1_183' title='bbox 287 1323 301 1352; x_wconf 84' lang='lat'>?</span> <span class='ocrx_word' id='word_1_184' title='bbox 325 1321 468 1352; x_wconf 79' lang='lat' dir='ltr'>Subridet</span> <span class='ocrx_word' id='word_1_185' title='bbox 483 1322 634 1358; x_wconf 87' lang='lat' dir='ltr'>Saturius,</span> <span class='ocrx_word' id='word_1_186' title='bbox 651 1327 810 1359; x_wconf 79' lang='lat' dir='ltr'>veterator,</span> <span class='ocrx_word' id='word_1_187' title='bbox 823 1327 859 1352; x_wconf 87' lang='lat' dir='ltr'>ut</span> <span class='ocrx_word' id='word_1_188' title='bbox 874 1322 931 1352; x_wconf 89' lang='lat' dir='ltr'>sibi</span> <span class='ocrx_word' id='word_1_189' title='bbox 947 1322 1032 1353; x_wconf 91' lang='lat' dir='ltr'>vide-</span> 
     </span>
     <span class='ocr_line' id='line_1_30' title="bbox 133 1364 1030 1405; baseline 0.002 -11"><span class='ocrx_word' id='word_1_190' title='bbox 133 1369 194 1394; x_wconf 87' lang='lat' dir='ltr'>tur.</span> <span class='ocrx_word' id='word_1_191' title='bbox 216 1364 286 1403; x_wconf 88' lang='lat' dir='ltr'>Ait,</span> <span class='ocrx_word' id='word_1_192' title='bbox 302 1371 425 1405; x_wconf 88' lang='lat' dir='ltr'>propter</span> <span class='ocrx_word' id='word_1_193' title='bbox 436 1365 502 1405; x_wconf 90' lang='lat' dir='ltr'>ipsa</span> <span class='ocrx_word' id='word_1_194' title='bbox 514 1365 572 1396; x_wconf 87' lang='lat' dir='ltr'>HS</span> <span class='ocrx_word' id='word_1_195' title='bbox 589 1374 684 1396; x_wconf 79' lang='lat'><em>1000.</em></span> <span class='ocrx_word' id='word_1_196' title='bbox 718 1364 838 1395; x_wconf 91' lang='lat' dir='ltr'>Video:</span> <span class='ocrx_word' id='word_1_197' title='bbox 863 1365 915 1395; x_wconf 87' lang='lat' dir='ltr'>sed</span> <span class='ocrx_word' id='word_1_198' title='bbox 927 1370 1030 1396; x_wconf 85' lang='lat' dir='ltr'>tamen</span> 
     </span>
     <span class='ocr_line' id='line_1_31' title="bbox 133 1406 1030 1449; baseline 0.002 -12"><span class='ocrx_word' id='word_1_199' title='bbox 133 1417 188 1437; x_wconf 89' lang='lat' dir='ltr'>cur</span> <span class='ocrx_word' id='word_1_200' title='bbox 210 1406 277 1448; x_wconf 89' lang='lat' dir='ltr'>ipsa</span> <span class='ocrx_word' id='word_1_201' title='bbox 314 1408 371 1438; x_wconf 71' lang='lat' dir='ltr'>Hs</span> <span class='ocrx_word' id='word_1_202' title='bbox 401 1417 484 1439; x_wconf 85' lang='lat'><em>1000</em></span> <span class='ocrx_word' id='word_1_203' title='bbox 515 1414 579 1438; x_wconf 80' lang='lat' dir='ltr'>tam</span> <span class='ocrx_word' id='word_1_204' title='bbox 610 1408 804 1438; x_wconf 88' lang='lat' dir='ltr'>vehementer</span> <span class='ocrx_word' id='word_1_205' title='bbox 833 1408 1030 1449; x_wconf 86' lang='lat' dir='ltr'>concupierit,</span> 
     </span>
     <span class='ocr_line' id='line_1_32' title="bbox 134 1450 1030 1491; baseline 0.001 -11"><span class='ocrx_word' id='word_1_206' title='bbox 134 1460 258 1491; x_wconf 86' lang='lat' dir='ltr'>quaero:</span> <span class='ocrx_word' id='word_1_207' title='bbox 283 1460 357 1481; x_wconf 86' lang='lat' dir='ltr'>nam</span> <span class='ocrx_word' id='word_1_208' title='bbox 373 1450 440 1490; x_wconf 87' lang='lat' dir='ltr'>tibi,</span> <span class='ocrx_word' id='word_1_209' title='bbox 457 1451 506 1481; x_wconf 90' lang='lat' dir='ltr'>M.</span> <span class='ocrx_word' id='word_1_210' title='bbox 524 1451 690 1491; x_wconf 87' lang='lat' dir='ltr'>Perperna,</span> <span class='ocrx_word' id='word_1_211' title='bbox 708 1450 744 1481; x_wconf 90' lang='lat' dir='ltr'>C.</span> <span class='ocrx_word' id='word_1_212' title='bbox 757 1451 840 1489; x_wconf 84' lang='lat' dir='ltr'>Piso,</span> <span class='ocrx_word' id='word_1_213' title='bbox 858 1457 936 1482; x_wconf 84' lang='lat' dir='ltr'>certe</span> <span class='ocrx_word' id='word_1_214' title='bbox 953 1453 1030 1482; x_wconf 86' lang='lat' dir='ltr'>tanti</span> 
     </span>
     <span class='ocr_line' id='line_1_33' title="bbox 132 1493 1032 1532; baseline 0.001 -9"><span class='ocrx_word' id='word_1_215' title='bbox 132 1502 195 1523; x_wconf 90' lang='lat' dir='ltr'>non</span> <span class='ocrx_word' id='word_1_216' title='bbox 210 1493 351 1532; x_wconf 76' lang='lat' dir='ltr'>fuissent,</span> <span class='ocrx_word' id='word_1_217' title='bbox 367 1499 402 1524; x_wconf 86' lang='lat' dir='ltr'>ut</span> <span class='ocrx_word' id='word_1_218' title='bbox 417 1495 533 1525; x_wconf 91' lang='lat' dir='ltr'>socium</span> <span class='ocrx_word' id='word_1_219' title='bbox 548 1493 738 1525; x_wconf 83' lang='lat' dir='ltr'>fraudaretis.</span> <span class='ocrx_word' id='word_1_220' title='bbox 762 1494 873 1525; x_wconf 82' lang='lat' dir='ltr'>Roscio</span> <span class='ocrx_word' id='word_1_221' title='bbox 889 1505 943 1525; x_wconf 88' lang='lat' dir='ltr'>cur</span> <span class='ocrx_word' id='word_1_222' title='bbox 954 1495 1032 1525; x_wconf 84' lang='lat' dir='ltr'>tanti</span> 
     </span>
     <span class='ocr_line' id='line_1_34' title="bbox 133 1536 1032 1579; baseline 0.002 -13"><span class='ocrx_word' id='word_1_223' title='bbox 133 1536 259 1574; x_wconf 82' lang='lat' dir='ltr'>fuerint,</span> <span class='ocrx_word' id='word_1_224' title='bbox 285 1547 408 1568; x_wconf 87' lang='lat' dir='ltr'>causam</span> <span class='ocrx_word' id='word_1_225' title='bbox 432 1538 564 1579; x_wconf 81' lang='lat' dir='ltr'>requiro.</span> <span class='ocrx_word' id='word_1_226' title='bbox 599 1537 745 1578; x_wconf 81' lang='lat' dir='ltr'>Egebat?</span> <span class='ocrx_word' id='word_1_227' title='bbox 770 1538 873 1567; x_wconf 88' lang='lat' dir='ltr'>Immo</span> <span class='ocrx_word' id='word_1_228' title='bbox 896 1538 1032 1578; x_wconf 85' lang='lat' dir='ltr'>locuples</span> 
     </span>
     <span class='ocr_line' id='line_1_35' title="bbox 134 1579 1030 1611; baseline 0.002 -2"><span class='ocrx_word' id='word_1_229' title='bbox 134 1585 209 1609; x_wconf 85' lang='lat' dir='ltr'>erat.</span> <span class='ocrx_word' id='word_1_230' title='bbox 233 1579 401 1611; x_wconf 80' lang='lat' dir='ltr'>Debebat?</span> <span class='ocrx_word' id='word_1_231' title='bbox 426 1580 530 1611; x_wconf 87' lang='lat' dir='ltr'>Immo</span> <span class='ocrx_word' id='word_1_232' title='bbox 550 1581 583 1610; x_wconf 90' lang='lat' dir='ltr'>in</span> <span class='ocrx_word' id='word_1_233' title='bbox 603 1581 665 1611; x_wconf 88' lang='lat' dir='ltr'>suis</span> <span class='ocrx_word' id='word_1_234' title='bbox 686 1581 822 1610; x_wconf 86' lang='lat' dir='ltr'>nummis</span> <span class='ocrx_word' id='word_1_235' title='bbox 843 1581 1030 1611; x_wconf 88' lang='lat' dir='ltr'>versabatur.</span> 
     </span>
     <span class='ocr_line' id='line_1_36' title="bbox 133 1622 1032 1665; baseline 0.001 -12"><span class='ocrx_word' id='word_1_236' title='bbox 133 1622 258 1653; x_wconf 87' lang='lat' dir='ltr'>Avarus</span> <span class='ocrx_word' id='word_1_237' title='bbox 270 1629 333 1653; x_wconf 87' lang='lat' dir='ltr'>erat</span> <span class='ocrx_word' id='word_1_238' title='bbox 344 1624 359 1653; x_wconf 68' lang='grc' dir='ltr'>’Β</span> <span class='ocrx_word' id='word_1_239' title='bbox 383 1624 487 1654; x_wconf 88' lang='lat' dir='ltr'>Immo</span> <span class='ocrx_word' id='word_1_240' title='bbox 499 1624 603 1662; x_wconf 87' lang='lat' dir='ltr'>etiam,</span> <span class='ocrx_word' id='word_1_241' title='bbox 617 1630 782 1665; x_wconf 86' lang='lat' dir='ltr'>antequam</span> <span class='ocrx_word' id='word_1_242' title='bbox 794 1624 940 1665; x_wconf 83' lang='lat' dir='ltr'>locuples,</span> <span class='ocrx_word' id='word_1_243' title='bbox 953 1634 1032 1655; x_wconf 89' lang='lat' dir='ltr'>sem-</span> 
     </span>
     <span class='ocr_line' id='line_1_37' title="bbox 133 1665 894 1708; baseline 0.004 -13"><span class='ocrx_word' id='word_1_244' title='bbox 133 1675 188 1707; x_wconf 88' lang='lat' dir='ltr'>per</span> <span class='ocrx_word' id='word_1_245' title='bbox 202 1665 432 1698; x_wconf 82' lang='lat' dir='ltr'>liberalissimus</span> <span class='ocrx_word' id='word_1_246' title='bbox 446 1667 810 1708; x_wconf 85' lang='lat' dir='ltr'>munificentissimusque</span> <span class='ocrx_word' id='word_1_247' title='bbox 825 1667 894 1698; x_wconf 83' lang='lat' dir='ltr'>fuit.</span> 
     </span>
    </p>

    <p class='ocr_par' dir='ltr' id='par_1_6' title="bbox 131 1708 1033 1831">
     <span class='ocr_line' id='line_1_38' title="bbox 176 1708 1028 1752; baseline 0.005 -14"><span class='ocrx_word' id='word_1_248' title='bbox 176 1708 349 1741; x_wconf 85' lang='lat' dir='ltr'>ProDeum</span> <span class='ocrx_word' id='word_1_249' title='bbox 358 1710 583 1752; x_wconf 89' lang='lat' dir='ltr'>hominumque</span> <span class='ocrx_word' id='word_1_250' title='bbox 593 1710 702 1741; x_wconf 82' lang='lat' dir='ltr'>fidem!</span> <span class='ocrx_word' id='word_1_251' title='bbox 726 1710 781 1751; x_wconf 89' lang='lat' dir='ltr'>qui</span> <span class='ocrx_word' id='word_1_252' title='bbox 798 1710 855 1741; x_wconf 90' lang='lat' dir='ltr'>HS</span> <span class='ocrx_word' id='word_1_253' title='bbox 874 1719 1028 1742; x_wconf 85' lang='lat' dir='ltr'><em>ccc1000</em></span> 
     </span>
     <span class='ocr_line' id='line_1_39' title="bbox 131 1753 1032 1795; baseline 0.002 -13"><span class='ocrx_word' id='word_1_254' title='bbox 131 1759 284 1784; x_wconf 79' lang='lat' dir='ltr'><em>CCCI000</em></span> <span class='ocrx_word' id='word_1_255' title='bbox 325 1762 477 1785; x_wconf 78' lang='lat' dir='ltr'>cccmoo</span> <span class='ocrx_word' id='word_1_256' title='bbox 509 1756 643 1795; x_wconf 70' lang='lat' dir='ltr'>quaestus</span> <span class='ocrx_word' id='word_1_257' title='bbox 675 1753 774 1784; x_wconf 87' lang='lat' dir='ltr'>facere</span> <span class='ocrx_word' id='word_1_258' title='bbox 809 1754 910 1784; x_wconf 83' lang='lat' dir='ltr'>noluit</span> <span class='ocrx_word' id='word_1_259' title='bbox 945 1756 1032 1788; x_wconf 89' lang='lat' dir='ltr'>(nam</span> 
     </span>
     <span class='ocr_line' id='line_1_40' title="bbox 131 1796 1033 1831; baseline 0.001 -4"><span class='ocrx_word' id='word_1_260' title='bbox 131 1801 212 1828; x_wconf 64' lang='lat' dir='ltr'><strong>oerte</strong></span> <span class='ocrx_word' id='word_1_261' title='bbox 248 1796 305 1831; x_wconf 81' lang='lat' dir='ltr'>HS</span> <span class='ocrx_word' id='word_1_262' title='bbox 345 1805 498 1831; x_wconf 65' lang='lat' dir='ltr'>CCCIOQI)</span> <span class='ocrx_word' id='word_1_263' title='bbox 538 1805 691 1831; x_wconf 71' lang='lat' dir='ltr'>CCCIDOO</span> <span class='ocrx_word' id='word_1_264' title='bbox 731 1805 883 1830; x_wconf 76' lang='lat' dir='ltr'>ccclooo</span> <span class='ocrx_word' id='word_1_265' title='bbox 900 1807 1033 1830; x_wconf 82' lang='lat' dir='ltr'>.me1e1e</span> 
     </span>
    </p>
   </div>
  </div>
 </body>
</html>
