<?xml version="1.0" encoding="UTF-8"?>
<!DOCTYPE html PUBLIC "-//W3C//DTD XHTML 1.0 Transitional//EN"
    "http://www.w3.org/TR/xhtml1/DTD/xhtml1-transitional.dtd">
<html xmlns="http://www.w3.org/1999/xhtml" xml:lang="en" lang="en">
 <head>
  <title>
</title>
<meta http-equiv="Content-Type" content="text/html;charset=utf-8" />
  <meta name='ocr-system' content='tesseract 3.04.00' />
  <meta name='ocr-capabilities' content='ocr_page ocr_carea ocr_par ocr_line ocrx_word'/>
</head>
<body>
  <div class='ocr_page' id='page_1' title='image "./operaern05ciceuoft_0240.png"; bbox 0 0 1181 1902; ppageno 0'>
   <div class='ocr_carea' id='block_1_1' title="bbox 157 83 868 115">
    <p class='ocr_par' dir='ltr' id='par_1_1' title="bbox 157 83 868 115">
     <span class='ocr_line' id='line_1_1' title="bbox 157 83 868 115; baseline -0.003 0"><span class='ocrx_word' id='word_1_1' title='bbox 157 86 220 115; x_wconf 69' lang='lat'><strong>228</strong></span> <span class='ocrx_word' id='word_1_2' title='bbox 331 85 381 114; x_wconf 72' lang='lat' dir='ltr'><strong>IN</strong></span> <span class='ocrx_word' id='word_1_3' title='bbox 406 83 600 114; x_wconf 66' lang='lat' dir='ltr'><strong>VERREM</strong></span> <span class='ocrx_word' id='word_1_4' title='bbox 627 84 691 114; x_wconf 81' lang='lat'>111.</span> <span class='ocrx_word' id='word_1_5' title='bbox 717 84 799 114; x_wconf 57' lang='lat' dir='ltr'><strong>CM».</strong></span> <span class='ocrx_word' id='word_1_6' title='bbox 821 85 868 114; x_wconf 74' lang='lat'><strong>16.</strong></span> 
     </span>
    </p>
   </div>
   <div class='ocr_carea' id='block_1_2' title="bbox 157 171 1055 1758">
    <p class='ocr_par' dir='ltr' id='par_1_2' title="bbox 158 171 1054 1188">
     <span class='ocr_line' id='line_1_2' title="bbox 164 171 1049 211; baseline -0.001 -9"><span class='ocrx_word' id='word_1_7' title='bbox 164 188 167 190; x_wconf 61' lang='lat'>&gt;</span> <span class='ocrx_word' id='word_1_8' title='bbox 199 172 274 203; x_wconf 85' lang='lat' dir='ltr'><strong>XV.</strong></span> <span class='ocrx_word' id='word_1_9' title='bbox 292 171 398 201; x_wconf 88' lang='lat' dir='ltr'><strong>Primo</strong></span> <span class='ocrx_word' id='word_1_10' title='bbox 409 171 558 201; x_wconf 85' lang='lat' dir='ltr'><strong>mirantur</strong></span> <span class='ocrx_word' id='word_1_11' title='bbox 573 181 677 201; x_wconf 89' lang='lat' dir='ltr'><strong>omnes</strong></span> <span class='ocrx_word' id='word_1_12' title='bbox 692 171 916 211; x_wconf 81' lang='lat' dir='ltr'>improbitatem</span> <span class='ocrx_word' id='word_1_13' title='bbox 933 172 1049 201; x_wconf 60' lang='lat' dir='ltr'><strong>caluma</strong></span> 
     </span>
     <span class='ocr_line' id='line_1_3' title="bbox 158 214 1048 255; baseline -0.001 -10"><span class='ocrx_word' id='word_1_14' title='bbox 158 215 237 245; x_wconf 84' lang='lat' dir='ltr'><strong>niae:</strong></span> <span class='ocrx_word' id='word_1_15' title='bbox 262 214 381 251; x_wconf 81' lang='lat' dir='ltr'><strong>deiude,</strong></span> <span class='ocrx_word' id='word_1_16' title='bbox 406 214 459 255; x_wconf 91' lang='lat' dir='ltr'><strong>qui</strong></span> <span class='ocrx_word' id='word_1_17' title='bbox 474 214 566 244; x_wconf 87' lang='lat' dir='ltr'><strong>istum</strong></span> <span class='ocrx_word' id='word_1_18' title='bbox 582 216 713 249; x_wconf 75' lang='lat' dir='ltr'><strong>nossent,</strong></span> <span class='ocrx_word' id='word_1_19' title='bbox 730 214 840 254; x_wconf 87' lang='lat' dir='ltr'><strong>partim</strong></span> <span class='ocrx_word' id='word_1_20' title='bbox 856 214 1048 254; x_wconf 81' lang='lat' dir='ltr'><strong>suspicaban-</strong></span> 
     </span>
     <span class='ocr_line' id='line_1_4' title="bbox 159 257 1049 298; baseline -0.001 -11"><span class='ocrx_word' id='word_1_21' title='bbox 159 264 221 295; x_wconf 87' lang='lat' dir='ltr'><strong>tur,</strong></span> <span class='ocrx_word' id='word_1_22' title='bbox 245 257 356 298; x_wconf 87' lang='lat' dir='ltr'><strong>partim</strong></span> <span class='ocrx_word' id='word_1_23' title='bbox 378 258 467 297; x_wconf 89' lang='lat' dir='ltr'><strong>plane</strong></span> <span class='ocrx_word' id='word_1_24' title='bbox 488 257 641 295; x_wconf 81' lang='lat' dir='ltr'><strong>videbant,</strong></span> <span class='ocrx_word' id='word_1_25' title='bbox 665 257 818 296; x_wconf 85' lang='lat' dir='ltr'><strong>adjectum</strong></span> <span class='ocrx_word' id='word_1_26' title='bbox 842 267 903 287; x_wconf 82' lang='lat' dir='ltr'><strong>esse</strong></span> <span class='ocrx_word' id='word_1_27' title='bbox 925 258 1049 287; x_wconf 85' lang='lat' dir='ltr'><strong>oculum</strong></span> 
     </span>
     <span class='ocr_line' id='line_1_5' title="bbox 160 299 1049 340; baseline -0.001 -10"><span class='ocrx_word' id='word_1_28' title='bbox 160 301 337 330; x_wconf 67' lang='lat' dir='ltr'><strong>haereditati.</strong></span> <span class='ocrx_word' id='word_1_29' title='bbox 363 301 482 330; x_wconf 84' lang='lat' dir='ltr'><strong>Interea</strong></span> <span class='ocrx_word' id='word_1_30' title='bbox 497 299 559 329; x_wconf 86' lang='lat' dir='ltr'><strong>dies</strong></span> <span class='ocrx_word' id='word_1_31' title='bbox 574 300 706 337; x_wconf 80' lang='lat' dir='ltr'><strong>advenit,</strong></span> <span class='ocrx_word' id='word_1_32' title='bbox 724 310 785 340; x_wconf 92' lang='lat' dir='ltr'><strong>quo</strong></span> <span class='ocrx_word' id='word_1_33' title='bbox 800 299 848 329; x_wconf 90' lang='lat' dir='ltr'><strong>die</strong></span> <span class='ocrx_word' id='word_1_34' title='bbox 864 310 936 335; x_wconf 82' lang='lat' dir='ltr'><strong>sese,</strong></span> <span class='ocrx_word' id='word_1_35' title='bbox 953 311 990 330; x_wconf 83' lang='lat' dir='ltr'><strong>ex</strong></span> <span class='ocrx_word' id='word_1_36' title='bbox 1002 300 1049 330; x_wconf 91' lang='lat' dir='ltr'><strong>in-</strong></span> 
     </span>
     <span class='ocr_line' id='line_1_6' title="bbox 160 342 1049 383; baseline 0 -10"><span class='ocrx_word' id='word_1_37' title='bbox 160 343 265 373; x_wconf 84' lang='lat' dir='ltr'><strong>stituto</strong></span> <span class='ocrx_word' id='word_1_38' title='bbox 290 354 323 373; x_wconf 88' lang='lat' dir='ltr'><strong>ac</strong></span> <span class='ocrx_word' id='word_1_39' title='bbox 344 344 410 383; x_wconf 83' lang='lat' dir='ltr'><strong>lege</strong></span> <span class='ocrx_word' id='word_1_40' title='bbox 432 342 571 383; x_wconf 64' lang='lat' dir='ltr'><strong>Rupilia,</strong></span> <span class='ocrx_word' id='word_1_41' title='bbox 594 343 674 373; x_wconf 86' lang='lat' dir='ltr'><strong>dicas</strong></span> <span class='ocrx_word' id='word_1_42' title='bbox 698 343 872 372; x_wconf 79' lang='lat' dir='ltr'><strong>sortiturum</strong></span> <span class='ocrx_word' id='word_1_43' title='bbox 896 343 1049 383; x_wconf 76' lang='lat' dir='ltr'><strong>Syracusis</strong></span> 
     </span>
     <span class='ocr_line' id='line_1_7' title="bbox 160 385 1050 426; baseline 0.001 -11"><span class='ocrx_word' id='word_1_44' title='bbox 160 386 216 416; x_wconf 84' lang='lat' dir='ltr'><strong>iste</strong></span> <span class='ocrx_word' id='word_1_45' title='bbox 227 386 380 416; x_wconf 81' lang='lat' dir='ltr'><strong>edixerat:</strong></span> <span class='ocrx_word' id='word_1_46' title='bbox 406 392 527 426; x_wconf 83' lang='lat' dir='ltr'><strong>paratus</strong></span> <span class='ocrx_word' id='word_1_47' title='bbox 542 386 580 415; x_wconf 86' lang='lat' dir='ltr'><strong>ad</strong></span> <span class='ocrx_word' id='word_1_48' title='bbox 596 386 673 416; x_wconf 85' lang='lat' dir='ltr'><strong>hanc</strong></span> <span class='ocrx_word' id='word_1_49' title='bbox 689 386 787 415; x_wconf 78' lang='lat' dir='ltr'><strong>dicam</strong></span> <span class='ocrx_word' id='word_1_50' title='bbox 803 385 983 415; x_wconf 75' lang='lat' dir='ltr'>sortiendam</span> <span class='ocrx_word' id='word_1_51' title='bbox 1000 397 1050 416; x_wconf 83' lang='lat' dir='ltr'><strong>ve-</strong></span> 
     </span>
     <span class='ocr_line' id='line_1_8' title="bbox 161 429 1050 468; baseline 0 -10"><span class='ocrx_word' id='word_1_52' title='bbox 161 435 254 458; x_wconf 86' lang='lat' dir='ltr'><strong>nerat.</strong></span> <span class='ocrx_word' id='word_1_53' title='bbox 288 429 373 458; x_wconf 83' lang='lat' dir='ltr'><strong>Tum</strong></span> <span class='ocrx_word' id='word_1_54' title='bbox 390 439 458 459; x_wconf 84' lang='lat' dir='ltr'><strong>eum</strong></span> <span class='ocrx_word' id='word_1_55' title='bbox 481 429 566 458; x_wconf 88' lang='lat' dir='ltr'><strong>docet</strong></span> <span class='ocrx_word' id='word_1_56' title='bbox 584 429 754 464; x_wconf 69' lang='lat' dir='ltr'><strong>Heraclius,</strong></span> <span class='ocrx_word' id='word_1_57' title='bbox 770 438 831 458; x_wconf 88' lang='lat' dir='ltr'><strong>non</strong></span> <span class='ocrx_word' id='word_1_58' title='bbox 852 439 936 468; x_wconf 73' lang='lat' dir='ltr'><strong>posse</strong></span> <span class='ocrx_word' id='word_1_59' title='bbox 953 439 986 458; x_wconf 89' lang='lat' dir='ltr'><strong>eo</strong></span> <span class='ocrx_word' id='word_1_60' title='bbox 1002 429 1050 459; x_wconf 89' lang='lat' dir='ltr'><strong>die</strong></span> 
     </span>
     <span class='ocr_line' id='line_1_9' title="bbox 161 471 1050 512; baseline 0 -11"><span class='ocrx_word' id='word_1_61' title='bbox 161 472 270 508; x_wconf 82' lang='lat' dir='ltr'><strong>sortiri,</strong></span> <span class='ocrx_word' id='word_1_62' title='bbox 287 472 369 512; x_wconf 78' lang='lat' dir='ltr'><strong>quod</strong></span> <span class='ocrx_word' id='word_1_63' title='bbox 381 472 430 501; x_wconf 84' lang='lat' dir='ltr'><strong>lex</strong></span> <span class='ocrx_word' id='word_1_64' title='bbox 448 472 574 512; x_wconf 88' lang='lat' dir='ltr'><strong>Rupilia</strong></span> <span class='ocrx_word' id='word_1_65' title='bbox 590 477 701 501; x_wconf 85' lang='lat' dir='ltr'><strong>vetaret</strong></span> <span class='ocrx_word' id='word_1_66' title='bbox 716 471 822 501; x_wconf 85' lang='lat' dir='ltr'><strong>diebus</strong></span> <span class='ocrx_word' id='word_1_67' title='bbox 838 471 937 501; x_wconf 80' lang='lat' dir='ltr'><strong>XXX</strong></span> <span class='ocrx_word' id='word_1_68' title='bbox 954 472 1050 501; x_wconf 84' lang='lat' dir='ltr'><strong>sortiri</strong></span> 
     </span>
     <span class='ocr_line' id='line_1_10' title="bbox 160 514 1050 555; baseline 0.001 -12"><span class='ocrx_word' id='word_1_69' title='bbox 160 514 271 551; x_wconf 85' lang='lat' dir='ltr'><strong>dicam,</strong></span> <span class='ocrx_word' id='word_1_70' title='bbox 295 515 406 555; x_wconf 89' lang='lat' dir='ltr'><strong>quibus</strong></span> <span class='ocrx_word' id='word_1_71' title='bbox 431 514 540 554; x_wconf 83' lang='lat' dir='ltr'><strong>scripta</strong></span> <span class='ocrx_word' id='word_1_72' title='bbox 564 521 647 544; x_wconf 82' lang='lat' dir='ltr'><strong>esset.</strong></span> <span class='ocrx_word' id='word_1_73' title='bbox 684 514 758 544; x_wconf 78' lang='lat' dir='ltr'><strong>Dies</strong></span> <span class='ocrx_word' id='word_1_74' title='bbox 787 514 886 544; x_wconf 80' lang='lat' dir='ltr'><strong>XXX</strong></span> <span class='ocrx_word' id='word_1_75' title='bbox 913 514 1050 544; x_wconf 84' lang='lat' dir='ltr'><strong>nondum</strong></span> 
     </span>
     <span class='ocr_line' id='line_1_11' title="bbox 159 557 1051 598; baseline -0.001 -11"><span class='ocrx_word' id='word_1_76' title='bbox 159 557 288 587; x_wconf 85' lang='lat' dir='ltr'><strong>fuerant.</strong></span> <span class='ocrx_word' id='word_1_77' title='bbox 324 559 470 598; x_wconf 74' lang='lat' dir='ltr'>Sperabat</span> <span class='ocrx_word' id='word_1_78' title='bbox 486 557 657 594; x_wconf 81' lang='lat' dir='ltr'><strong>Heraclius,</strong></span> <span class='ocrx_word' id='word_1_79' title='bbox 684 557 708 586; x_wconf 86' lang='lat' dir='ltr'><strong>si</strong></span> <span class='ocrx_word' id='word_1_80' title='bbox 729 557 817 586; x_wconf 83' lang='lat' dir='ltr'><strong>illum</strong></span> <span class='ocrx_word' id='word_1_81' title='bbox 833 557 912 587; x_wconf 79' lang='lat' dir='ltr'><strong>dien]</strong></span> <span class='ocrx_word' id='word_1_82' title='bbox 929 557 1051 597; x_wconf 83' lang='lat' dir='ltr'><strong>effugis-</strong></span> 
     </span>
     <span class='ocr_line' id='line_1_12' title="bbox 160 600 1051 641; baseline 0 -12"><span class='ocrx_word' id='word_1_83' title='bbox 160 606 215 636; x_wconf 90' lang='lat' dir='ltr'><strong>set,</strong></span> <span class='ocrx_word' id='word_1_84' title='bbox 232 607 300 630; x_wconf 87' lang='lat' dir='ltr'><strong>ante</strong></span> <span class='ocrx_word' id='word_1_85' title='bbox 316 600 441 630; x_wconf 87' lang='lat' dir='ltr'><strong>alteram</strong></span> <span class='ocrx_word' id='word_1_86' title='bbox 457 600 642 630; x_wconf 85' lang='lat' dir='ltr'><strong>sortitionem</strong></span> <span class='ocrx_word' id='word_1_87' title='bbox 659 600 698 638; x_wconf 87' lang='lat' dir='ltr'><strong>Q.</strong></span> <span class='ocrx_word' id='word_1_88' title='bbox 716 600 856 636; x_wconf 86' lang='lat' dir='ltr'><strong>Arrium,</strong></span> <span class='ocrx_word' id='word_1_89' title='bbox 875 610 966 641; x_wconf 87' lang='lat' dir='ltr'><strong>quem</strong></span> <span class='ocrx_word' id='word_1_90' title='bbox 982 611 1051 640; x_wconf 89' lang='lat' dir='ltr'><strong>pro-</strong></span> 
     </span>
     <span class='ocr_line' id='line_1_13' title="bbox 162 642 1052 683; baseline 0 -11"><span class='ocrx_word' id='word_1_91' title='bbox 162 642 260 673; x_wconf 87' lang='lat' dir='ltr'><strong>vincia</strong></span> <span class='ocrx_word' id='word_1_92' title='bbox 281 649 347 673; x_wconf 85' lang='lat' dir='ltr'><strong>tum</strong></span> <span class='ocrx_word' id='word_1_93' title='bbox 362 644 497 673; x_wconf 81' lang='lat' dir='ltr'>maxime</span> <span class='ocrx_word' id='word_1_94' title='bbox 513 644 714 683; x_wconf 70' lang='lat' dir='ltr'><strong>exspectabat,</strong></span> <span class='ocrx_word' id='word_1_95' title='bbox 737 653 953 673; x_wconf 80' lang='lat' dir='ltr'><strong>successurum.</strong></span> <span class='ocrx_word' id='word_1_96' title='bbox 990 643 1052 673; x_wconf 83' lang='lat' dir='ltr'><strong>Iste</strong></span> 
     </span>
     <span class='ocr_line' id='line_1_14' title="bbox 162 685 1050 721; baseline 0 -6"><span class='ocrx_word' id='word_1_97' title='bbox 162 686 304 715; x_wconf 86' lang='lat' dir='ltr'><strong>omnibus</strong></span> <span class='ocrx_word' id='word_1_98' title='bbox 316 686 389 716; x_wconf 82' lang='lat' dir='ltr'><strong>dicis</strong></span> <span class='ocrx_word' id='word_1_99' title='bbox 404 686 484 716; x_wconf 84' lang='lat' dir='ltr'><strong>diem</strong></span> <span class='ocrx_word' id='word_1_100' title='bbox 500 685 636 716; x_wconf 78' lang='lat' dir='ltr'><strong>distulit:</strong></span> <span class='ocrx_word' id='word_1_101' title='bbox 661 692 690 716; x_wconf 87' lang='lat' dir='ltr'><strong>et</strong></span> <span class='ocrx_word' id='word_1_102' title='bbox 706 696 771 715; x_wconf 80' lang='lat' dir='ltr'><strong>eain</strong></span> <span class='ocrx_word' id='word_1_103' title='bbox 788 686 867 715; x_wconf 87' lang='lat' dir='ltr'><strong>diem</strong></span> <span class='ocrx_word' id='word_1_104' title='bbox 884 686 1050 721; x_wconf 83' lang='lat' dir='ltr'><strong>constituit,</strong></span> 
     </span>
     <span class='ocr_line' id='line_1_15' title="bbox 162 729 1053 769; baseline 0 -11"><span class='ocrx_word' id='word_1_105' title='bbox 162 734 197 758; x_wconf 89' lang='lat' dir='ltr'><strong>ut</strong></span> <span class='ocrx_word' id='word_1_106' title='bbox 208 729 286 758; x_wconf 88' lang='lat' dir='ltr'><strong>hanc</strong></span> <span class='ocrx_word' id='word_1_107' title='bbox 300 729 434 759; x_wconf 85' lang='lat' dir='ltr'><strong>Heraclii</strong></span> <span class='ocrx_word' id='word_1_108' title='bbox 449 729 547 759; x_wconf 80' lang='lat' dir='ltr'><strong>dican]</strong></span> <span class='ocrx_word' id='word_1_109' title='bbox 561 729 658 758; x_wconf 88' lang='lat' dir='ltr'><strong>sortiri</strong></span> <span class='ocrx_word' id='word_1_110' title='bbox 670 735 736 769; x_wconf 89' lang='lat' dir='ltr'><strong>post</strong></span> <span class='ocrx_word' id='word_1_111' title='bbox 748 729 810 758; x_wconf 88' lang='lat' dir='ltr'><strong>dies</strong></span> <span class='ocrx_word' id='word_1_112' title='bbox 826 729 924 758; x_wconf 72' lang='lat' dir='ltr'><strong>XXX</strong></span> <span class='ocrx_word' id='word_1_113' title='bbox 938 739 973 758; x_wconf 80' lang='lat' dir='ltr'><strong>ex</strong></span> <span class='ocrx_word' id='word_1_114' title='bbox 987 730 1053 769; x_wconf 82' lang='lat' dir='ltr'><strong>lege</strong></span> 
     </span>
     <span class='ocr_line' id='line_1_16' title="bbox 159 771 1052 812; baseline 0 -11"><span class='ocrx_word' id='word_1_115' title='bbox 159 777 268 812; x_wconf 84' lang='lat' dir='ltr'><strong>posset.</strong></span> <span class='ocrx_word' id='word_1_116' title='bbox 294 772 497 812; x_wconf 75' lang='lat' dir='ltr'><strong>Posteaquam</strong></span> <span class='ocrx_word' id='word_1_117' title='bbox 514 782 548 801; x_wconf 88' lang='lat' dir='ltr'><strong>ea</strong></span> <span class='ocrx_word' id='word_1_118' title='bbox 563 772 626 801; x_wconf 80' lang='lat' dir='ltr'><strong>dies</strong></span> <span class='ocrx_word' id='word_1_119' title='bbox 641 772 733 807; x_wconf 87' lang='lat' dir='ltr'><strong>venit,</strong></span> <span class='ocrx_word' id='word_1_120' title='bbox 757 772 812 801; x_wconf 87' lang='lat' dir='ltr'><strong>iste</strong></span> <span class='ocrx_word' id='word_1_121' title='bbox 827 771 932 812; x_wconf 84' lang='lat' dir='ltr'><strong>incipit</strong></span> <span class='ocrx_word' id='word_1_122' title='bbox 956 772 1052 801; x_wconf 84' lang='lat' dir='ltr'><strong>simu-</strong></span> 
     </span>
     <span class='ocr_line' id='line_1_17' title="bbox 160 814 1050 851; baseline 0 -7"><span class='ocrx_word' id='word_1_123' title='bbox 160 815 233 851; x_wconf 90' lang='lat' dir='ltr'><strong>lare,</strong></span> <span class='ocrx_word' id='word_1_124' title='bbox 258 825 288 844; x_wconf 86' lang='lat' dir='ltr'><strong>se</strong></span> <span class='ocrx_word' id='word_1_125' title='bbox 311 815 387 844; x_wconf 90' lang='lat' dir='ltr'><strong>velle</strong></span> <span class='ocrx_word' id='word_1_126' title='bbox 408 814 515 844; x_wconf 83' lang='lat' dir='ltr'><strong>sortiri.</strong></span> <span class='ocrx_word' id='word_1_127' title='bbox 550 814 710 844; x_wconf 82' lang='lat' dir='ltr'><strong>Heraclius</strong></span> <span class='ocrx_word' id='word_1_128' title='bbox 725 825 795 844; x_wconf 85' lang='lat' dir='ltr'><strong>cum</strong></span> <span class='ocrx_word' id='word_1_129' title='bbox 812 815 961 844; x_wconf 88' lang='lat' dir='ltr'><strong>advocatis</strong></span> <span class='ocrx_word' id='word_1_130' title='bbox 977 815 1050 851; x_wconf 85' lang='lat' dir='ltr'><strong>adit,</strong></span> 
     </span>
     <span class='ocr_line' id='line_1_18' title="bbox 161 857 1053 898; baseline -0.001 -11"><span class='ocrx_word' id='word_1_131' title='bbox 161 863 191 887; x_wconf 87' lang='lat' dir='ltr'><strong>et</strong></span> <span class='ocrx_word' id='word_1_132' title='bbox 203 857 347 897; x_wconf 87' lang='lat' dir='ltr'><strong>postulat,</strong></span> <span class='ocrx_word' id='word_1_133' title='bbox 364 863 399 887; x_wconf 90' lang='lat' dir='ltr'><strong>ut</strong></span> <span class='ocrx_word' id='word_1_134' title='bbox 415 858 472 887; x_wconf 82' lang='lat' dir='ltr'><strong>sibi</strong></span> <span class='ocrx_word' id='word_1_135' title='bbox 487 867 557 887; x_wconf 87' lang='lat' dir='ltr'><strong>cum</strong></span> <span class='ocrx_word' id='word_1_136' title='bbox 573 857 754 897; x_wconf 78' lang='lat' dir='ltr'><strong>palaestritis,</strong></span> <span class='ocrx_word' id='word_1_137' title='bbox 771 857 827 886; x_wconf 87' lang='lat' dir='ltr'><strong>hoe</strong></span> <span class='ocrx_word' id='word_1_138' title='bbox 843 863 896 893; x_wconf 87' lang='lat' dir='ltr'><strong>est,</strong></span> <span class='ocrx_word' id='word_1_139' title='bbox 913 868 982 887; x_wconf 84' lang='lat' dir='ltr'><strong>cum</strong></span> <span class='ocrx_word' id='word_1_140' title='bbox 999 868 1053 898; x_wconf 87' lang='lat' dir='ltr'><strong>po-</strong></span> 
     </span>
     <span class='ocr_line' id='line_1_19' title="bbox 161 900 1054 941; baseline 0.001 -12"><span class='ocrx_word' id='word_1_141' title='bbox 161 900 235 941; x_wconf 88' lang='lat' dir='ltr'><strong>pulo</strong></span> <span class='ocrx_word' id='word_1_142' title='bbox 256 901 454 940; x_wconf 73' lang='lat' dir='ltr'><strong>Syracusano,</strong></span> <span class='ocrx_word' id='word_1_143' title='bbox 479 910 566 940; x_wconf 68' lang='lat' dir='ltr'><strong>aequo</strong></span> <span class='ocrx_word' id='word_1_144' title='bbox 584 901 652 938; x_wconf 83' lang='lat' dir='ltr'><strong>jure</strong></span> <span class='ocrx_word' id='word_1_145' title='bbox 673 900 837 940; x_wconf 79' lang='lat' dir='ltr'><strong>disceptare</strong></span> <span class='ocrx_word' id='word_1_146' title='bbox 857 900 953 930; x_wconf 82' lang='lat' dir='ltr'><strong>liceat.</strong></span> <span class='ocrx_word' id='word_1_147' title='bbox 985 901 1054 930; x_wconf 83' lang='lat' dir='ltr'><strong>Ad-</strong></span> 
     </span>
     <span class='ocr_line' id='line_1_20' title="bbox 161 943 1052 983; baseline -0.001 -10"><span class='ocrx_word' id='word_1_148' title='bbox 161 943 282 973; x_wconf 86' lang='lat' dir='ltr'><strong>versarii</strong></span> <span class='ocrx_word' id='word_1_149' title='bbox 298 944 463 983; x_wconf 83' lang='lat' dir='ltr'><strong>postulant,</strong></span> <span class='ocrx_word' id='word_1_150' title='bbox 488 950 522 972; x_wconf 87' lang='lat' dir='ltr'><strong>ut</strong></span> <span class='ocrx_word' id='word_1_151' title='bbox 537 943 567 972; x_wconf 90' lang='lat' dir='ltr'><strong>in</strong></span> <span class='ocrx_word' id='word_1_152' title='bbox 585 953 651 972; x_wconf 88' lang='lat' dir='ltr'><strong>eam</strong></span> <span class='ocrx_word' id='word_1_153' title='bbox 667 953 730 973; x_wconf 86' lang='lat' dir='ltr'><strong>rem</strong></span> <span class='ocrx_word' id='word_1_154' title='bbox 745 943 860 982; x_wconf 84' lang='lat' dir='ltr'><strong>judices</strong></span> <span class='ocrx_word' id='word_1_155' title='bbox 876 943 995 978; x_wconf 79' lang='lat' dir='ltr'><strong>dentur,</strong></span> <span class='ocrx_word' id='word_1_156' title='bbox 1015 954 1052 973; x_wconf 77' lang='lat' dir='ltr'><strong>ex</strong></span> 
     </span>
     <span class='ocr_line' id='line_1_21' title="bbox 161 986 1051 1027; baseline -0.001 -11"><span class='ocrx_word' id='word_1_157' title='bbox 161 986 209 1016; x_wconf 88' lang='lat' dir='ltr'><strong>his</strong></span> <span class='ocrx_word' id='word_1_158' title='bbox 225 986 405 1023; x_wconf 84' lang='lat' dir='ltr'><strong>civitatibus,</strong></span> <span class='ocrx_word' id='word_1_159' title='bbox 423 997 492 1027; x_wconf 87' lang='lat' dir='ltr'><strong>quae</strong></span> <span class='ocrx_word' id='word_1_160' title='bbox 507 986 538 1015; x_wconf 91' lang='lat' dir='ltr'><strong>in</strong></span> <span class='ocrx_word' id='word_1_161' title='bbox 554 986 584 1015; x_wconf 89' lang='lat' dir='ltr'><strong>id</strong></span> <span class='ocrx_word' id='word_1_162' title='bbox 601 986 701 1016; x_wconf 84' lang='lat' dir='ltr'><strong>forum</strong></span> <span class='ocrx_word' id='word_1_163' title='bbox 717 986 917 1016; x_wconf 83' lang='lat' dir='ltr'><strong>convenirent.</strong></span> <span class='ocrx_word' id='word_1_164' title='bbox 941 987 1051 1023; x_wconf 65' lang='lat' dir='ltr'><strong>Electi,</strong></span> 
     </span>
     <span class='ocr_line' id='line_1_22' title="bbox 162 1028 1053 1069; baseline 0.001 -11"><span class='ocrx_word' id='word_1_165' title='bbox 162 1029 216 1069; x_wconf 92' lang='lat' dir='ltr'><strong>qui</strong></span> <span class='ocrx_word' id='word_1_166' title='bbox 233 1029 321 1059; x_wconf 90' lang='lat' dir='ltr'><strong>Verri</strong></span> <span class='ocrx_word' id='word_1_167' title='bbox 338 1030 518 1060; x_wconf 86' lang='lat' dir='ltr'><strong>viderentur.</strong></span> <span class='ocrx_word' id='word_1_168' title='bbox 553 1028 713 1059; x_wconf 79' lang='lat' dir='ltr'><strong>Heraclius</strong></span> <span class='ocrx_word' id='word_1_169' title='bbox 729 1035 841 1064; x_wconf 75' lang='lat' dir='ltr'><strong>contra,</strong></span> <span class='ocrx_word' id='word_1_170' title='bbox 859 1035 893 1058; x_wconf 86' lang='lat' dir='ltr'><strong>ut</strong></span> <span class='ocrx_word' id='word_1_171' title='bbox 905 1029 1022 1068; x_wconf 84' lang='lat' dir='ltr'><strong>judices</strong></span> <span class='ocrx_word' id='word_1_172' title='bbox 1037 1040 1053 1059; x_wconf 88' lang='lat' dir='ltr'><strong>e</strong></span> 
     </span>
     <span class='ocr_line' id='line_1_23' title="bbox 160 1072 1053 1113; baseline 0 -11"><span class='ocrx_word' id='word_1_173' title='bbox 160 1073 227 1112; x_wconf 76' lang='lat' dir='ltr'><strong>lege</strong></span> <span class='ocrx_word' id='word_1_174' title='bbox 243 1072 371 1113; x_wconf 63' lang='lat' dir='ltr'><strong>Rupilia</strong></span> <span class='ocrx_word' id='word_1_175' title='bbox 386 1073 515 1107; x_wconf 70' lang='lat' dir='ltr'><strong>denturg</strong></span> <span class='ocrx_word' id='word_1_176' title='bbox 539 1077 574 1101; x_wconf 87' lang='lat' dir='ltr'><strong>ut</strong></span> <span class='ocrx_word' id='word_1_177' title='bbox 585 1073 623 1102; x_wconf 87' lang='lat' dir='ltr'><strong>ab</strong></span> <span class='ocrx_word' id='word_1_178' title='bbox 639 1072 782 1103; x_wconf 82' lang='lat' dir='ltr'><strong>institutis</strong></span> <span class='ocrx_word' id='word_1_179' title='bbox 798 1072 997 1112; x_wconf 85' lang='lat' dir='ltr'><strong>superiorum,</strong></span> <span class='ocrx_word' id='word_1_180' title='bbox 1015 1073 1053 1102; x_wconf 85' lang='lat' dir='ltr'><strong>ab</strong></span> 
     </span>
     <span class='ocr_line' id='line_1_24' title="bbox 160 1115 1052 1154; baseline -0.001 -9"><span class='ocrx_word' id='word_1_181' title='bbox 160 1115 336 1146; x_wconf 84' lang='lat' dir='ltr'><strong>auctoritate</strong></span> <span class='ocrx_word' id='word_1_182' title='bbox 357 1117 487 1154; x_wconf 71' lang='lat' dir='ltr'><strong>senatus,</strong></span> <span class='ocrx_word' id='word_1_183' title='bbox 510 1116 548 1145; x_wconf 90' lang='lat' dir='ltr'><strong>ab</strong></span> <span class='ocrx_word' id='word_1_184' title='bbox 566 1115 634 1153; x_wconf 87' lang='lat' dir='ltr'><strong>jure</strong></span> <span class='ocrx_word' id='word_1_185' title='bbox 650 1115 789 1145; x_wconf 84' lang='lat' dir='ltr'><strong>omnium</strong></span> <span class='ocrx_word' id='word_1_186' title='bbox 806 1115 989 1153; x_wconf 71' lang='lat' dir='ltr'><strong>Siculorum,</strong></span> <span class='ocrx_word' id='word_1_187' title='bbox 1013 1125 1052 1145; x_wconf 88' lang='lat' dir='ltr'><strong>ne</strong></span> 
     </span>
     <span class='ocr_line' id='line_1_25' title="bbox 160 1158 325 1188; baseline 0 0"><span class='ocrx_word' id='word_1_188' title='bbox 160 1158 325 1188; x_wconf 83' lang='lat' dir='ltr'><strong>recedatur.</strong></span> 
     </span>
    </p>

    <p class='ocr_par' dir='ltr' id='par_1_3' title="bbox 157 1201 1055 1716">
     <span class='ocr_line' id='line_1_26' title="bbox 206 1201 1053 1243; baseline 0 -12"><span class='ocrx_word' id='word_1_189' title='bbox 206 1202 300 1231; x_wconf 87' lang='lat' dir='ltr'>XVI.</span> <span class='ocrx_word' id='word_1_190' title='bbox 325 1202 411 1240; x_wconf 87' lang='lat' dir='ltr'><strong>Quid</strong></span> <span class='ocrx_word' id='word_1_191' title='bbox 431 1213 486 1243; x_wconf 82' lang='lat' dir='ltr'><strong>ego</strong></span> <span class='ocrx_word' id='word_1_192' title='bbox 507 1201 593 1232; x_wconf 81' lang='lat' dir='ltr'><strong>istius</strong></span> <span class='ocrx_word' id='word_1_193' title='bbox 612 1201 643 1231; x_wconf 94' lang='lat' dir='ltr'><strong>in</strong></span> <span class='ocrx_word' id='word_1_194' title='bbox 665 1203 734 1241; x_wconf 86' lang='lat' dir='ltr'><strong>jure</strong></span> <span class='ocrx_word' id='word_1_195' title='bbox 749 1201 874 1232; x_wconf 85' lang='lat' dir='ltr'><strong>dicendo</strong></span> <span class='ocrx_word' id='word_1_196' title='bbox 895 1201 1053 1231; x_wconf 88' lang='lat' dir='ltr'><strong>libidinem</strong></span> 
     </span>
     <span class='ocr_line' id='line_1_27' title="bbox 163 1243 1055 1286; baseline 0.001 -13"><span class='ocrx_word' id='word_1_197' title='bbox 163 1244 365 1275; x_wconf 49' lang='lat' dir='ltr'><strong>demonstrem</strong></span> <span class='ocrx_word' id='word_1_198' title='bbox 377 1246 392 1274; x_wconf 67' lang='grc' dir='ltr'><strong>ἶ)</strong></span> <span class='ocrx_word' id='word_1_199' title='bbox 415 1246 483 1286; x_wconf 92' lang='lat' dir='ltr'><strong>quis</strong></span> <span class='ocrx_word' id='word_1_200' title='bbox 498 1246 630 1275; x_wconf 66' lang='lat' dir='ltr'><strong>vestrum</strong></span> <span class='ocrx_word' id='word_1_201' title='bbox 647 1255 707 1275; x_wconf 87' lang='lat' dir='ltr'><strong>non</strong></span> <span class='ocrx_word' id='word_1_202' title='bbox 729 1256 765 1274; x_wconf 82' lang='lat' dir='ltr'><strong>ex</strong></span> <span class='ocrx_word' id='word_1_203' title='bbox 782 1243 896 1274; x_wconf 67' lang='lat' dir='ltr'><strong>urbana</strong></span> <span class='ocrx_word' id='word_1_204' title='bbox 915 1244 1055 1283; x_wconf 83' lang='lat' dir='ltr'><strong>jurisdic-</strong></span> 
     </span>
     <span class='ocr_line' id='line_1_28' title="bbox 163 1287 1054 1329; baseline 0 -13"><span class='ocrx_word' id='word_1_205' title='bbox 163 1287 243 1318; x_wconf 87' lang='lat' dir='ltr'><strong>tione</strong></span> <span class='ocrx_word' id='word_1_206' title='bbox 264 1289 427 1329; x_wconf 77' lang='lat' dir='ltr'><strong>coguovit?</strong></span> <span class='ocrx_word' id='word_1_207' title='bbox 452 1289 519 1329; x_wconf 88' lang='lat' dir='ltr'><strong>quis</strong></span> <span class='ocrx_word' id='word_1_208' title='bbox 540 1298 691 1328; x_wconf 88' lang='lat' dir='ltr'><strong>unquam,</strong></span> <span class='ocrx_word' id='word_1_209' title='bbox 714 1288 770 1318; x_wconf 85' lang='lat' dir='ltr'><strong>isto</strong></span> <span class='ocrx_word' id='word_1_210' title='bbox 790 1294 926 1328; x_wconf 75' lang='lat' dir='ltr'><strong>praetore,</strong></span> <span class='ocrx_word' id='word_1_211' title='bbox 952 1287 1054 1317; x_wconf 75' lang='lat' dir='ltr'><strong>Cheli-</strong></span> 
     </span>
     <span class='ocr_line' id='line_1_29' title="bbox 163 1330 1054 1371; baseline -0.001 -11"><span class='ocrx_word' id='word_1_212' title='bbox 163 1330 241 1361; x_wconf 87' lang='lat' dir='ltr'><strong>done</strong></span> <span class='ocrx_word' id='word_1_213' title='bbox 260 1331 366 1367; x_wconf 64' lang='lat' dir='ltr'><strong>invita,</strong></span> <span class='ocrx_word' id='word_1_214' title='bbox 390 1332 456 1371; x_wconf 84' lang='lat' dir='ltr'><strong>lege</strong></span> <span class='ocrx_word' id='word_1_215' title='bbox 474 1342 562 1371; x_wconf 83' lang='lat' dir='ltr'><strong>agere</strong></span> <span class='ocrx_word' id='word_1_216' title='bbox 582 1331 706 1371; x_wconf 79' lang='lat' dir='ltr'><strong>potuit?</strong></span> <span class='ocrx_word' id='word_1_217' title='bbox 732 1331 803 1360; x_wconf 88' lang='lat' dir='ltr'><strong>Non</strong></span> <span class='ocrx_word' id='word_1_218' title='bbox 819 1331 910 1360; x_wconf 81' lang='lat' dir='ltr'><strong>istum</strong></span> <span class='ocrx_word' id='word_1_219' title='bbox 929 1333 977 1363; x_wconf 90' lang='lat' dir='ltr'><strong>(ut</strong></span> <span class='ocrx_word' id='word_1_220' title='bbox 992 1340 1054 1360; x_wconf 87' lang='lat' dir='ltr'><strong>non</strong></span> 
     </span>
     <span class='ocr_line' id='line_1_30' title="bbox 163 1373 1052 1414; baseline -0.001 -11"><span class='ocrx_word' id='word_1_221' title='bbox 163 1374 331 1412; x_wconf 83' lang='lat' dir='ltr'><strong>neminem)</strong></span> <span class='ocrx_word' id='word_1_222' title='bbox 347 1374 501 1414; x_wconf 89' lang='lat' dir='ltr'><strong>provincia</strong></span> <span class='ocrx_word' id='word_1_223' title='bbox 516 1374 666 1414; x_wconf 80' lang='lat' dir='ltr'><strong>corrupit:</strong></span> <span class='ocrx_word' id='word_1_224' title='bbox 684 1373 765 1403; x_wconf 81' lang='lat' dir='ltr'><strong>idem</strong></span> <span class='ocrx_word' id='word_1_225' title='bbox 778 1374 847 1409; x_wconf 80' lang='lat' dir='ltr'><strong>fuit,</strong></span> <span class='ocrx_word' id='word_1_226' title='bbox 865 1373 917 1414; x_wconf 87' lang='lat' dir='ltr'><strong>qui</strong></span> <span class='ocrx_word' id='word_1_227' title='bbox 934 1374 1052 1403; x_wconf 61' lang='lat' dir='ltr'><strong>Romae.</strong></span> 
     </span>
     <span class='ocr_line' id='line_1_31' title="bbox 163 1417 1054 1458; baseline -0.001 -12"><span class='ocrx_word' id='word_1_228' title='bbox 163 1417 244 1447; x_wconf 85' lang='lat' dir='ltr'><strong>Cum</strong></span> <span class='ocrx_word' id='word_1_229' title='bbox 271 1417 314 1455; x_wconf 89' lang='lat' dir='ltr'><strong>id,</strong></span> <span class='ocrx_word' id='word_1_230' title='bbox 338 1418 419 1458; x_wconf 85' lang='lat' dir='ltr'><strong>quod</strong></span> <span class='ocrx_word' id='word_1_231' title='bbox 447 1428 550 1447; x_wconf 82' lang='lat' dir='ltr'><strong>omnes</strong></span> <span class='ocrx_word' id='word_1_232' title='bbox 576 1417 796 1457; x_wconf 64' lang='lat' dir='ltr'><strong>intelligebant,</strong></span> <span class='ocrx_word' id='word_1_233' title='bbox 821 1417 930 1446; x_wconf 81' lang='lat' dir='ltr'><strong>diceret</strong></span> <span class='ocrx_word' id='word_1_234' title='bbox 956 1417 1054 1446; x_wconf 84' lang='lat' dir='ltr'><strong>Hera-</strong></span> 
     </span>
     <span class='ocr_line' id='line_1_32' title="bbox 162 1460 1054 1500; baseline -0.002 -10"><span class='ocrx_word' id='word_1_235' title='bbox 162 1460 248 1497; x_wconf 83' lang='lat' dir='ltr'><strong>clius,</strong></span> <span class='ocrx_word' id='word_1_236' title='bbox 270 1461 321 1499; x_wconf 86' lang='lat' dir='ltr'><strong>jus</strong></span> <span class='ocrx_word' id='word_1_237' title='bbox 337 1471 399 1490; x_wconf 82' lang='lat' dir='ltr'><strong>esse</strong></span> <span class='ocrx_word' id='word_1_238' title='bbox 418 1466 532 1490; x_wconf 85' lang='lat' dir='ltr'><strong>certum</strong></span> <span class='ocrx_word' id='word_1_239' title='bbox 553 1460 672 1496; x_wconf 68' lang='lat' dir='ltr'><strong>Siculis,</strong></span> <span class='ocrx_word' id='word_1_240' title='bbox 696 1460 773 1490; x_wconf 87' lang='lat' dir='ltr'><strong>inter</strong></span> <span class='ocrx_word' id='word_1_241' title='bbox 789 1470 818 1489; x_wconf 82' lang='lat' dir='ltr'><strong>se</strong></span> <span class='ocrx_word' id='word_1_242' title='bbox 834 1470 894 1500; x_wconf 82' lang='lat' dir='ltr'><strong>quo</strong></span> <span class='ocrx_word' id='word_1_243' title='bbox 908 1461 976 1498; x_wconf 84' lang='lat' dir='ltr'><strong>jure</strong></span> <span class='ocrx_word' id='word_1_244' title='bbox 991 1469 1054 1488; x_wconf 87' lang='lat' dir='ltr'><strong>cer-</strong></span> 
     </span>
     <span class='ocr_line' id='line_1_33' title="bbox 162 1502 1054 1544; baseline -0.001 -12"><span class='ocrx_word' id='word_1_245' title='bbox 162 1508 258 1533; x_wconf 79' lang='lat' dir='ltr'><strong>tarent</strong></span> <span class='ocrx_word' id='word_1_246' title='bbox 270 1514 279 1538; x_wconf 87' lang='lat'>;</span> <span class='ocrx_word' id='word_1_247' title='bbox 305 1504 402 1543; x_wconf 82' lang='lat' dir='ltr'><strong>legem</strong></span> <span class='ocrx_word' id='word_1_248' title='bbox 415 1514 476 1533; x_wconf 78' lang='lat' dir='ltr'><strong>esse</strong></span> <span class='ocrx_word' id='word_1_249' title='bbox 487 1503 657 1543; x_wconf 86' lang='lat' dir='ltr'><strong>Rupiliam,</strong></span> <span class='ocrx_word' id='word_1_250' title='bbox 669 1513 762 1544; x_wconf 81' lang='lat' dir='ltr'><strong>quam</strong></span> <span class='ocrx_word' id='word_1_251' title='bbox 778 1504 812 1533; x_wconf 79' lang='lat' dir='ltr'><strong>P.</strong></span> <span class='ocrx_word' id='word_1_252' title='bbox 828 1502 971 1542; x_wconf 78' lang='lat' dir='ltr'><strong>Rupilius</strong></span> <span class='ocrx_word' id='word_1_253' title='bbox 984 1511 1054 1531; x_wconf 89' lang='lat' dir='ltr'><strong>con-</strong></span> 
     </span>
     <span class='ocr_line' id='line_1_34' title="bbox 160 1545 1053 1586; baseline -0.001 -11"><span class='ocrx_word' id='word_1_254' title='bbox 160 1546 208 1576; x_wconf 88' lang='lat' dir='ltr'><strong>sul</strong></span> <span class='ocrx_word' id='word_1_255' title='bbox 237 1546 274 1575; x_wconf 84' lang='lat' dir='ltr'><strong>de</strong></span> <span class='ocrx_word' id='word_1_256' title='bbox 303 1546 406 1576; x_wconf 86' lang='lat' dir='ltr'><strong>decem</strong></span> <span class='ocrx_word' id='word_1_257' title='bbox 437 1547 607 1586; x_wconf 81' lang='lat' dir='ltr'><strong>legatorum</strong></span> <span class='ocrx_word' id='word_1_258' title='bbox 639 1546 786 1576; x_wconf 59' lang='lat' dir='ltr'><strong>sententia</strong></span> <span class='ocrx_word' id='word_1_259' title='bbox 817 1545 964 1580; x_wconf 53' lang='lat' dir='ltr'><strong>dedissem</strong></span> <span class='ocrx_word' id='word_1_260' title='bbox 996 1545 1053 1574; x_wconf 70' lang='lat' dir='ltr'><strong>hoc</strong></span> 
     </span>
     <span class='ocr_line' id='line_1_35' title="bbox 158 1589 1054 1629; baseline -0.003 -10"><span class='ocrx_word' id='word_1_261' title='bbox 158 1599 263 1619; x_wconf 84' lang='lat' dir='ltr'><strong>omnes</strong></span> <span class='ocrx_word' id='word_1_262' title='bbox 285 1599 403 1629; x_wconf 86' lang='lat' dir='ltr'><strong>semper</strong></span> <span class='ocrx_word' id='word_1_263' title='bbox 424 1590 454 1619; x_wconf 87' lang='lat' dir='ltr'><strong>in</strong></span> <span class='ocrx_word' id='word_1_264' title='bbox 480 1589 583 1619; x_wconf 58' lang='lat' dir='ltr'><strong>sicilia</strong></span> <span class='ocrx_word' id='word_1_265' title='bbox 607 1590 744 1619; x_wconf 82' lang='lat' dir='ltr'><strong>consules</strong></span> <span class='ocrx_word' id='word_1_266' title='bbox 768 1596 969 1629; x_wconf 70' lang='lat' dir='ltr'><strong>praetoresque</strong></span> <span class='ocrx_word' id='word_1_267' title='bbox 993 1598 1054 1617; x_wconf 81' lang='lat' dir='ltr'><strong>ser-</strong></span> 
     </span>
     <span class='ocr_line' id='line_1_36' title="bbox 158 1631 1051 1672; baseline -0.002 -11"><span class='ocrx_word' id='word_1_268' title='bbox 158 1631 263 1667; x_wconf 65' lang='lat' dir='ltr'><strong>vasse3</strong></span> <span class='ocrx_word' id='word_1_269' title='bbox 288 1633 409 1672; x_wconf 84' lang='lat' dir='ltr'><strong>negavit</strong></span> <span class='ocrx_word' id='word_1_270' title='bbox 425 1643 454 1662; x_wconf 83' lang='lat' dir='ltr'><strong>se</strong></span> <span class='ocrx_word' id='word_1_271' title='bbox 472 1632 589 1671; x_wconf 89' lang='lat' dir='ltr'><strong>judices</strong></span> <span class='ocrx_word' id='word_1_272' title='bbox 608 1643 624 1662; x_wconf 94' lang='lat' dir='ltr'><strong>e</strong></span> <span class='ocrx_word' id='word_1_273' title='bbox 639 1633 704 1672; x_wconf 78' lang='lat' dir='ltr'><strong>lege</strong></span> <span class='ocrx_word' id='word_1_274' title='bbox 720 1632 848 1672; x_wconf 70' lang='lat' dir='ltr'><strong>Rupilia</strong></span> <span class='ocrx_word' id='word_1_275' title='bbox 864 1631 1051 1660; x_wconf 84' lang='lat' dir='ltr'><strong>sortiturum.</strong></span> 
     </span>
     <span class='ocr_line' id='line_1_37' title="bbox 157 1673 1014 1716; baseline -0.004 -11"><span class='ocrx_word' id='word_1_276' title='bbox 157 1674 305 1715; x_wconf 84' lang='lat' dir='ltr'><strong>Quinque</strong></span> <span class='ocrx_word' id='word_1_277' title='bbox 318 1675 444 1714; x_wconf 80' lang='lat' dir='ltr'><strong>judices,</strong></span> <span class='ocrx_word' id='word_1_278' title='bbox 461 1686 537 1716; x_wconf 79' lang='lat' dir='ltr'><strong>quos</strong></span> <span class='ocrx_word' id='word_1_279' title='bbox 553 1675 748 1705; x_wconf 85' lang='lat' dir='ltr'><strong>commodum</strong></span> <span class='ocrx_word' id='word_1_280' title='bbox 764 1675 820 1715; x_wconf 83' lang='lat' dir='ltr'><strong>ipsi</strong></span> <span class='ocrx_word' id='word_1_281' title='bbox 837 1674 906 1709; x_wconf 86' lang='lat' dir='ltr'><strong>fuit,</strong></span> <span class='ocrx_word' id='word_1_282' title='bbox 923 1673 1014 1703; x_wconf 89' lang='lat' dir='ltr'><strong>dedit.</strong></span> 
     </span>
    </p>

    <p class='ocr_par' dir='ltr' id='par_1_4' title="bbox 200 1716 1051 1758">
     <span class='ocr_line' id='line_1_38' title="bbox 200 1716 1051 1758; baseline -0.002 -10"><span class='ocrx_word' id='word_1_283' title='bbox 200 1718 286 1756; x_wconf 84' lang='lat' dir='ltr'><strong>Quid</strong></span> <span class='ocrx_word' id='word_1_284' title='bbox 309 1718 366 1749; x_wconf 89' lang='lat' dir='ltr'><strong>hoc</strong></span> <span class='ocrx_word' id='word_1_285' title='bbox 390 1718 513 1748; x_wconf 84' lang='lat' dir='ltr'><strong>homine</strong></span> <span class='ocrx_word' id='word_1_286' title='bbox 536 1718 650 1748; x_wconf 84' lang='lat' dir='ltr'><strong>facias?</strong></span> <span class='ocrx_word' id='word_1_287' title='bbox 675 1718 757 1758; x_wconf 87' lang='lat' dir='ltr'><strong>quod</strong></span> <span class='ocrx_word' id='word_1_288' title='bbox 778 1717 963 1758; x_wconf 85' lang='lat' dir='ltr'><strong>supplicium</strong></span> <span class='ocrx_word' id='word_1_289' title='bbox 985 1716 1051 1755; x_wconf 80' lang='lat' dir='ltr'><strong>dig-</strong></span> 
     </span>
    </p>
   </div>
  </div>
 </body>
</html>
