<?xml version="1.0" encoding="UTF-8"?>
<!DOCTYPE html PUBLIC "-//W3C//DTD XHTML 1.0 Transitional//EN"
    "http://www.w3.org/TR/xhtml1/DTD/xhtml1-transitional.dtd">
<html xmlns="http://www.w3.org/1999/xhtml" xml:lang="en" lang="en">
 <head>
  <title>
</title>
<meta http-equiv="Content-Type" content="text/html;charset=utf-8" />
  <meta name='ocr-system' content='tesseract 3.04.00' />
  <meta name='ocr-capabilities' content='ocr_page ocr_carea ocr_par ocr_line ocrx_word'/>
</head>
<body>
  <div class='ocr_page' id='page_1' title='image "./operaern05ciceuoft_0019.png"; bbox 0 0 1216 1907; ppageno 0'>
   <div class='ocr_carea' id='block_1_1' title="bbox 277 73 1011 114">
    <p class='ocr_par' dir='ltr' id='par_1_1' title="bbox 277 73 1011 114">
     <span class='ocr_line' id='line_1_1' title="bbox 277 73 1011 114; baseline -0.003 -8"><span class='ocrx_word' id='word_1_1' title='bbox 277 74 369 106; x_wconf 81' lang='lat' dir='ltr'>PRo</span> <span class='ocrx_word' id='word_1_2' title='bbox 393 75 430 106; x_wconf 85' lang='lat' dir='ltr'>P.</span> <span class='ocrx_word' id='word_1_3' title='bbox 454 73 668 114; x_wconf 84' lang='lat' dir='ltr'><strong>QUINTIO.</strong></span> <span class='ocrx_word' id='word_1_4' title='bbox 683 73 767 106; x_wconf 53' lang='lat' dir='ltr'>cip.</span> <span class='ocrx_word' id='word_1_5' title='bbox 783 74 814 105; x_wconf 82' lang='grc'>4.</span> <span class='ocrx_word' id='word_1_6' title='bbox 988 74 1011 109; x_wconf 87' lang='lat'><strong>7</strong></span> 
     </span>
    </p>
   </div>
   <div class='ocr_carea' id='block_1_2' title="bbox 119 158 1028 1799">
    <p class='ocr_par' dir='ltr' id='par_1_2' title="bbox 119 158 1021 1108">
     <span class='ocr_line' id='line_1_2' title="bbox 162 158 1013 202; baseline -0.001 -11"><span class='ocrx_word' id='word_1_7' title='bbox 162 159 385 202; x_wconf 22' lang='lat' dir='ltr'>Quare‚vquod</span> <span class='ocrx_word' id='word_1_8' title='bbox 408 161 524 192; x_wconf 85' lang='lat' dir='ltr'>socium</span> <span class='ocrx_word' id='word_1_9' title='bbox 547 161 603 192; x_wconf 82' lang='lat' dir='ltr'>tibi</span> <span class='ocrx_word' id='word_1_10' title='bbox 626 170 698 192; x_wconf 86' lang='lat' dir='ltr'>eum</span> <span class='ocrx_word' id='word_1_11' title='bbox 720 159 813 191; x_wconf 88' lang='lat' dir='ltr'>velles</span> <span class='ocrx_word' id='word_1_12' title='bbox 834 158 1013 201; x_wconf 78' lang='lat' dir='ltr'>adjungere,</span> 
     </span>
     <span class='ocr_line' id='line_1_3' title="bbox 121 203 1014 245; baseline -0.001 -11"><span class='ocrx_word' id='word_1_13' title='bbox 121 203 198 234; x_wconf 81' lang='lat' dir='ltr'><strong>nihil</strong></span> <span class='ocrx_word' id='word_1_14' title='bbox 210 209 283 242; x_wconf 87' lang='lat' dir='ltr'>erat,</span> <span class='ocrx_word' id='word_1_15' title='bbox 301 204 359 235; x_wconf 88' lang='lat' dir='ltr'>nisi</span> <span class='ocrx_word' id='word_1_16' title='bbox 369 210 404 234; x_wconf 91' lang='lat' dir='ltr'>ut</span> <span class='ocrx_word' id='word_1_17' title='bbox 422 204 453 235; x_wconf 90' lang='lat' dir='ltr'>in</span> <span class='ocrx_word' id='word_1_18' title='bbox 470 204 523 235; x_wconf 66' lang='lat' dir='ltr'>tua</span> <span class='ocrx_word' id='word_1_19' title='bbox 537 204 668 245; x_wconf 71' lang='lat' dir='ltr'>pecunia</span> <span class='ocrx_word' id='word_1_20' title='bbox 682 203 876 240; x_wconf 85' lang='lat' dir='ltr'><strong>condisceret,</strong></span> <span class='ocrx_word' id='word_1_21' title='bbox 893 204 946 244; x_wconf 93' lang='lat' dir='ltr'>qui</span> <span class='ocrx_word' id='word_1_22' title='bbox 962 214 1014 243; x_wconf 88' lang='lat' dir='ltr'>pe·-</span> 
     </span>
     <span class='ocr_line' id='line_1_4' title="bbox 119 246 1014 284; baseline -0.001 -7"><span class='ocrx_word' id='word_1_23' title='bbox 119 246 218 277; x_wconf 87' lang='lat' dir='ltr'>cuniae</span> <span class='ocrx_word' id='word_1_24' title='bbox 232 246 348 278; x_wconf 88' lang='lat' dir='ltr'>fructus</span> <span class='ocrx_word' id='word_1_25' title='bbox 364 255 447 278; x_wconf 88' lang='lat' dir='ltr'>esset.</span> <span class='ocrx_word' id='word_1_26' title='bbox 485 247 618 284; x_wconf 77' lang='lat' dir='ltr'>Tamen,</span> <span class='ocrx_word' id='word_1_27' title='bbox 635 246 776 277; x_wconf 86' lang='lat' dir='ltr'>inductus</span> <span class='ocrx_word' id='word_1_28' title='bbox 797 246 1014 276; x_wconf 87' lang='lat' dir='ltr'>consuetudine</span> 
     </span>
     <span class='ocr_line' id='line_1_5' title="bbox 121 289 1013 329; baseline 0 -10"><span class='ocrx_word' id='word_1_29' title='bbox 121 300 156 320; x_wconf 81' lang='lat' dir='ltr'>ac</span> <span class='ocrx_word' id='word_1_30' title='bbox 179 289 395 328; x_wconf 72' lang='lat' dir='ltr'>familiaritate,</span> <span class='ocrx_word' id='word_1_31' title='bbox 418 290 565 329; x_wconf 83' lang='lat' dir='ltr'><strong>Quintius</strong></span> <span class='ocrx_word' id='word_1_32' title='bbox 586 290 656 320; x_wconf 88' lang='lat' dir='ltr'>fecit</span> <span class='ocrx_word' id='word_1_33' title='bbox 677 293 725 323; x_wconf 90' lang='lat' dir='ltr'>(ut</span> <span class='ocrx_word' id='word_1_34' title='bbox 747 289 824 326; x_wconf 80' lang='lat' dir='ltr'>dixi)</span> <span class='ocrx_word' id='word_1_35' title='bbox 841 289 1013 319; x_wconf 85' lang='lat' dir='ltr'>societatem</span> 
     </span>
     <span class='ocr_line' id='line_1_6' title="bbox 122 332 1014 375; baseline 0 -13"><span class='ocrx_word' id='word_1_36' title='bbox 122 342 227 363; x_wconf 88' lang='lat' dir='ltr'>earum</span> <span class='ocrx_word' id='word_1_37' title='bbox 242 343 344 363; x_wconf 89' lang='lat' dir='ltr'>rerum</span> <span class='ocrx_word' id='word_1_38' title='bbox 360 345 429 375; x_wconf 85' lang='lat' dir='ltr'>quae</span> <span class='ocrx_word' id='word_1_39' title='bbox 440 334 472 364; x_wconf 89' lang='lat' dir='ltr'>in</span> <span class='ocrx_word' id='word_1_40' title='bbox 490 333 592 363; x_wconf 67' lang='lat' dir='ltr'>Gallia</span> <span class='ocrx_word' id='word_1_41' title='bbox 608 333 870 373; x_wconf 79' lang='lat' dir='ltr'>comparabantur.</span> <span class='ocrx_word' id='word_1_42' title='bbox 894 332 971 362; x_wconf 85' lang='lat' dir='ltr'>Erat</span> <span class='ocrx_word' id='word_1_43' title='bbox 986 332 1014 362; x_wconf 89' lang='lat' dir='ltr'>ei</span> 
     </span>
     <span class='ocr_line' id='line_1_7' title="bbox 122 375 1014 418; baseline 0.001 -13"><span class='ocrx_word' id='word_1_44' title='bbox 122 375 263 416; x_wconf 87' lang='lat' dir='ltr'>pecuaria</span> <span class='ocrx_word' id='word_1_45' title='bbox 277 387 323 407; x_wconf 86' lang='lat' dir='ltr'>res</span> <span class='ocrx_word' id='word_1_46' title='bbox 335 377 449 418; x_wconf 84' lang='lat' dir='ltr'>ampla,</span> <span class='ocrx_word' id='word_1_47' title='bbox 467 383 495 407; x_wconf 89' lang='lat' dir='ltr'>et</span> <span class='ocrx_word' id='word_1_48' title='bbox 511 377 621 407; x_wconf 83' lang='lat' dir='ltr'>rustica</span> <span class='ocrx_word' id='word_1_49' title='bbox 632 386 703 406; x_wconf 83' lang='lat' dir='ltr'>sane</span> <span class='ocrx_word' id='word_1_50' title='bbox 712 377 789 406; x_wconf 89' lang='lat' dir='ltr'>bene</span> <span class='ocrx_word' id='word_1_51' title='bbox 798 375 879 405; x_wconf 89' lang='lat' dir='ltr'>culta</span> <span class='ocrx_word' id='word_1_52' title='bbox 891 381 920 405; x_wconf 90' lang='lat' dir='ltr'>et</span> <span class='ocrx_word' id='word_1_53' title='bbox 931 375 1014 406; x_wconf 85' lang='lat' dir='ltr'>fruc-</span> 
     </span>
     <span class='ocr_line' id='line_1_8' title="bbox 121 418 1015 460; baseline 0 -12"><span class='ocrx_word' id='word_1_54' title='bbox 121 424 217 448; x_wconf 83' lang='lat' dir='ltr'>tuosa.</span> <span class='ocrx_word' id='word_1_55' title='bbox 241 418 376 450; x_wconf 81' lang='lat' dir='ltr'>Tollitur</span> <span class='ocrx_word' id='word_1_56' title='bbox 391 422 428 450; x_wconf 87' lang='lat' dir='ltr'>ab</span> <span class='ocrx_word' id='word_1_57' title='bbox 445 420 527 450; x_wconf 89' lang='lat' dir='ltr'>atriis</span> <span class='ocrx_word' id='word_1_58' title='bbox 544 419 680 457; x_wconf 78' lang='lat' dir='ltr'>Liciniis,</span> <span class='ocrx_word' id='word_1_59' title='bbox 697 424 788 460; x_wconf 86' lang='lat' dir='ltr'>atque</span> <span class='ocrx_word' id='word_1_60' title='bbox 804 429 821 448; x_wconf 88' lang='lat' dir='ltr'>a</span> <span class='ocrx_word' id='word_1_61' title='bbox 839 429 1015 458; x_wconf 80' lang='lat' dir='ltr'>praeconum</span> 
     </span>
     <span class='ocr_line' id='line_1_9' title="bbox 120 461 1018 510; baseline 0.001 -19"><span class='ocrx_word' id='word_1_62' title='bbox 120 471 270 499; x_wconf 76' lang='lat' dir='ltr'>consessu,</span> <span class='ocrx_word' id='word_1_63' title='bbox 295 462 326 492; x_wconf 90' lang='lat' dir='ltr'>in</span> <span class='ocrx_word' id='word_1_64' title='bbox 351 463 485 493; x_wconf 84' lang='lat' dir='ltr'>Galliam</span> <span class='ocrx_word' id='word_1_65' title='bbox 505 463 643 499; x_wconf 80' lang='lat' dir='ltr'>Naevius,</span> <span class='ocrx_word' id='word_1_66' title='bbox 665 468 695 492; x_wconf 85' lang='lat' dir='ltr'>et</span> <span class='ocrx_word' id='word_1_67' title='bbox 710 468 792 492; x_wconf 86' lang='lat' dir='ltr'>trans</span> <span class='ocrx_word' id='word_1_68' title='bbox 806 461 904 510; x_wconf 81' lang='lat' dir='ltr'><strong>Alpes</strong></span> <span class='ocrx_word' id='word_1_69' title='bbox 920 472 1018 510; x_wconf 73' lang='lat' dir='ltr'>usque</span> 
     </span>
     <span class='ocr_line' id='line_1_10' title="bbox 122 504 1014 547; baseline -0.001 -13"><span class='ocrx_word' id='word_1_70' title='bbox 122 504 309 535; x_wconf 82' lang='lat' dir='ltr'>transfertur.</span> <span class='ocrx_word' id='word_1_71' title='bbox 349 506 401 536; x_wconf 89' lang='lat' dir='ltr'>Fit</span> <span class='ocrx_word' id='word_1_72' title='bbox 424 516 537 547; x_wconf 83' lang='lat' dir='ltr'>magna</span> <span class='ocrx_word' id='word_1_73' title='bbox 560 505 689 535; x_wconf 86' lang='lat' dir='ltr'>mutatio</span> <span class='ocrx_word' id='word_1_74' title='bbox 715 505 784 541; x_wconf 77' lang='lat' dir='ltr'>loci,</span> <span class='ocrx_word' id='word_1_75' title='bbox 809 514 869 534; x_wconf 85' lang='lat' dir='ltr'>non</span> <span class='ocrx_word' id='word_1_76' title='bbox 890 504 1014 544; x_wconf 88' lang='lat' dir='ltr'>ingenii.</span> 
     </span>
     <span class='ocr_line' id='line_1_11' title="bbox 124 547 1017 590; baseline 0.001 -13"><span class='ocrx_word' id='word_1_77' title='bbox 124 547 221 585; x_wconf 80' lang='lat' dir='ltr'>Nam,</span> <span class='ocrx_word' id='word_1_78' title='bbox 238 548 292 589; x_wconf 91' lang='lat' dir='ltr'>qui</span> <span class='ocrx_word' id='word_1_79' title='bbox 304 549 342 579; x_wconf 92' lang='lat' dir='ltr'>ab</span> <span class='ocrx_word' id='word_1_80' title='bbox 358 549 580 580; x_wconf 85' lang='lat' dir='ltr'>adolescentulo</span> <span class='ocrx_word' id='word_1_81' title='bbox 595 554 746 590; x_wconf 68' lang='lat' dir='ltr'>quaestum</span> <span class='ocrx_word' id='word_1_82' title='bbox 762 548 818 578; x_wconf 91' lang='lat' dir='ltr'>sibi</span> <span class='ocrx_word' id='word_1_83' title='bbox 838 547 1017 578; x_wconf 82' lang='lat' dir='ltr'>instituisset</span> 
     </span>
     <span class='ocr_line' id='line_1_12' title="bbox 123 590 1018 633; baseline -0.001 -12"><span class='ocrx_word' id='word_1_84' title='bbox 123 590 187 621; x_wconf 83' lang='lat' dir='ltr'>sine</span> <span class='ocrx_word' id='word_1_85' title='bbox 205 590 371 632; x_wconf 76' lang='lat' dir='ltr'>impendio,</span> <span class='ocrx_word' id='word_1_86' title='bbox 388 598 585 633; x_wconf 84' lang='lat' dir='ltr'>posteaquam</span> <span class='ocrx_word' id='word_1_87' title='bbox 600 592 698 621; x_wconf 86' lang='lat' dir='ltr'>nescio</span> <span class='ocrx_word' id='word_1_88' title='bbox 719 591 794 632; x_wconf 89' lang='lat' dir='ltr'>quid</span> <span class='ocrx_word' id='word_1_89' title='bbox 809 590 970 631; x_wconf 80' lang='lat' dir='ltr'>impendit,</span> <span class='ocrx_word' id='word_1_90' title='bbox 987 596 1018 621; x_wconf 89' lang='lat' dir='ltr'>et</span> 
     </span>
     <span class='ocr_line' id='line_1_13' title="bbox 123 633 1016 675; baseline -0.001 -11"><span class='ocrx_word' id='word_1_91' title='bbox 123 633 156 664; x_wconf 90' lang='lat' dir='ltr'>in</span> <span class='ocrx_word' id='word_1_92' title='bbox 186 644 348 665; x_wconf 90' lang='lat' dir='ltr'>commune</span> <span class='ocrx_word' id='word_1_93' title='bbox 379 636 517 673; x_wconf 85' lang='lat' dir='ltr'>contulit,</span> <span class='ocrx_word' id='word_1_94' title='bbox 543 635 687 665; x_wconf 87' lang='lat' dir='ltr'>mediocri</span> <span class='ocrx_word' id='word_1_95' title='bbox 713 640 831 675; x_wconf 74' lang='lat' dir='ltr'>quaestu</span> <span class='ocrx_word' id='word_1_96' title='bbox 857 639 1016 664; x_wconf 87' lang='lat' dir='ltr'>contentus</span> 
     </span>
     <span class='ocr_line' id='line_1_14' title="bbox 125 677 1018 718; baseline -0.001 -11"><span class='ocrx_word' id='word_1_97' title='bbox 125 687 188 707; x_wconf 88' lang='lat' dir='ltr'>esse</span> <span class='ocrx_word' id='word_1_98' title='bbox 203 687 263 707; x_wconf 92' lang='lat' dir='ltr'>non</span> <span class='ocrx_word' id='word_1_99' title='bbox 278 684 442 718; x_wconf 27' lang='lat' dir='ltr'>poterat&amp;</span> <span class='ocrx_word' id='word_1_100' title='bbox 429 679 496 709; x_wconf 88' lang='lat' dir='ltr'>Nec</span> <span class='ocrx_word' id='word_1_101' title='bbox 507 678 633 715; x_wconf 86' lang='lat' dir='ltr'>mirum,</span> <span class='ocrx_word' id='word_1_102' title='bbox 650 678 674 708; x_wconf 89' lang='lat' dir='ltr'>si</span> <span class='ocrx_word' id='word_1_103' title='bbox 690 677 726 715; x_wconf 76' lang='lat' dir='ltr'>is,</span> <span class='ocrx_word' id='word_1_104' title='bbox 744 678 797 718; x_wconf 90' lang='lat' dir='ltr'>qui</span> <span class='ocrx_word' id='word_1_105' title='bbox 809 687 913 707; x_wconf 90' lang='lat' dir='ltr'>vocem</span> <span class='ocrx_word' id='word_1_106' title='bbox 925 687 1018 707; x_wconf 91' lang='lat' dir='ltr'>vena-</span> 
     </span>
     <span class='ocr_line' id='line_1_15' title="bbox 124 719 1017 762; baseline 0 -13"><span class='ocrx_word' id='word_1_107' title='bbox 124 719 186 750; x_wconf 87' lang='lat' dir='ltr'>lem</span> <span class='ocrx_word' id='word_1_108' title='bbox 201 720 360 760; x_wconf 80' lang='lat' dir='ltr'>habuerat,</span> <span class='ocrx_word' id='word_1_109' title='bbox 385 719 430 759; x_wconf 73' lang='lat' dir='ltr'>ea⁷</span> <span class='ocrx_word' id='word_1_110' title='bbox 448 732 517 762; x_wconf 87' lang='lat' dir='ltr'>quae</span> <span class='ocrx_word' id='word_1_111' title='bbox 537 732 608 752; x_wconf 89' lang='lat' dir='ltr'>voce</span> <span class='ocrx_word' id='word_1_112' title='bbox 629 721 798 762; x_wconf 69' lang='lat' dir='ltr'>quaesierat,</span> <span class='ocrx_word' id='word_1_113' title='bbox 822 730 934 759; x_wconf 87' lang='lat' dir='ltr'>magno</span> <span class='ocrx_word' id='word_1_114' title='bbox 959 720 1017 750; x_wconf 89' lang='lat' dir='ltr'>sibi</span> 
     </span>
     <span class='ocr_line' id='line_1_16' title="bbox 125 763 1020 806; baseline -0.001 -13"><span class='ocrx_word' id='word_1_115' title='bbox 125 764 256 804; x_wconf 85' lang='lat' dir='ltr'>quaestui</span> <span class='ocrx_word' id='word_1_116' title='bbox 271 763 334 794; x_wconf 86' lang='lat' dir='ltr'>fore</span> <span class='ocrx_word' id='word_1_117' title='bbox 354 766 491 805; x_wconf 86' lang='lat' dir='ltr'>putabat.</span> <span class='ocrx_word' id='word_1_118' title='bbox 517 765 637 806; x_wconf 80' lang='lat' dir='ltr'>Itaque,</span> <span class='ocrx_word' id='word_1_119' title='bbox 659 764 791 801; x_wconf 74' lang='lat' dir='ltr'>hercule,</span> <span class='ocrx_word' id='word_1_120' title='bbox 805 763 887 793; x_wconf 82' lang='lat' dir='ltr'>haud</span> <span class='ocrx_word' id='word_1_121' title='bbox 902 763 1020 793; x_wconf 86' lang='lat' dir='ltr'>medio-</span> 
     </span>
     <span class='ocr_line' id='line_1_17' title="bbox 126 806 1018 849; baseline 0.001 -14"><span class='ocrx_word' id='word_1_122' title='bbox 126 806 214 836; x_wconf 84' lang='lat' dir='ltr'>criter</span> <span class='ocrx_word' id='word_1_123' title='bbox 228 806 266 836; x_wconf 90' lang='lat' dir='ltr'>de</span> <span class='ocrx_word' id='word_1_124' title='bbox 282 808 450 845; x_wconf 77' lang='lat' dir='ltr'>communi,</span> <span class='ocrx_word' id='word_1_125' title='bbox 467 808 617 849; x_wconf 87' lang='lat' dir='ltr'>quidquid</span> <span class='ocrx_word' id='word_1_126' title='bbox 629 813 756 848; x_wconf 77' lang='lat' dir='ltr'>poterat⁷</span> <span class='ocrx_word' id='word_1_127' title='bbox 774 807 813 836; x_wconf 86' lang='lat' dir='ltr'>ad</span> <span class='ocrx_word' id='word_1_128' title='bbox 827 817 857 837; x_wconf 89' lang='lat' dir='ltr'>se</span> <span class='ocrx_word' id='word_1_129' title='bbox 869 806 901 836; x_wconf 90' lang='lat' dir='ltr'>in</span> <span class='ocrx_word' id='word_1_130' title='bbox 916 806 1018 847; x_wconf 87' lang='lat' dir='ltr'>priva-</span> 
     </span>
     <span class='ocr_line' id='line_1_18' title="bbox 126 849 1018 892; baseline 0 -13"><span class='ocrx_word' id='word_1_131' title='bbox 126 854 190 879; x_wconf 85' lang='lat' dir='ltr'>tam</span> <span class='ocrx_word' id='word_1_132' title='bbox 206 849 333 880; x_wconf 91' lang='lat' dir='ltr'>domum</span> <span class='ocrx_word' id='word_1_133' title='bbox 349 861 399 882; x_wconf 80' lang='lat' dir='ltr'>sev</span> <span class='ocrx_word' id='word_1_134' title='bbox 401 853 527 882; x_wconf 86' lang='lat' dir='ltr'>ocabat:</span> <span class='ocrx_word' id='word_1_135' title='bbox 553 862 615 892; x_wconf 80' lang='lat' dir='ltr'>qua</span> <span class='ocrx_word' id='word_1_136' title='bbox 630 851 661 880; x_wconf 91' lang='lat' dir='ltr'>in</span> <span class='ocrx_word' id='word_1_137' title='bbox 682 861 714 880; x_wconf 87' lang='lat' dir='ltr'>re</span> <span class='ocrx_word' id='word_1_138' title='bbox 735 850 778 880; x_wconf 90' lang='lat' dir='ltr'>ita</span> <span class='ocrx_word' id='word_1_139' title='bbox 795 850 923 890; x_wconf 89' lang='lat' dir='ltr'>diligens</span> <span class='ocrx_word' id='word_1_140' title='bbox 943 855 1018 887; x_wconf 83' lang='lat' dir='ltr'>erat,</span> 
     </span>
     <span class='ocr_line' id='line_1_19' title="bbox 124 891 1019 935; baseline 0 -13"><span class='ocrx_word' id='word_1_141' title='bbox 124 893 212 932; x_wconf 87' lang='lat' dir='ltr'>quasi</span> <span class='ocrx_word' id='word_1_142' title='bbox 227 893 260 931; x_wconf 81' lang='lat' dir='ltr'>ii,</span> <span class='ocrx_word' id='word_1_143' title='bbox 274 894 328 934; x_wconf 92' lang='lat' dir='ltr'>qui</span> <span class='ocrx_word' id='word_1_144' title='bbox 343 904 446 935; x_wconf 84' lang='lat' dir='ltr'>magn</span> <span class='ocrx_word' id='word_1_145' title='bbox 443 895 459 924; x_wconf 65' lang='lat'>:2</span> <span class='ocrx_word' id='word_1_146' title='bbox 475 895 534 925; x_wconf 84' lang='lat' dir='ltr'>fide</span> <span class='ocrx_word' id='word_1_147' title='bbox 559 894 731 924; x_wconf 88' lang='lat' dir='ltr'>societatem</span> <span class='ocrx_word' id='word_1_148' title='bbox 755 898 903 934; x_wconf 82' lang='lat' dir='ltr'><strong>gererent,</strong></span> <span class='ocrx_word' id='word_1_149' title='bbox 922 891 1019 931; x_wconf 87' lang='lat' dir='ltr'>[arbi-</span> 
     </span>
     <span class='ocr_line' id='line_1_20' title="bbox 125 920 1020 978; baseline 0.001 -13"><span class='ocrx_word' id='word_1_150' title='bbox 125 935 236 977; x_wconf 85' lang='lat' dir='ltr'>trium]</span> <span class='ocrx_word' id='word_1_151' title='bbox 254 947 309 978; x_wconf 88' lang='lat' dir='ltr'>pro</span> <span class='ocrx_word' id='word_1_152' title='bbox 321 937 399 967; x_wconf 84' lang='lat' dir='ltr'>socio</span> <span class='ocrx_word' id='word_1_153' title='bbox 398 920 609 968; x_wconf 52' lang='lat' dir='ltr'>‘’condemnari</span> <span class='ocrx_word' id='word_1_154' title='bbox 619 937 756 967; x_wconf 77' lang='lat' dir='ltr'>solerent.</span> <span class='ocrx_word' id='word_1_155' title='bbox 780 936 911 974; x_wconf 71' lang='lat' dir='ltr'>Verum,</span> <span class='ocrx_word' id='word_1_156' title='bbox 922 936 969 966; x_wconf 89' lang='lat' dir='ltr'>his</span> <span class='ocrx_word' id='word_1_157' title='bbox 981 936 1020 966; x_wconf 84' lang='lat' dir='ltr'>de</span> 
     </span>
     <span class='ocr_line' id='line_1_21' title="bbox 125 979 1019 1020; baseline 0.001 -12"><span class='ocrx_word' id='word_1_158' title='bbox 125 979 226 1016; x_wconf 79' lang='lat' dir='ltr'>rebus,</span> <span class='ocrx_word' id='word_1_159' title='bbox 254 990 316 1010; x_wconf 89' lang='lat' dir='ltr'>non</span> <span class='ocrx_word' id='word_1_160' title='bbox 342 990 459 1011; x_wconf 87' lang='lat' dir='ltr'>necesse</span> <span class='ocrx_word' id='word_1_161' title='bbox 485 981 582 1011; x_wconf 85' lang='lat' dir='ltr'>habeo</span> <span class='ocrx_word' id='word_1_162' title='bbox 611 980 708 1010; x_wconf 87' lang='lat' dir='ltr'>dicere</span> <span class='ocrx_word' id='word_1_163' title='bbox 738 990 783 1016; x_wconf 76' lang='lat' dir='ltr'>ea,</span> <span class='ocrx_word' id='word_1_164' title='bbox 811 990 881 1020; x_wconf 89' lang='lat' dir='ltr'>quae</span> <span class='ocrx_word' id='word_1_165' title='bbox 904 989 954 1009; x_wconf 91' lang='lat' dir='ltr'>me</span> <span class='ocrx_word' id='word_1_166' title='bbox 981 979 1019 1009; x_wconf 90' lang='lat' dir='ltr'>P.</span> 
     </span>
     <span class='ocr_line' id='line_1_22' title="bbox 127 1020 1021 1064; baseline 0.002 -13"><span class='ocrx_word' id='word_1_167' title='bbox 127 1020 276 1059; x_wconf 87' lang='lat' dir='ltr'>Quintius</span> <span class='ocrx_word' id='word_1_168' title='bbox 291 1023 375 1064; x_wconf 85' lang='lat' dir='ltr'>cupit</span> <span class='ocrx_word' id='word_1_169' title='bbox 390 1034 645 1054; x_wconf 86' lang='lat' dir='ltr'>commemorare:</span> <span class='ocrx_word' id='word_1_170' title='bbox 670 1023 791 1053; x_wconf 86' lang='lat' dir='ltr'>tametsi</span> <span class='ocrx_word' id='word_1_171' title='bbox 811 1033 901 1053; x_wconf 91' lang='lat' dir='ltr'>causa</span> <span class='ocrx_word' id='word_1_172' title='bbox 915 1028 1021 1063; x_wconf 88' lang='lat' dir='ltr'>postu-</span> 
     </span>
     <span class='ocr_line' id='line_1_23' title="bbox 125 1064 964 1108; baseline 0.001 -13"><span class='ocrx_word' id='word_1_173' title='bbox 125 1064 180 1103; x_wconf 83' lang='lat' dir='ltr'>lat,</span> <span class='ocrx_word' id='word_1_174' title='bbox 197 1071 311 1103; x_wconf 80' lang='lat' dir='ltr'>tamen,</span> <span class='ocrx_word' id='word_1_175' title='bbox 327 1066 401 1107; x_wconf 91' lang='lat' dir='ltr'>quia</span> <span class='ocrx_word' id='word_1_176' title='bbox 415 1068 559 1108; x_wconf 85' lang='lat' dir='ltr'>postulat,</span> <span class='ocrx_word' id='word_1_177' title='bbox 575 1077 636 1096; x_wconf 92' lang='lat' dir='ltr'>non</span> <span class='ocrx_word' id='word_1_178' title='bbox 652 1065 779 1106; x_wconf 71' lang='lat' dir='ltr'>flagitat,</span> <span class='ocrx_word' id='word_1_179' title='bbox 796 1066 964 1107; x_wconf 90' lang='lat' dir='ltr'>praeteribo.</span> 
     </span>
    </p>

    <p class='ocr_par' dir='ltr' id='par_1_3' title="bbox 128 1108 1028 1799">
     <span class='ocr_line' id='line_1_24' title="bbox 171 1108 1021 1150; baseline 0 -11"><span class='ocrx_word' id='word_1_180' title='bbox 171 1108 231 1139; x_wconf 90' lang='lat' dir='ltr'>IV.</span> <span class='ocrx_word' id='word_1_181' title='bbox 256 1109 338 1140; x_wconf 89' lang='lat' dir='ltr'>Cum</span> <span class='ocrx_word' id='word_1_182' title='bbox 358 1120 453 1140; x_wconf 84' lang='lat' dir='ltr'>annos</span> <span class='ocrx_word' id='word_1_183' title='bbox 471 1111 537 1149; x_wconf 88' lang='lat' dir='ltr'>jam</span> <span class='ocrx_word' id='word_1_184' title='bbox 558 1110 728 1150; x_wconf 86' lang='lat' dir='ltr'>complures</span> <span class='ocrx_word' id='word_1_185' title='bbox 749 1110 871 1140; x_wconf 84' lang='lat' dir='ltr'>societas</span> <span class='ocrx_word' id='word_1_186' title='bbox 887 1114 973 1147; x_wconf 83' lang='lat' dir='ltr'>esset,</span> <span class='ocrx_word' id='word_1_187' title='bbox 991 1114 1021 1140; x_wconf 83' lang='lat' dir='ltr'>et</span> 
     </span>
     <span class='ocr_line' id='line_1_25' title="bbox 128 1152 1022 1194; baseline 0.001 -12"><span class='ocrx_word' id='word_1_188' title='bbox 128 1162 200 1183; x_wconf 88' lang='lat' dir='ltr'>cum</span> <span class='ocrx_word' id='word_1_189' title='bbox 216 1163 294 1194; x_wconf 78' lang='lat' dir='ltr'>saepe</span> <span class='ocrx_word' id='word_1_190' title='bbox 310 1159 465 1193; x_wconf 87' lang='lat' dir='ltr'>suspectus</span> <span class='ocrx_word' id='word_1_191' title='bbox 485 1153 615 1191; x_wconf 80' lang='lat' dir='ltr'>Quintio</span> <span class='ocrx_word' id='word_1_192' title='bbox 636 1153 764 1183; x_wconf 85' lang='lat' dir='ltr'>Naevius</span> <span class='ocrx_word' id='word_1_193' title='bbox 783 1152 900 1190; x_wconf 72' lang='lat' dir='ltr'>fuisset,</span> <span class='ocrx_word' id='word_1_194' title='bbox 922 1162 1022 1193; x_wconf 88' lang='lat' dir='ltr'>neque</span> 
     </span>
     <span class='ocr_line' id='line_1_26' title="bbox 129 1194 1020 1237; baseline 0 -12"><span class='ocrx_word' id='word_1_195' title='bbox 129 1194 173 1225; x_wconf 84' lang='lat' dir='ltr'>ita</span> <span class='ocrx_word' id='word_1_196' title='bbox 187 1195 346 1226; x_wconf 89' lang='lat' dir='ltr'>commode</span> <span class='ocrx_word' id='word_1_197' title='bbox 360 1202 460 1237; x_wconf 90' lang='lat' dir='ltr'>posset</span> <span class='ocrx_word' id='word_1_198' title='bbox 475 1197 624 1227; x_wconf 89' lang='lat' dir='ltr'>rationem</span> <span class='ocrx_word' id='word_1_199' title='bbox 639 1196 762 1226; x_wconf 88' lang='lat' dir='ltr'><strong>reddere</strong></span> <span class='ocrx_word' id='word_1_200' title='bbox 782 1206 887 1226; x_wconf 84' lang='lat' dir='ltr'>earum</span> <span class='ocrx_word' id='word_1_201' title='bbox 905 1205 1020 1233; x_wconf 71' lang='lat' dir='ltr'>rerum,</span> 
     </span>
     <span class='ocr_line' id='line_1_27' title="bbox 128 1238 1023 1280; baseline 0.001 -12"><span class='ocrx_word' id='word_1_202' title='bbox 128 1249 205 1279; x_wconf 87' lang='lat' dir='ltr'>quas</span> <span class='ocrx_word' id='word_1_203' title='bbox 216 1239 354 1276; x_wconf 83' lang='lat' dir='ltr'>libidine,</span> <span class='ocrx_word' id='word_1_204' title='bbox 370 1249 431 1269; x_wconf 91' lang='lat' dir='ltr'>non</span> <span class='ocrx_word' id='word_1_205' title='bbox 444 1239 569 1277; x_wconf 83' lang='lat' dir='ltr'>ratione,</span> <span class='ocrx_word' id='word_1_206' title='bbox 589 1246 739 1280; x_wconf 79' lang='lat' dir='ltr'>gesserat3</span> <span class='ocrx_word' id='word_1_207' title='bbox 763 1239 892 1269; x_wconf 86' lang='lat' dir='ltr'>moritur</span> <span class='ocrx_word' id='word_1_208' title='bbox 901 1239 933 1268; x_wconf 91' lang='lat' dir='ltr'>in</span> <span class='ocrx_word' id='word_1_209' title='bbox 947 1238 1023 1269; x_wconf 90' lang='lat' dir='ltr'>Gal-</span> 
     </span>
     <span class='ocr_line' id='line_1_28' title="bbox 128 1280 1023 1320; baseline 0 -8"><span class='ocrx_word' id='word_1_210' title='bbox 128 1280 172 1312; x_wconf 60' lang='lat' dir='ltr'>lia</span> <span class='ocrx_word' id='word_1_211' title='bbox 192 1281 351 1320; x_wconf 84' lang='lat' dir='ltr'>Quintius,</span> <span class='ocrx_word' id='word_1_212' title='bbox 368 1292 439 1313; x_wconf 88' lang='lat' dir='ltr'>cum</span> <span class='ocrx_word' id='word_1_213' title='bbox 463 1282 579 1313; x_wconf 85' lang='lat' dir='ltr'>adesset</span> <span class='ocrx_word' id='word_1_214' title='bbox 599 1283 749 1319; x_wconf 80' lang='lat' dir='ltr'>Naevius;</span> <span class='ocrx_word' id='word_1_215' title='bbox 774 1288 803 1312; x_wconf 89' lang='lat' dir='ltr'>et</span> <span class='ocrx_word' id='word_1_216' title='bbox 826 1282 955 1312; x_wconf 87' lang='lat' dir='ltr'>moritur</span> <span class='ocrx_word' id='word_1_217' title='bbox 975 1293 1023 1312; x_wconf 86' lang='lat' dir='ltr'>re-</span> 
     </span>
     <span class='ocr_line' id='line_1_29' title="bbox 129 1325 1022 1366; baseline 0 -11"><span class='ocrx_word' id='word_1_218' title='bbox 129 1325 265 1366; x_wconf 89' lang='lat' dir='ltr'>pentino.</span> <span class='ocrx_word' id='word_1_219' title='bbox 311 1325 475 1356; x_wconf 89' lang='lat' dir='ltr'>Haeredem</span> <span class='ocrx_word' id='word_1_220' title='bbox 506 1331 686 1356; x_wconf 86' lang='lat' dir='ltr'>testamento</span> <span class='ocrx_word' id='word_1_221' title='bbox 714 1325 838 1366; x_wconf 87' lang='lat' dir='ltr'>reliquit</span> <span class='ocrx_word' id='word_1_222' title='bbox 868 1325 951 1355; x_wconf 89' lang='lat' dir='ltr'>hunc</span> <span class='ocrx_word' id='word_1_223' title='bbox 984 1325 1022 1355; x_wconf 91' lang='lat' dir='ltr'>P.</span> 
     </span>
     <span class='ocr_line' id='line_1_30' title="bbox 131 1368 1024 1410; baseline 0.001 -12"><span class='ocrx_word' id='word_1_224' title='bbox 131 1368 318 1406; x_wconf 78' lang='lat' dir='ltr'>Quintium3</span> <span class='ocrx_word' id='word_1_225' title='bbox 342 1374 389 1406; x_wconf 82' lang='lat' dir='ltr'>ut,</span> <span class='ocrx_word' id='word_1_226' title='bbox 411 1368 449 1398; x_wconf 86' lang='lat' dir='ltr'>ad</span> <span class='ocrx_word' id='word_1_227' title='bbox 464 1379 557 1410; x_wconf 86' lang='lat' dir='ltr'>quem</span> <span class='ocrx_word' id='word_1_228' title='bbox 573 1379 711 1399; x_wconf 88' lang='lat' dir='ltr'>summus</span> <span class='ocrx_word' id='word_1_229' title='bbox 726 1379 836 1399; x_wconf 85' lang='lat' dir='ltr'>moeror</span> <span class='ocrx_word' id='word_1_230' title='bbox 850 1374 947 1399; x_wconf 85' lang='lat' dir='ltr'>morte</span> <span class='ocrx_word' id='word_1_231' title='bbox 967 1369 1024 1399; x_wconf 65' lang='lat' dir='ltr'>sua</span> 
     </span>
     <span class='ocr_line' id='line_1_31' title="bbox 130 1411 1024 1453; baseline -0.002 -10"><span class='ocrx_word' id='word_1_232' title='bbox 130 1412 281 1451; x_wconf 78' lang='lat' dir='ltr'>veniebat,</span> <span class='ocrx_word' id='word_1_233' title='bbox 292 1412 331 1443; x_wconf 88' lang='lat' dir='ltr'>ad</span> <span class='ocrx_word' id='word_1_234' title='bbox 341 1411 484 1442; x_wconf 87' lang='lat' dir='ltr'>eumdem</span> <span class='ocrx_word' id='word_1_235' title='bbox 496 1422 635 1442; x_wconf 88' lang='lat' dir='ltr'>summus</span> <span class='ocrx_word' id='word_1_236' title='bbox 644 1412 740 1443; x_wconf 89' lang='lat' dir='ltr'>honos</span> <span class='ocrx_word' id='word_1_237' title='bbox 752 1422 874 1453; x_wconf 91' lang='lat' dir='ltr'>quoque</span> <span class='ocrx_word' id='word_1_238' title='bbox 886 1412 1024 1452; x_wconf 91' lang='lat' dir='ltr'>perveni-</span> 
     </span>
     <span class='ocr_line' id='line_1_32' title="bbox 131 1454 1024 1496; baseline -0.002 -10"><span class='ocrx_word' id='word_1_239' title='bbox 131 1461 185 1486; x_wconf 85' lang='lat' dir='ltr'>ret.</span> <span class='ocrx_word' id='word_1_240' title='bbox 227 1454 300 1492; x_wconf 88' lang='lat' dir='ltr'>Quo</span> <span class='ocrx_word' id='word_1_241' title='bbox 323 1460 455 1492; x_wconf 72' lang='lat' dir='ltr'>mortuo,</span> <span class='ocrx_word' id='word_1_242' title='bbox 481 1465 536 1486; x_wconf 91' lang='lat' dir='ltr'>nec</span> <span class='ocrx_word' id='word_1_243' title='bbox 554 1456 596 1486; x_wconf 89' lang='lat' dir='ltr'>ita</span> <span class='ocrx_word' id='word_1_244' title='bbox 616 1456 715 1486; x_wconf 88' lang='lat' dir='ltr'>multo</span> <span class='ocrx_word' id='word_1_245' title='bbox 740 1461 809 1496; x_wconf 90' lang='lat' dir='ltr'>post</span> <span class='ocrx_word' id='word_1_246' title='bbox 831 1455 863 1485; x_wconf 91' lang='lat' dir='ltr'>in</span> <span class='ocrx_word' id='word_1_247' title='bbox 888 1454 1024 1485; x_wconf 85' lang='lat' dir='ltr'>Galliam</span> 
     </span>
     <span class='ocr_line' id='line_1_33' title="bbox 131 1498 1024 1539; baseline -0.002 -10"><span class='ocrx_word' id='word_1_248' title='bbox 131 1498 332 1539; x_wconf 87' lang='lat' dir='ltr'>proficiscitur</span> <span class='ocrx_word' id='word_1_249' title='bbox 345 1498 503 1536; x_wconf 89' lang='lat' dir='ltr'>Quintius.</span> <span class='ocrx_word' id='word_1_250' title='bbox 539 1499 588 1529; x_wconf 92' lang='lat' dir='ltr'>Ibi</span> <span class='ocrx_word' id='word_1_251' title='bbox 604 1509 675 1529; x_wconf 91' lang='lat' dir='ltr'>cum</span> <span class='ocrx_word' id='word_1_252' title='bbox 689 1498 746 1528; x_wconf 92' lang='lat' dir='ltr'>isto</span> <span class='ocrx_word' id='word_1_253' title='bbox 763 1498 872 1529; x_wconf 83' lang='lat' dir='ltr'>Naevio</span> <span class='ocrx_word' id='word_1_254' title='bbox 892 1498 1024 1528; x_wconf 84' lang='lat' dir='ltr'>familia-</span> 
     </span>
     <span class='ocr_line' id='line_1_34' title="bbox 131 1541 1027 1578; baseline -0.001 -6"><span class='ocrx_word' id='word_1_255' title='bbox 131 1542 204 1572; x_wconf 88' lang='lat' dir='ltr'>riter</span> <span class='ocrx_word' id='word_1_256' title='bbox 221 1541 310 1572; x_wconf 90' lang='lat' dir='ltr'>-vivit.</span> <span class='ocrx_word' id='word_1_257' title='bbox 342 1542 474 1571; x_wconf 87' lang='lat' dir='ltr'>Annum</span> <span class='ocrx_word' id='word_1_258' title='bbox 490 1541 551 1572; x_wconf 88' lang='lat' dir='ltr'>fere</span> <span class='ocrx_word' id='word_1_259' title='bbox 566 1541 629 1572; x_wconf 61' lang='lat' dir='ltr'>una</span> <span class='ocrx_word' id='word_1_260' title='bbox 650 1548 731 1578; x_wconf 84' lang='lat' dir='ltr'>sunt,</span> <span class='ocrx_word' id='word_1_261' title='bbox 748 1552 819 1572; x_wconf 86' lang='lat' dir='ltr'>cum</span> <span class='ocrx_word' id='word_1_262' title='bbox 835 1547 864 1572; x_wconf 90' lang='lat' dir='ltr'>et</span> <span class='ocrx_word' id='word_1_263' title='bbox 882 1541 919 1571; x_wconf 90' lang='lat' dir='ltr'>de</span> <span class='ocrx_word' id='word_1_264' title='bbox 934 1541 1027 1571; x_wconf 88' lang='lat' dir='ltr'>socie-</span> 
     </span>
     <span class='ocr_line' id='line_1_35' title="bbox 134 1583 1027 1621; baseline -0.002 -6"><span class='ocrx_word' id='word_1_265' title='bbox 134 1590 196 1615; x_wconf 85' lang='lat' dir='ltr'>tate</span> <span class='ocrx_word' id='word_1_266' title='bbox 217 1585 295 1615; x_wconf 87' lang='lat' dir='ltr'>inter</span> <span class='ocrx_word' id='word_1_267' title='bbox 316 1595 346 1615; x_wconf 88' lang='lat' dir='ltr'>se</span> <span class='ocrx_word' id='word_1_268' title='bbox 367 1584 467 1615; x_wconf 88' lang='lat' dir='ltr'>multa</span> <span class='ocrx_word' id='word_1_269' title='bbox 490 1585 760 1621; x_wconf 84' lang='lat' dir='ltr'>communicarent,</span> <span class='ocrx_word' id='word_1_270' title='bbox 777 1590 806 1615; x_wconf 84' lang='lat' dir='ltr'>et</span> <span class='ocrx_word' id='word_1_271' title='bbox 828 1584 865 1614; x_wconf 92' lang='lat' dir='ltr'>de</span> <span class='ocrx_word' id='word_1_272' title='bbox 884 1583 946 1614; x_wconf 64' lang='lat' dir='ltr'>tota</span> <span class='ocrx_word' id='word_1_273' title='bbox 971 1584 1027 1614; x_wconf 65' lang='lat' dir='ltr'>illa</span> 
     </span>
     <span class='ocr_line' id='line_1_36' title="bbox 132 1627 1026 1669; baseline -0.002 -11"><span class='ocrx_word' id='word_1_274' title='bbox 132 1628 249 1659; x_wconf 88' lang='lat' dir='ltr'>ratione</span> <span class='ocrx_word' id='word_1_275' title='bbox 272 1634 364 1669; x_wconf 85' lang='lat' dir='ltr'>atque</span> <span class='ocrx_word' id='word_1_276' title='bbox 383 1638 415 1658; x_wconf 89' lang='lat' dir='ltr'>re</span> <span class='ocrx_word' id='word_1_277' title='bbox 441 1627 620 1664; x_wconf 44' lang='lat' dir='ltr'>Gaffioan&amp;</span> <span class='ocrx_word' id='word_1_278' title='bbox 644 1638 743 1668; x_wconf 89' lang='lat' dir='ltr'>neque</span> <span class='ocrx_word' id='word_1_279' title='bbox 765 1628 878 1658; x_wconf 88' lang='lat' dir='ltr'>interea</span> <span class='ocrx_word' id='word_1_280' title='bbox 899 1628 1026 1657; x_wconf 88' lang='lat' dir='ltr'>verbum</span> 
     </span>
     <span class='ocr_line' id='line_1_37' title="bbox 132 1670 1026 1712; baseline -0.002 -11"><span class='ocrx_word' id='word_1_281' title='bbox 132 1671 234 1701; x_wconf 90' lang='lat' dir='ltr'>ullum</span> <span class='ocrx_word' id='word_1_282' title='bbox 254 1671 433 1712; x_wconf 88' lang='lat' dir='ltr'>interposuit</span> <span class='ocrx_word' id='word_1_283' title='bbox 448 1671 586 1709; x_wconf 80' lang='lat' dir='ltr'>Naevius,</span> <span class='ocrx_word' id='word_1_284' title='bbox 603 1677 656 1702; x_wconf 88' lang='lat' dir='ltr'>aut</span> <span class='ocrx_word' id='word_1_285' title='bbox 671 1671 842 1701; x_wconf 84' lang='lat' dir='ltr'>societatem</span> <span class='ocrx_word' id='word_1_286' title='bbox 864 1670 921 1700; x_wconf 89' lang='lat' dir='ltr'>sibi</span> <span class='ocrx_word' id='word_1_287' title='bbox 936 1670 1026 1710; x_wconf 91' lang='lat' dir='ltr'>quid-</span> 
     </span>
     <span class='ocr_line' id='line_1_38' title="bbox 133 1713 1027 1755; baseline -0.001 -12"><span class='ocrx_word' id='word_1_288' title='bbox 133 1714 218 1755; x_wconf 89' lang='lat' dir='ltr'>piam</span> <span class='ocrx_word' id='word_1_289' title='bbox 233 1714 351 1752; x_wconf 83' lang='lat' dir='ltr'>debere,</span> <span class='ocrx_word' id='word_1_290' title='bbox 365 1721 418 1744; x_wconf 89' lang='lat' dir='ltr'>aut</span> <span class='ocrx_word' id='word_1_291' title='bbox 432 1714 575 1755; x_wconf 87' lang='lat' dir='ltr'>privatim</span> <span class='ocrx_word' id='word_1_292' title='bbox 591 1714 757 1752; x_wconf 89' lang='lat' dir='ltr'>Quintium</span> <span class='ocrx_word' id='word_1_293' title='bbox 773 1713 920 1744; x_wconf 87' lang='lat' dir='ltr'>debuisse.</span> <span class='ocrx_word' id='word_1_294' title='bbox 945 1713 1027 1743; x_wconf 88' lang='lat' dir='ltr'>Cum</span> 
     </span>
     <span class='ocr_line' id='line_1_39' title="bbox 133 1756 1028 1799; baseline -0.001 -12"><span class='ocrx_word' id='word_1_295' title='bbox 133 1757 200 1788; x_wconf 79' lang='lat' dir='ltr'>aeris</span> <span class='ocrx_word' id='word_1_296' title='bbox 214 1757 305 1789; x_wconf 85' lang='lat' dir='ltr'>alieni</span> <span class='ocrx_word' id='word_1_297' title='bbox 325 1757 552 1799; x_wconf 85' lang='lat' dir='ltr'>aliquantulum</span> <span class='ocrx_word' id='word_1_298' title='bbox 575 1764 650 1789; x_wconf 85' lang='lat' dir='ltr'>esset</span> <span class='ocrx_word' id='word_1_299' title='bbox 669 1757 818 1794; x_wconf 84' lang='lat' dir='ltr'>relictum,</span> <span class='ocrx_word' id='word_1_300' title='bbox 841 1756 953 1798; x_wconf 88' lang='lat' dir='ltr'>quibus</span> <span class='ocrx_word' id='word_1_301' title='bbox 974 1766 1028 1786; x_wconf 93' lang='lat' dir='ltr'>no-</span> 
     </span>
    </p>
   </div>
  </div>
 </body>
</html>
