1181 1902
262 56 314 88 IN
337 55 534 88 VERREM
559 56 606 88 ΙΙ.
629 55 716 88 ΟΑΡ.
736 55 785 92 17.
889 55 954 86 165)

57 141 153 178 mina,
176 143 304 173 contulit
327 143 358 173 in
382 143 492 179 illumg
516 152 700 184 causamque
722 142 805 172 illius
826 150 950 173 ornnem

57 185 96 214 ad
112 185 249 216 inimicos
264 193 508 227 accusatoresque
523 186 652 217 detulit:
676 186 740 226 ipse
755 185 785 215 in
802 194 885 221 eum,
901 184 951 214 cui

56 227 185 268 legatus,
208 229 257 259 cui
272 240 327 270 pro
341 235 488 270 quaestore
508 229 618 266 fuerat,
641 228 884 258 inimicissimum
905 233 952 258 at-

58 281 119 311 que
133 271 392 313 improbissimum
413 272 622 302 testimonium
642 271 730 302 dixit.
778 271 837 301 lue
859 270 952 300 miser

56 323 128 344 cum
149 321 244 349 essen
269 321 335 345 tum
359 315 528 355 proditione
547 315 633 345 istius
653 314 779 351 nefaria,
803 320 870 343 tum
891 313 952 343 im-

55 358 151 397 probo
166 364 196 388 et
210 357 286 388 falso
301 358 436 397 ejusdem
456 357 638 393 testimonio,
662 363 728 387 tum
744 357 843 386 multo
858 357 950 386 etiam

56 409 94 429 ex
110 400 245 431 maxima
259 407 355 442 parte,
378 401 465 431 istius
485 401 637 431 furtorum
652 411 687 431 ac
702 399 887 440 flagitiorum
901 399 950 429 in-

55 442 138 472 vidia
153 444 357 484 conflagravit.

98 485 193 516 XVI.
216 486 302 525 Quid
325 487 382 517 hoc
407 486 532 517 homine
554 486 695 517 faciatis?
719 492 772 516 aut
796 485 835 515 ad
855 495 950 526 quam

55 538 140 569 spem
156 535 219 559 tam
238 529 446 570 perfidiosum,
471 536 533 560 tam
548 530 759 570 importunum
775 528 890 558 animal
904 539 952 558 re-

55 572 201 603 servetis?
225 573 278 614 qui
299 573 330 603 in
347 573 404 603 Cn.
427 573 567 604 Carbone
587 579 709 608 sortem,
733 573 765 602 in
782 572 840 602 Cn.
854 571 951 601 Dola-

54 614 135 645 bella
150 616 350 652 voluntatem,
374 616 540 656 neglexerit
555 626 589 646 ac
605 616 735 652 violarit,
760 625 869 656 eosque
885 624 951 644 am-

53 658 108 687 bos
123 667 184 688 non
200 659 299 689 solum
315 659 488 694 deseruerit,
506 659 557 689 sed
573 659 663 689 etiam
679 658 844 699 prodiderit
859 664 952 698 atque

53 701 248 749 oppugnarit.
283 702 399 739 Nolite,
424 712 537 743 quaeso,
562 702 689 741 judices,
717 701 863 732 brevitate
885 710 952 730 ora-

53 743 144 774 tionis
162 755 238 775 meae
259 745 371 786 potius,
395 755 489 786 quam
513 755 615 775 rerum
638 745 773 793 ipsarum
794 743 951 784 magnitu-

53 786 134 823 dine,
158 788 286 818 crimina
309 788 494 829 ponderare:
519 788 596 818 mihi
618 788 699 818 enim
723 786 950 835 properandum

52 831 216 861 necessario
237 837 293 871 est⁷
317 837 352 861 ut
371 831 474 861 omnia
493 831 589 867 vobis,
613 842 683 871 quae
697 830 774 860 mihi
789 830 952 860 constituta

52 879 135 909 sunt,
152 874 264 914 possim
277 884 435 914 exponere.
460 874 681 912 Quamobrem,
699 873 853 914 quaestura
864 872 950 902 istius

52 915 268 954 demonstrata,
285 917 437 958 primique
452 917 645 957 magistratus
660 923 689 946 et
703 917 785 946 furto
801 922 830 946 et
842 916 950 946 scelere

51 966 218 1000 perspecto,
242 960 358 1000 reliqua
373 960 537 990 attendite:
562 960 593 989 in
609 960 721 1000 quibus
736 959 814 989 illud
825 965 948 999 tempus

52 1003 247 1032 Sullanarum
261 1003 513 1044 proscriptionum
527 1013 561 1033 ac
577 1003 755 1051 rapinarum
767 1002 950 1043 praetermit-

52 1051 137 1080 tam;
162 1055 260 1086 neque
281 1056 336 1086 ego
356 1046 449 1076 istum
471 1046 528 1076 sibi
549 1056 585 1075 ex
602 1045 758 1076 communi
778 1045 950 1075 calamitate

52 1068 257 1119 defensionem
278 1089 375 1119 ullam
398 1089 495 1119 sinam
516 1099 643 1119 sumere.
679 1089 748 1119 Suis
769 1098 840 1118 eum
863 1088 950 1118 certis

50 1131 242 1172 propriisque
261 1132 439 1162 criminibus
459 1133 614 1162 accusabo.
646 1131 869 1169 Quamobrem,
893 1131 951 1161 hoc

51 1175 136 1204 omni
152 1181 287 1215 tempore
307 1175 435 1205 Sullano
451 1185 488 1205 ex
509 1174 696 1205 accusatione
712 1174 948 1214 circumscripto,

51 1217 233 1258 legationem
249 1219 314 1257 ejus
334 1218 509 1258 praeclaram
526 1218 702 1258 cognoscite.

96 1262 299 1301 Posteaquam
316 1261 374 1292 Cn.
388 1261 559 1291 Dolabellae
579 1260 734 1301 provincia
755 1260 863 1291 Cilicia
877 1269 950 1290 con-

51 1304 157 1334 stituta
179 1310 242 1338 est;
267 1315 285 1334 o
307 1304 360 1334 Dii
381 1304 587 1334 immortales!
613 1304 729 1344 quanta
752 1304 807 1333 iste
830 1302 950 1343 cupidi-

50 1354 122 1383 tate,
139 1347 250 1388 quibus
266 1347 508 1387 allegationib11S‚
524 1347 610 1376 illam
625 1347 682 1376 sibi
697 1347 879 1387 legationem
895 1356 950 1376 ex—

50 1390 222 1431 pugnavit?
245 1390 288 1427 id,
305 1390 387 1431 quod
403 1390 459 1420 Cn.
474 1390 645 1420 Dolabellae
660 1390 843 1430 principium
858 1399 948 1419 max-

49 1434 120 1464 imae
144 1433 323 1463 calamitatis
346 1433 414 1463 fuit-
452 1433 549 1470 Nam„
577 1439 612 1462 ut
635 1433 691 1463 iste
712 1432 864 1473 profectus
890 1438 946 1470 est,

49 1478 244 1517 quacumque
263 1477 320 1506 iter
339 1476 421 1512 fecit,
441 1476 590 1515 ejusmodi
605 1475 675 1513 fuit,
692 1485 753 1506 non
774 1482 809 1506 ut
828 1476 948 1515 legatus

49 1520 156 1561 populi
173 1519 318 1557 Romani,
332 1519 384 1549 sed
396 1525 430 1549 ut
445 1519 586 1560 quaedam
603 1519 769 1556 calamitas,
785 1518 949 1559 pervadere

49 1563 210 1593 videretur.

93 1605 207 1636 XVII.
232 1605 270 1635 In
292 1605 413 1636 Achaia⁴
430 1605 673 1646 (praetermittam
694 1604 814 1635 minora
829 1603 944 1641 omnia,

49 1659 181 1690 quorum
212 1648 310 1679 simile
338 1649 463 1679 forsitan
493 1648 571 1678 alius
600 1658 723 1688 quoque
747 1647 864 1688 aliquid
890 1648 947 1677 ali-

48 1692 172 1733 quando
183 1691 304 1722 fecerit:
318 1691 396 1722 nihil
407 1692 518 1728 dicam,
531 1691 589 1722 nisi
601 1692 764 1731 singulare,
780 1690 838 1720 nisi
849 1690 944 1731 quod,

49 1736 75 1766 si
99 1736 132 1765 in
159 1735 254 1765 alium
280 1745 368 1765 reum
393 1735 554 1772 diceretur,
577 1734 753 1766 incredibile
778 1734 944 1771 videretur)

91 1780 212 1814 (Orat.)
235 1787 318 1808 von.
337 1787 360 1808 1.
659 1786 683 1809 ω.
