1181 1902
258 121 308 153 IN
334 122 529 152 VERREM
555 122 621 152 111.
646 123 730 153 civ.
751 124 802 157 47.
911 124 973 158 :2:27

78 217 178 245 orum,
195 207 317 248 publice
328 207 455 243 laudat;
480 208 522 238 ita
537 213 650 246 tamen,
673 218 751 239 novo
766 218 861 246 more,
877 214 913 238 ut
927 209 970 239 le-

76 250 140 291 gati
155 251 278 287 laedant,
294 251 405 291 legatio
420 251 542 287 laudet;
567 257 680 281 caeterae
695 251 819 292 quidem
835 252 969 282 civitates

78 293 198 334 publice
220 293 324 331 literis,
354 294 567 331 levationibus,
598 294 786 332 testimoniis,
815 301 966 333 accusant,

78 343 259 378 queruntur,
281 342 414 377 arguunt
427 347 436 372 ς
467 337 492 367 51
515 343 548 367 tu
575 338 730 367 absolutus
757 338 808 375 sis,
828 337 967 369 funditus

76 389 192 410 eversas
207 390 238 409 se
250 389 311 409 csse
326 379 519 409 arbitrantur.

81 426 84 428 “
120 422 264 453 XLVII.
290 422 359 452 Hoc
370 422 408 452 de
419 423 553 459 homine,
565 433 599 453 ac
615 422 652 453 de
662 423 755 462 hujus
765 423 862 460 bonis,
875 424 967 454 etiam

75 465 108 495 in
124 465 256 506 Erycino
271 471 375 495 monte
396 465 619 496 monimentum
642 472 764 495 tuorum
783 466 969 506 flagitiorum

76 508 321 548 crudelitatisque
336 509 462 549 posuisti
476 520 485 545 3
509 509 541 538 in
557 519 618 549 quo
639 509 757 539 Sthenii
773 509 966 540 Thermitani

77 561 189 582 nomen
211 551 396 592 adscriptum
413 557 466 582 est.
498 552 573 582 Vidi
588 558 764 591 argenteum
782 552 966 592 Cupidinem

76 604 146 625 cum
156 594 307 635 lampade.
324 594 409 632 Quid
417 595 539 625 tandem
551 595 659 625 habuit
671 595 842 635 argumenti
855 602 908 625 aut
919 606 967 625 ra-

75 637 164 668 tionis
180 648 236 674 res,
254 639 454 678 quamobrem
469 638 500 667 in
511 648 545 667 eo
561 637 752 678 potissimum
763 638 966 669 Sthenianum

75 681 238 721 praemium
253 681 432 721 poneretur?
456 687 560 710 utrum
578 681 635 711 hoc
650 681 771 721 signum
794 681 966 721 cupiditatis

76 730 148 761 tuae,
172 734 211 753 an
232 730 381 764 tropaeum
405 724 632 754 necessitudinis
655 731 746 764 atque
770 724 903 764 hospitii,
927 735 966 754 an

75 767 186 798 amoris
197 766 356 804 indicium,
367 777 429 797 esse
440 767 560 797 voluisti
572 769 585 797 Ξ·
610 767 740 796 Faciunt
748 767 805 797 hoc
816 767 965 806 homines,

76 821 164 851 quos,
177 810 208 839 in
224 810 346 840 summa
361 810 507 850 nequitia,
524 820 584 840 non
601 810 699 840 solum
711 809 806 840 libido
817 816 847 840 et
858 810 966 851 volup-

76 859 133 891 tas,
150 863 256 883 verum
272 853 363 883 etiam
379 853 473 894 ipsius
496 853 640 894 nequitiae
654 853 748 889 fama,
773 853 912 891 delectat,
929 860 966 884 ut

77 896 183 926 multis
198 897 229 926 in
244 896 317 926 locis
329 902 414 926 notas
429 907 464 926 ac
479 896 604 937 vestigia
619 897 763 926 scelerum
780 907 904 926 suorum
920 908 966 927 re-

75 939 175 980 linqui
191 939 294 969 velint.
321 939 461 969 Ardebat
476 949 578 969 amore
593 939 674 968 illius
690 939 826 979 hospitae,
844 946 966 980 propter

74 993 170 1024 quam
194 982 315 1023 hosuitii
337 983 407 1021 jura
432 981 565 1012 violarat.
595 982 665 1012 Hoc
689 992 749 1011 non
774 983 872 1012 solum
899 984 967 1013 sciri

75 1032 154 1062 tum,
182 1036 288 1055 verum
315 1026 407 1055 etiam
431 1025 660 1056 commemorari
683 1035 810 1065 semper,
837 1026 965 1057 volebat.

77 1069 198 1109 Itaque,
215 1079 253 1098 ex
268 1069 321 1098 illa
333 1067 413 1117 ipsa.
425 1079 466 1106 re,
489 1078 594 1109 quam,
619 1074 776 1098 accusante
794 1083 825 1098 ι
809 1068 965 1109 gathino,

74 1118 216 1152 gesserat,
229 1112 342 1143 Veneri
353 1111 545 1152 potissimum
560 1111 662 1141 deberi
678 1111 837 1151 praemium
850 1113 966 1151 statuit,

76 1166 146 1196 quae
160 1155 245 1185 illam
256 1160 350 1185 totam
363 1155 582 1185 accusationem
591 1154 803 1195 judiciumque
813 1154 965 1186 confi-‹irat-

79 1199 227 1228 Putarem
244 1204 273 1228 te
288 1204 411 1238 gratum
426 1198 457 1227 in
474 1198 567 1235 Deos,
592 1198 616 1227 si
640 1198 697 1227 hoc
720 1197 836 1227 donum
852 1198 966 1229 Veneri

77 1251 138 1272 non
154 1241 191 1272 de
207 1241 325 1272 sthenii
340 1241 426 1271 bonis
442 1241 584 1277 dedisses,
601 1241 652 1271 sed
664 1240 701 1270 de
717 1241 776 1270 tuis
789 1252 798 1277 ;
823 1242 905 1282 quod
920 1242 966 1272 fa-

77 1295 142 1315 cere
164 1284 306 1322 debuisti,
327 1285 494 1325 praesertim
517 1295 588 1314 cum
606 1284 662 1314 tibi
682 1284 736 1314 illo
760 1284 825 1325 ipso
845 1294 925 1315 anno
948 1295 967 1315 a

77 1328 246 1359 Chelidone
261 1328 389 1358 venisset
402 1327 571 1357 haereditas.

120 1372 184 1401 Hic
199 1382 264 1412 ego,
283 1371 307 1401 si
327 1371 405 1401 hanc
421 1381 543 1401 causam
558 1380 619 1401 non
640 1370 778 1401 omnium
795 1370 968 1402 Siculorum

78 1421 186 1455 rogatu
203 1414 356 1454 recepisse}
348 1424 400 1443 m·
391 1437 400 1451 ,
425 1414 449 1444 si
459 1414 516 1444 hoc
527 1424 545 1444 a
554 1423 605 1444 me
613 1414 748 1444 muneris
757 1424 816 1444 non
828 1414 969 1445 universa

79 1458 235 1498 provincia
260 1457 462 1498 poposcisset·
489 1457 513 1487 si
528 1467 578 1487 me
594 1457 714 1487 animus
730 1463 821 1498 atque
836 1467 922 1487 amor
936 1458 969 1488 in

79 1501 299 1542 rempublicam
316 1500 560 1541 existimatioque
575 1500 688 1530 offensa
703 1500 796 1530 nostri
807 1500 920 1530 ordinis
935 1511 970 1531 ac

75 1544 261 1583 judiciomm
277 1553 339 1574 non
354 1543 442 1573 hoc‘
426 1554 522 1573 iacere
538 1544 697 1583 coegissem
723 1548 813 1583 atque
828 1543 892 1573 haec
908 1553 971 1573 una

78 1597 170 1618 causa
184 1587 300 1623 fuisset,
323 1587 406 1627 quod
427 1586 561 1616 amicum
576 1593 668 1627 atque
690 1586 841 1627 hospitem
864 1596 971 1617 meum

78 1630 253 1667 Sthenium,
271 1640 363 1671 quem
375 1630 407 1660 in
423 1630 576 1671 quaestura
593 1628 661 1659 mea
670 1629 862 1670 singulariter
873 1629 971 1660 dilex-

79 1673 181 1710 issem,
199 1673 236 1703 de
248 1683 310 1714 quo
319 1673 434 1714 optime
445 1672 676 1711 existimassem,
693 1683 785 1713 quem
801 1673 833 1702 in
849 1673 972 1713 provin-

77 1716 125 1746 cia
134 1717 364 1747 existimationis
374 1727 450 1746 meae
461 1716 714 1746 studiosissimum
724 1715 971 1756 cupidissimum-

81 1770 141 1800 que
164 1762 353 1800 cognossem,
381 1766 445 1790 tan
472 1759 643 1796 crudeliter,
670 1759 822 1796 scelerate,
844 1758 972 1788 nefarie-

62 1812 139 1847 .que
151 1803 326 1840 tractasses3
344 1809 446 1834 tamen
461 1802 556 1843 digna
570 1812 661 1833 causa
670 1808 757 1875 053501,
773 1811 828 1833 0111·
842 1801 972 1832 inimici-

652 1854 672 1876 z
