1181 1902
215 128 267 162 IN
291 130 533 163 CAECILIUM
559 131 707 163 DIVIN.
731 132 816 163 Cn.
836 132 885 162 11.
934 130 997 163 119

100 226 162 248 non
182 217 275 247 modo
290 217 505 259 suspicionem,
521 228 628 250 verum
644 218 736 250 etiam
751 218 938 278 mentionem
952 218 1000 260 ip-

100 269 178 298 sam,
195 260 413 301 pertimescat?

141 302 273 334 Emtum
288 310 333 335 est
348 315 385 335 ex
402 304 433 335 S.
450 304 486 335 C.
511 304 702 335 frumentum
723 306 762 335 ab
778 304 899 344 Siculis,
921 315 1000 346 prae·

102 351 166 376 tore
181 347 297 377 Verre:
322 359 376 389 pro
392 358 453 389 quo
469 348 622 378 frumento
637 348 767 389 pecunia
781 349 880 378 omnis
899 349 998 380 soluta

100 399 162 420 non
183 396 236 421 est.
270 390 371 421 Grave
392 397 435 421 est
456 391 513 422 hoc
534 392 648 421 crimen
667 392 699 421 in
718 391 869 428 Verrem;
893 402 997 432 grave,

99 443 149 463 me
173 439 302 474 agente3
327 439 356 464 te
380 440 550 471 accusante,
577 435 710 465 nullum.
748 434 826 465 Eras
853 435 936 465 enim
962 440 999 471 tu,

100 483 250 517 quaestor:
276 477 437 518 pecuniam
453 478 609 519 publicam
626 483 658 508 tu
675 479 842 508 tractabas:
868 489 905 508 ex
922 477 996 519 qua,

98 520 190 550 etiam
212 520 236 550 si
251 527 373 561 cuperet
388 527 509 562 praetor,
527 527 641 558 tamen,
658 531 695 551 ne
711 532 773 562 qua
788 521 928 552 deductio
944 520 999 553 fle.-

98 568 154 598 ret,
172 564 286 604 magna
302 575 338 594 ex
354 570 440 605 parte
454 570 506 594 tua
518 570 649 605 potestas
661 570 733 595 erat.
758 564 864 603 Hujus
876 574 1000 605 quoque

98 606 193 646 igitur
207 607 354 644 criminis,
371 614 401 637 te
417 614 587 645 accusante,
604 608 720 638 mentio
736 607 822 637 nulla
836 607 896 638 fiet.
922 607 999 638 Sile-

97 649 191 687 bitur,
218 656 280 680 toto
300 650 427 690 judicio,
453 651 490 681 de
515 651 658 681 maximis
679 656 708 681 et
728 650 892 681 notissimis
915 650 999 680 iuius

97 692 185 723 furtis
201 699 230 723 et
245 694 374 733 injuriis.
398 694 483 724 Mihi
499 694 598 732 crede,
615 694 738 730 Caecili;
763 704 823 724 non
839 699 948 734 potest,
965 693 998 723 in

97 736 277 774 accusando,
298 737 393 767 socios
409 748 476 768 vere
492 737 651 768 defendere
666 737 702 776 is,
720 737 775 778 qui
790 747 861 767 cum
875 747 925 767 reo
941 736 999 767 cri-

97 779 220 810 minum
235 780 375 810 societate
390 782 569 820 conjunctus
585 786 638 811 est.

140 823 301 864 Mancipes
327 834 346 853 a
372 823 543 854 civitatibus
572 834 627 865 pro
653 823 808 854 frumento
833 823 995 864 pecuniam

100 872 276 906 exegerunt.
315 867 426 905 Quid?
450 867 518 906 hoc,
536 867 633 898 Verre
656 873 794 908 praetore,
816 866 932 897 factum
955 872 999 897 est

99 910 199 939 solum
212 912 225 940 Ρ
251 920 311 939 non
324 921 331 940 :
363 911 416 940 sed
442 911 534 941 etiam
561 916 710 951 quaestore
737 910 869 941 Caecih'o.
911 909 999 948 Quid

96 952 212 993 igitur?
230 952 356 983 daturus
372 964 403 984 es
418 954 489 984 huic
505 953 636 991 crimini,
653 953 736 994 quod
751 959 780 984 et
791 953 917 994 potuisti
928 963 1000 994 pro-

96 995 211 1033 hibere,
228 1006 266 1026 ne
278 996 373 1034 fieret,
387 1003 415 1027 et
428 997 584 1028 debuisti?
601 1007 640 1027 an
657 1003 756 1027 totum
771 997 803 1026 id
818 997 997 1037 relinques?

96 1039 182 1080 Ergo
203 1039 234 1069 id
255 1040 380 1070 omnino
402 1041 513 1071 Verres
534 1040 565 1070 in
585 1040 701 1079 judicio
722 1050 776 1070 suo
796 1049 858 1070 non
883 1039 998 1078 audiet,

97 1082 180 1123 quod
195 1093 266 1113 cum
281 1083 420 1122 faciebat,
439 1083 701 1125 quemathnodum
716 1082 895 1114 defensurus
910 1087 998 1122 esset,

96 1135 158 1156 non
174 1126 349 1167 reperiebat.

139 1169 202 1199 XI.
225 1169 333 1210 Atque
357 1179 413 1210 ego
435 1169 512 1207 haec,
534 1180 605 1210 quae
625 1169 658 1199 in
678 1169 779 1199 medio
794 1169 892 1210 posita
914 1173 997 1207 sunt,

97 1222 312 1243 commemoro.
336 1212 415 1243 Sunt
431 1213 490 1242 alia
506 1213 604 1253 magis
617 1213 733 1243 occulta
745 1213 848 1248 furta;
865 1223 935 1253 quae
946 1212 1000 1242 ille

97 1258 146 1289 (ut
166 1255 229 1286 isti
219 1266 264 1293 ιε,
290 1255 389 1292 credo,
415 1256 533 1287 animos
555 1262 648 1297 atque
668 1255 800 1296 impetus
820 1255 998 1293 retardaret)

97 1308 169 1329 cum
184 1304 334 1340 quaestore
350 1309 404 1329 suo
420 1299 635 1340 benignissime
651 1298 895 1329 communicavit.
920 1298 1000 1328 Haec

95 1347 130 1371 tu
147 1342 203 1372 scis
219 1342 257 1371 ad.
272 1352 322 1372 me
338 1353 400 1372 esse
415 1342 533 1373 delata:
560 1353 629 1384 quae
644 1342 668 1372 si
684 1342 776 1373 velim
791 1342 936 1383 proferre,
953 1341 1000 1371 fa-

95 1385 151 1415 cile
167 1395 271 1415 omnes
291 1385 472 1426 intelligent,
494 1386 578 1416 vobis
593 1386 670 1416 inter
685 1396 738 1416 vos
753 1395 814 1415 non
837 1385 929 1415 modo
945 1395 999 1415 vo-

95 1428 247 1464 luntatem
262 1428 354 1458 fuisse
370 1430 576 1468 conjunctam,
594 1428 646 1459 sed
667 1439 706 1458 ne
721 1428 855 1470 praedam
871 1427 998 1468 quidem

96 1471 196 1506 adhuc
219 1482 281 1502 esse
304 1471 444 1502 divisam.
481 1472 687 1513 Quapropter,
716 1472 741 1502 si
767 1471 822 1502 tibi
848 1471 998 1501 indicium

95 1515 232 1555 postulas
244 1514 320 1556 dari,
338 1515 421 1556 quod
439 1520 541 1545 tecum
557 1515 620 1545 una
635 1515 749 1552 fecerit,
765 1514 908 1552 concedo,
925 1515 950 1545 si
965 1514 998 1544 id.

94 1557 163 1598 lege
178 1558 374 1598 permittitur.
399 1558 453 1589 Sin
470 1564 573 1589 autem
588 1558 626 1589 de
641 1558 829 1589 accusatione
845 1557 996 1595 dicimus3

96 1601 241 1631 concedas
257 1607 374 1642 oportet
389 1601 436 1639 iis,
454 1602 508 1642 qui
523 1602 609 1632 nullo
621 1612 676 1632 suo
687 1607 808 1642 peccato
823 1601 999 1642 impediun-

95 1648 158 1682 tur,
176 1645 341 1685 quominus
357 1645 479 1675 alterius
494 1650 617 1685 peccata
631 1645 838 1675 demonstrare
852 1644 978 1684 possint.

139 1688 190 1718 Ac
213 1688 292 1726 vide,
317 1694 469 1729 quantum
490 1688 711 1719 interfuturum
736 1688 774 1718 sit
794 1688 872 1718 inter
896 1697 999 1721 meam

97 1735 191 1771 atque
210 1736 298 1762 tuam
320 1732 552 1762 accusationem.
580 1731 663 1772 Ego,
680 1731 772 1762 etiam
793 1741 863 1772 quae
883 1735 917 1761 tu
934 1730 998 1761 sine

96 1772 194 1805 Verre
209 1774 399 1813 commisisti,
421 1775 512 1806 Verri
528 1775 648 1806 crimini
663 1775 789 1805 daturus
809 1784 891 1813 sum,
914 1773 998 1815 quod

92 1820 128 1853 ,ιε
142 1826 204 1859 non
223 1818 424 1862 prohibuerit,
446 1829 519 1851 eum
537 1828 694 1860 summam
713 1818 778 1861 ipse
797 1818 922 1850 haberet
941 1827 998 1860 po-
