1181 1902
201 63 262 99 174
385 61 437 92 IN
450 60 657 106 *VERREM
679 61 728 92 11.
744 60 828 93 CAP.
844 62 896 92 22.

189 148 317 179 tentiam
330 147 449 178 laturus
467 152 532 179 est:
557 147 731 189 Olympum
752 147 794 186 vi,
816 147 921 188 copiis,
943 148 1079 188 consilio,

189 191 301 222 virtute
315 191 404 231 cepit,
420 191 527 222 urbem
537 190 707 232 antiquam,
718 196 747 221 et
756 190 899 221 omnibus
909 192 999 221 rebus
1008 202 1081 222 auc-

190 239 256 264 tam
278 240 308 264 et
329 240 477 265 ornatam.
508 234 626 265 Recens
650 234 826 274 exemplum
845 233 1000 264 fortissimi
1024 235 1081 265 viri

190 277 331 318 profero:
356 287 428 307 nam
443 284 546 318 postea
560 277 715 314 Servilius,
728 277 891 317 imperator
899 277 1006 317 populi
1016 278 1082 308 Ro-

191 320 288 358 mani,
305 320 490 361 Olympum,
506 321 614 350 urbem
632 320 777 357 hostium,
801 319 890 360 cepit,
914 330 1008 360 quam
1031 326 1078 360 tu,

189 362 221 392 in
236 362 343 393 iisdem
358 363 429 393 locis
443 363 560 403 legatus
580 363 769 403 quaestorius,
786 362 898 403 oppida
910 368 1018 402 pacata
1031 373 1080 394 so-

190 405 309 436 ciorum
329 411 421 448 atque
435 405 602 436 amicorum
624 405 794 447 diripienda
814 415 849 436 ac
870 405 1008 436 vexanda
1026 416 1081 437 cu-

192 448 276 479 rasti.

233 491 298 530 Tu,
314 502 384 533 quae
399 502 437 522 ex
456 491 535 522 fanis
549 491 778 532 religiosissimis
791 502 845 532 per
867 491 962 522 scelus
984 497 1014 522 et
1033 492 1080 522 la-

189 534 352 565 trocinium
374 535 536 573 abstulisti,
552 545 587 565 ea
601 545 655 565 nos
670 535 781 572 videre,
797 534 855 565 nisi
872 535 905 564 in
924 534 984 564 tuis
1002 535 1080 565 ami-

190 587 357 619 corumque
371 583 494 608 tuorum
510 577 605 615 tectis,
622 588 682 608 non
698 588 858 618 possumus
871 589 879 608 :
915 577 951 607 P.
979 578 1079 608 Servi-

188 619 260 657 lius,
277 631 346 661 quae
357 621 443 661 signa
457 626 549 662 atque
566 626 744 651 ornamenta
755 631 793 650 ex
804 622 879 651 urbe
892 620 1038 670 hostium,
1049 621 1080 651 vi

188 667 219 693 et
240 663 351 694 virtute
373 663 473 704 capta,
493 664 568 694 belli
588 663 655 704 lege
679 669 771 704 atque
793 663 987 704 imperatorio
1009 664 1079 703 jure

189 706 323 744 sustulit,
340 717 375 737 ea
389 707 503 747 populo
521 707 663 737 Romano
683 706 863 747 apportavit,
891 716 945 747 per
969 706 1079 736 trium-

187 748 288 788 phum
303 749 397 787 vexit,
412 749 445 779 in
461 750 579 779 tabulas
593 749 730 789 publicas
745 749 784 779 ad
799 749 938 779 aerarium
953 749 1079 790 perscri-

188 791 289 821 benda
303 792 427 822 curavit.
452 792 630 833 Cognoscite
645 802 683 822 ex
694 792 788 822 literis
801 792 931 833 publicis
945 791 1078 823 hominis

189 833 371 875 amplissimi
385 834 584 875 diligentiam.
609 834 725 865 Recita.

369 878 532 912 (Rationes
548 879 654 908 rclatae
670 879 712 908 P.
726 878 881 916 Servili-i.)

203 949 205 951 ,
231 919 307 950 Non
322 920 422 951 solum
436 930 600 952 numerum
615 920 783 961 signorum,
799 920 850 951 sed
865 919 956 951 etiam
970 920 1077 952 unius-

186 963 336 1004 cujusque
351 963 606 1004 magnitudinem,
619 964 761 1004 figuram,
777 969 901 1002 statum,
917 963 1011 994 literis
1025 964 1078 995 de-

187 1005 270 1036 finiri
283 1005 375 1036 vides.
414 1006 503 1037 Certe
517 1007 614 1045 major
629 1012 673 1036 est
687 1006 806 1037 virtutis
821 1005 1012 1047 victoriaeque
1024 1007 1077 1046 ju-

185 1048 335 1087 cunditas,
352 1059 446 1090 quam
460 1048 518 1080 ista
529 1049 678 1090 voluptas,
692 1060 761 1090 quae
775 1049 939 1090 percipitur
953 1059 991 1080 ex
1005 1049 1076 1080 libi-

186 1090 258 1121 dine
283 1097 313 1122 et
336 1102 394 1132 cup
396 1091 509 1122 iditate.
541 1092 646 1122 Multo
675 1092 848 1132 diligentius
873 1092 984 1123 habere
1006 1092 1074 1123 (11οο

187 1133 351 1165 Servilium
365 1102 501 1175 graedam
512 1135 619 1176 populi
631 1135 776 1174 Romani,
793 1145 887 1177 quam
898 1141 928 1165 te
942 1140 996 1165 tua
1009 1135 1076 1165 fur-

187 1181 220 1206 ta
233 1182 338 1207 notata
352 1182 444 1218 atque
458 1177 614 1219 descripta.

230 1218 346 1250 XXII.
369 1219 473 1258 Dices,
490 1226 543 1251 tua
557 1231 679 1262 quoque
698 1220 784 1261 signa
803 1226 833 1251 et
847 1220 966 1251 tabulas
980 1220 1076 1262 pictas

184 1268 363 1293 ornamento
378 1263 447 1293 urbi
457 1263 583 1304 foroque
597 1273 657 1305 pop
659 1263 703 1293 uli
718 1263 852 1294 Romani
867 1263 968 1294 fuisse.
1003 1263 1074 1295 Me-

185 1304 282 1335 mini:
307 1305 370 1336 vidi
384 1305 476 1336 simul
491 1316 561 1336 cum
575 1307 689 1347 populo
704 1306 846 1337 Romano
865 1306 967 1336 forum
982 1307 1076 1337 comi-

185 1347 326 1388 tiumque
349 1348 541 1388 adornatum,
557 1349 596 1379 ad
620 1349 748 1390 speciem
771 1349 934 1389 magnifico
953 1355 1073 1387 ornatu,

184 1389 224 1420 ad
239 1400 361 1421 sensum
376 1391 649 1440 cogitationemque
663 1393 770 1422 acerbo
784 1398 814 1422 et
827 1391 962 1432 lugubri.
997 1392 1073 1422 Vidi

183 1433 331 1464 collucere
343 1434 445 1464 omnia
459 1434 547 1465 furtis
559 1435 629 1472 tuis,
642 1434 745 1474 praeda
756 1435 990 1475 provinciarum,
1004 1445 1074 1476 spo-

183 1475 232 1505 liis
244 1476 393 1506 sociorum
405 1482 496 1517 atque
506 1477 683 1507 amicorum.
707 1477 779 1514 Quo
789 1477 913 1518 quidem
925 1482 1071 1518 ternpore,

179 1517 308 1557 judices,
320 1519 376 1550 iste
390 1529 475 1560 spem
490 1519 659 1550 maximam
671 1520 856 1560 reliquorum
868 1530 991 1560 quoque
1001 1530 1072 1561 pec-

183 1567 320 1592 catorum
335 1568 441 1593 nactus
457 1568 509 1593 est.
543 1563 632 1594 Vidit
646 1562 728 1593 enim
743 1573 803 1600 eos,
820 1562 873 1603 qui
886 1562 1070 1601 judiciorum

183 1603 322 1635 dominos
348 1615 378 1635 se
397 1605 457 1635 dici
479 1605 630 1643 volebant,
652 1606 762 1635 harum
788 1605 989 1645 cupiditatum
1008 1616 1071 1636 esse

181 1656 290 1677 servos.
312 1647 393 1679 Socii
408 1658 477 1678 vero
492 1648 688 1688 nationesque
703 1654 812 1678 exterae
827 1658 911 1688 spem
929 1648 1069 1678 omnium

181 1694 249 1720 tum
264 1689 399 1730 primum
414 1691 549 1730 abjecere
563 1701 665 1721 rerum
676 1701 711 1721 ac
722 1690 913 1721 fortunarum
923 1701 1045 1721 suarum
1057 1701 1068 1726 ς

179 1738 347 1775 propterea,
367 1733 449 1775 quod
471 1744 541 1764 casu
563 1733 655 1774 legati
677 1744 715 1765 ex
737 1733 815 1765 Asia
836 1739 928 1775 atque
949 1732 1069 1764 Achaia

1146 89 1156 190 ...u-‚vr
