1181 1902
132 117 176 149 82
220 115 312 148 PRO
335 115 502 148 ROSCIO
523 114 758 147 AMERINO.
776 115 860 148 CAP.
873 115 927 147 49.

130 202 281 233 sincerum
297 207 497 243 sanctumque
510 208 611 233 restat.
635 201 738 233 Hicne
752 201 844 232 etiam
859 211 921 232 sese
935 206 1024 242 putat

129 246 247 286 aliquid
264 256 350 286 posse
366 246 581 287 Chrysogonus
593 248 608 277 Ρ
639 246 703 276 Hic
723 245 815 275 etiam
834 251 941 285 potens
961 254 1024 274 esse

131 289 224 319 vult?
258 289 289 320 O
316 299 381 319 rem
406 289 559 325 miseram,
586 294 678 329 atque
703 288 863 318 acerbam!
899 288 1022 327 Neque,

130 331 328 368 mehercules,
344 332 401 362 hoc
420 331 545 372 indigne
564 331 638 369 fero,
661 331 743 372 quod
764 341 876 368 verear,
892 340 931 360 ne
945 329 1022 370 quid.

129 374 242 414 possit:
268 385 385 413 verum,
405 375 487 416 quod
508 385 599 405 ausus
619 380 674 411 est,
691 373 773 414 quod
795 373 937 414 speravit,
960 383 1024 402 sese

129 417 212 457 apud
228 417 301 448 tales
316 417 394 448 viros
410 418 526 458 aliquid
541 417 580 447 ad
597 417 761 458 perniciem
776 427 862 457 posse
877 416 1023 446 innocen-

131 460 181 498 tis,
199 459 231 490 id
246 460 347 500 ipsum
363 471 483 501 queror.

174 503 300 533 XLIX.
321 503 476 533 Idcircone
488 508 660 543 experrecta
671 501 813 532 nobilitas
824 501 916 531 armis
931 506 1024 542 atque

130 545 210 576 ferro
239 546 460 586 rempublicam
490 545 687 586 recuperavit,
718 550 764 582 ut,
794 544 833 574 ad
862 544 1023 574 libidinem

129 598 229 627 suam,
254 589 366 626 liberti,
389 589 561 629 servulique
585 587 747 625 nobilium,
771 589 864 625 bona,
886 587 1024 617 fortunas

130 637 243 662 vestras
258 638 435 672 nostrasque
450 642 559 662 vexare
573 636 695 671 possent
706 632 720 661 ἶ)
753 630 786 661 Si
801 630 833 660 id
848 636 950 660 actum
967 635 1022 668 est,

129 674 226 704 fateor
245 685 296 704 me
317 675 439 712 errasse,
461 675 515 715 qui
537 674 594 704 hoc
616 673 799 709 maluerim3
827 673 922 703 fateor
944 673 1026 703 insa-

130 718 223 755 nisse,
246 717 299 758 qui
319 728 389 748 cum
407 717 467 747 illis
490 716 653 747 senserim:
678 716 798 746 tametsi
818 715 952 753 inermis,
973 716 1026 755 ju-

129 759 222 797 dices,
239 761 326 790 sensi.
355 760 409 790 Sin
425 766 527 790 autem
544 759 668 790 victoria
682 759 831 789 nobilium
847 764 1027 789 ornamento

130 808 223 843 atque
249 803 455 833 emolumento
481 803 654 843 reipublicae
680 803 855 843 populoque
882 802 1026 831 Romano

131 845 222 876 debet
238 856 319 882 esse3
345 853 412 876 tum
432 856 502 876 vero
523 846 639 886 optimo
659 851 689 875 et
708 845 896 875 nobilissimo
916 845 1027 885 cuique

132 898 233 919 meam
250 889 417 919 orationem
432 889 634 929 gratissimam
650 899 713 918 esse
732 894 858 929 oportet.
892 887 985 925 Quod
1001 887 1027 917 si

131 932 201 972 quis
217 938 272 969 est,
289 932 343 973 qui
358 938 388 962 et
403 942 433 962 se
449 938 479 962 et
499 942 621 962 causam
642 931 712 961 laedi
728 937 825 971 putet,
842 941 912 961 eum
929 931 1029 970 Chry-

131 985 263 1015 sogonus
284 975 492 1015 vituperetur;
518 974 544 1005 is
565 984 687 1004 causam
706 974 845 1014 ignorat3
874 984 904 1004 se
924 973 1027 1014 ipsum

129 1027 225 1066 prope
240 1027 301 1048 non
316 1018 410 1048 novit.
437 1018 538 1048 Causa
555 1017 637 1048 enim
653 1017 838 1058 splendidior
853 1016 915 1054 fiet,
934 1016 959 1046 si
973 1026 1029 1046 ne-

130 1060 278 1101 quissimo
293 1061 403 1102 cuique
416 1061 578 1091 resistetur.
603 1060 662 1090 Ille
673 1060 915 1101 improbissimus
928 1059 1029 1099 Chry-

131 1104 238 1144 sogoni
253 1103 365 1143 fautor,
382 1104 435 1145 qui
451 1103 509 1134 sibi
524 1113 595 1134 cum
613 1103 667 1134 illo
686 1103 834 1133 rationem
855 1101 1029 1133 communi-

132 1152 232 1177 catam
248 1153 347 1187 putat,
368 1146 501 1186 laeditur,
524 1156 595 1177 cum
616 1148 654 1177 ab
675 1146 732 1178 hoc
753 1145 912 1187 splendore
930 1154 1028 1176 causae

135 1195 302 1230 separatur.

178 1233 296 1263 Verum
311 1232 376 1263 haec
391 1233 491 1263 omnis
506 1231 600 1262 oratio
617 1233 665 1267 (ut
682 1233 748 1271 jam
769 1238 839 1262 ante
858 1230 937 1268 dixi)
958 1241 1029 1261 mea

134 1280 196 1311 est;
217 1276 279 1316 quii
291 1286 340 1306 me
352 1276 397 1306 uti
409 1275 588 1316 respublica,
603 1282 632 1305 et
644 1275 729 1305 dolor
742 1286 839 1312 meus,
857 1281 886 1304 et
901 1275 1029 1304 istorum

134 1318 247 1356 injuria
273 1319 380 1359 co'e'git.
415 1319 475 1349 Sed
502 1319 631 1348 Roscius
658 1318 768 1348 horum
795 1318 838 1347 nil
865 1317 1029 1357 indignum

133 1366 242 1401 putat:
268 1362 423 1391 neminem
445 1367 583 1391 accusat:
612 1361 689 1390 nihil
710 1361 748 1391 de
769 1371 823 1391 suo
845 1360 1030 1400 patrimonio

133 1403 290 1444 queritur:
316 1410 416 1445 putat,
432 1404 524 1434 homo
540 1404 698 1444 imperitus
710 1414 843 1440 morum,
858 1403 990 1443 agricola
1001 1408 1031 1432 et

135 1446 276 1484 rusticus,
293 1447 350 1477 ista
365 1447 478 1484 omnia,
496 1457 565 1487 quae
584 1457 636 1477 vos
656 1457 709 1487 per
731 1447 849 1477 Sullam
871 1452 954 1486 gesta
969 1455 1032 1475 esse

134 1489 243 1526 dicitis,
260 1500 355 1527 more,
377 1491 454 1530 lege,
475 1491 544 1529 jure
564 1490 702 1529 gentium
725 1489 823 1519 facta:
847 1488 938 1529 culpa
955 1488 1030 1518 libe-

136 1538 230 1571 ratus,
247 1538 277 1562 et
292 1532 417 1562 erimine
432 1533 546 1563 nefario
562 1533 689 1569 solutus,
706 1532 790 1572 cupit
805 1543 823 1562 a
838 1532 921 1562 vobis
937 1531 1032 1560 disce-

135 1575 216 1605 dere.
249 1576 282 1605 Si
302 1576 359 1605 hac
373 1575 500 1615 indigna
515 1575 684 1615 suspicione
700 1581 810 1612 careat,
826 1574 929 1604 animo
945 1584 1033 1614 aequo

135 1628 167 1648 se
182 1628 281 1648 carere
302 1618 362 1648 suis
383 1619 525 1648 omnibus
546 1618 712 1648 commodis
734 1618 824 1647 dicit:
850 1623 934 1657 rogat
953 1622 1033 1646 mat-

136 1671 196 1701 que
217 1666 257 1698 te,
279 1661 486 1709 Clirysogone,
510 1661 534 1691 si
555 1661 632 1690 nihil
653 1661 690 1691 de
710 1661 803 1701 patris
821 1660 951 1690 fortunis
966 1669 1033 1690 am·

136 1703 281 1743 plissimis
302 1704 334 1734 in
356 1714 443 1734 suam
465 1714 530 1733 rem
550 1704 717 1739 convertit;
745 1703 771 1733 si
791 1703 878 1732 nulla
897 1702 929 1732 in
951 1712 983 1731 re
1003 1707 1034 1732 te

135 1746 300 1784 fraudavit,
324 1746 350 1777 si
371 1747 427 1777 tibi
449 1746 566 1787 optima
588 1745 647 1776 fide
669 1757 725 1776 sua
746 1746 850 1776 omnia
876 1744 1032 1782 concessit,

136 1790 363 1829 annumeravit,
379 1789 543 1831 appendit:
568 1789 593 1820 si
609 1789 763 1828 vestitum,
780 1799 842 1830 quo
859 1788 924 1829 ipse
938 1792 1034 1818 tectus
