1181 1902
201 111 259 141 122
316 111 367 142 IN
391 109 633 142 CAECILIUM
656 110 804 142 DIVIN.
828 110 912 142 CAP.
931 111 981 142 14.

195 197 266 228 ras?
290 202 319 227 et
334 197 359 228 si
375 197 450 238 quid
471 207 508 227 ex
528 202 627 227 vetere
647 197 751 238 aliqua
768 197 913 235 oratione,
937 199 960 216 ‘⁶
976 197 1089 229 Jovem

194 251 249 281 ego
271 240 437 281 Optimum
455 240 669 277 Maximum,'’
692 245 756 277 aut,
781 242 804 258 ‘⁶
822 240 955 279 Vellem,
978 241 1003 271 si
1025 241 1090 272 fieri

194 284 352 324 potuisset,
372 283 524 323 judices‚''
556 289 610 313 aut
633 283 750 324 aliquid
774 283 935 322 ejusmodi,
963 283 1093 315 ediscere

195 327 341 368 potueris,
358 327 500 368 praeclare
517 333 546 357 te
559 332 702 367 paratum
717 326 749 356 in
761 326 913 366 judicium
928 332 1092 358 venturum

199 370 363 400 arbitraris.

236 414 297 451 Ac,
320 413 345 443 si
365 412 420 443 tibi
440 423 530 443 nemo
550 423 749 453 responsurus
764 417 851 450 esset,
873 417 977 444 tamen
991 412 1092 453 ipsam

193 467 328 493 causam,
354 463 389 486 ut
413 467 468 496 ego
492 455 630 493 arbitror,
658 456 864 486 demonstrare
890 466 952 486 non
978 466 1089 496 posses.

195 499 289 529 Nunc
310 510 347 529 ne
368 499 445 529 illud
466 499 591 540 quidem
607 499 730 539 cogitas,
748 498 803 529 tibi
818 509 889 529 cum
904 499 1028 529 homine
1043 499 1093 528 di-

193 542 366 580 sertissimo,
384 549 413 572 et
425 542 462 572 ad
479 542 642 572 dicendum
658 542 858 582 paratissimo,
875 541 1015 572 futurum
1028 552 1090 572 esse

193 591 365 621 certamen;
391 586 519 625 quicum
539 585 630 615 modo
651 584 869 621 disserendum,
893 585 985 615 modo
1006 585 1092 615 omni

192 629 308 659 ratione
332 629 535 669 pugnandum
559 628 798 668 certandumque
822 628 884 658 sit?
915 628 1012 667 Cujus
1035 638 1094 668 ego

192 672 353 712 ingenium
370 672 411 701 ita
426 671 530 708 laudo,
547 678 582 702 ut
597 681 657 701 non
674 672 905 711 pertimescam3
930 671 973 701 ita
984 673 1090 712 probo,

194 721 229 745 ut
252 726 302 745 me
327 716 365 745 ab
390 725 424 745 eo
449 714 589 745 delectari
612 714 730 744 facilius
753 725 848 756 quam
867 714 966 755 decipi
986 720 1095 756 putem

198 769 295 799 posse.

243 801 339 832 XIV.
357 801 530 841 Nunquam
545 801 596 831 ille
611 811 662 831 me
677 800 828 842 opprimet
843 800 988 837 eonsilio3
1014 810 1095 831 nun-

194 855 289 885 quam
304 845 368 874 ullo
389 844 514 874 artificio
534 850 703 884 pervertet3
729 854 890 885 nunquam
905 844 1027 884 ingenio
1043 854 1095 875 me

195 898 249 918 suo
264 887 444 917 labefactare
460 893 552 928 atque
566 887 720 917 infirmare
736 887 902 917 conabitur.
928 887 1011 917 Novi
1026 898 1095 918 om-

195 941 247 961 nes
263 931 395 961 hominis
410 930 579 971 petitiones,
596 930 785 970 rationesque
804 930 941 960 dicendi:
967 941 1046 971 saepe
1060 931 1093 960 in

194 974 314 1011 iisdem,
337 984 415 1013 saepe
430 974 462 1002 in
478 973 632 1003 contrariis
648 973 743 1003 causis
759 973 867 1003 versati
888 984 1004 1003 sumus.
1044 973 1096 1004 Ita

196 1023 299 1047 contra
315 1027 365 1047 me
380 1016 431 1046 illc
446 1016 535 1054 dicet,
558 1016 698 1057 quamvis
714 1016 751 1046 sit
765 1016 950 1056 ingeniosus,
966 1022 1002 1046 ut
1017 1026 1094 1047 non-

196 1061 319 1090 nullum
340 1060 431 1090 etiam
447 1059 484 1089 de
506 1070 560 1090 suo
580 1059 702 1100 ingenio
715 1059 867 1098 judicium
882 1059 947 1089 fieri
967 1060 1094 1090 arbitre-

196 1109 256 1133 tur.
295 1103 343 1133 ΤΘ
359 1113 439 1139 vero,
462 1102 577 1139 Caecili,
599 1102 861 1143 quemadmodum
882 1103 920 1133 sit
940 1103 1092 1142 elusurus,

198 1157 292 1187 quam
317 1146 401 1176 omni
424 1146 540 1176 ratione
556 1147 735 1185 jactaturus,
757 1146 857 1176 videre
878 1147 944 1185 jam
968 1146 1092 1177 videor:

197 1190 316 1230 quoties
331 1190 382 1219 ille
398 1189 453 1219 tibi
468 1195 646 1230 potestatem
662 1189 877 1230 optionemque
892 1189 1027 1219 facturus
1042 1189 1092 1228 sit,

198 1239 233 1263 ut
256 1233 349 1273 eligas
373 1238 478 1262 utrum
501 1232 594 1267 velis;
619 1231 735 1262 factum
761 1242 834 1269 esse,
858 1242 962 1270 necne,
986 1243 1095 1264 verum

197 1286 270 1313 esse,
292 1286 331 1306 an
351 1275 484 1311 falsmn3
509 1282 613 1305 utrum
637 1275 759 1312 dixeris,
781 1275 813 1304 id
834 1281 937 1305 contra
956 1281 985 1305 te
1008 1275 1094 1306 futu-

197 1329 277 1348 rum.
312 1319 377 1356 Qui
398 1318 454 1349 tibi
476 1324 576 1356 aestus,
599 1318 652 1359 qui
672 1329 762 1355 error,
784 1329 853 1359 quae
873 1319 1004 1348 tenebrae
1025 1319 1094 1352 (Dii

197 1362 421 1398 immortales!)
444 1367 543 1399 erunt,
566 1361 683 1391 homini
703 1361 830 1391 minime
852 1361 954 1391 malo!
980 1362 1093 1399 Quid?

197 1415 270 1435 cum
286 1405 483 1435 accusationis
499 1411 559 1434 tuae
571 1406 709 1434 membra
724 1404 855 1435 dividere
871 1404 1003 1445 coeperit,
1021 1411 1050 1435 et
1060 1405 1094 1435 in

196 1448 298 1488 digitis
314 1448 374 1477 suis
390 1448 524 1487 singulas
536 1454 635 1488 partes
650 1458 747 1478 causae
759 1448 938 1478 constituere
950 1449 962 1478 Ρ
980 1447 1067 1485 Quid
1078 1450 1092 1479 Ρ

196 1501 268 1521 cum
284 1491 526 1532 unumquodque
547 1491 721 1531 transigere,
744 1490 895 1531 expedire,
917 1490 1093 1522 absolvere?

197 1534 268 1574 Ipse
289 1534 422 1574 profecto
437 1540 572 1564 metuere
587 1534 722 1574 incipies,
745 1544 782 1564 ne
802 1533 954 1564 innocenti
975 1534 1094 1574 pericu-

195 1577 264 1606 lum
285 1576 445 1607 facesseris.
485 1577 592 1615 Quid?
616 1587 687 1607 cum
705 1577 919 1613 connniserari,
936 1577 1092 1617 conqueri,

197 1626 226 1650 et
247 1630 284 1650 ex
304 1620 386 1650 illius
407 1620 522 1650 invidia
542 1620 702 1650 deonerare
723 1620 850 1661 aliquid,
873 1620 948 1649 etin
965 1625 994 1650 te
1009 1620 1094 1659 traji-

197 1673 273 1700 cere,
291 1663 437 1703 coeperit?
457 1673 693 1693 commemorare
709 1663 865 1704 quaestoris
880 1673 951 1693 cum
966 1668 1093 1703 praetore

197 1706 450 1736 necessitudinem
466 1706 661 1737 constitutam
674 1708 686 1736 Ρ
704 1717 820 1737 morem
835 1707 1013 1745 majorum?
1030 1716 1093 1736 sor-

197 1749 237 1779 tis
253 1749 431 1790 religionem
444 1751 457 1780 ?
494 1750 649 1780 Poterisne
665 1750 730 1789 ejus
745 1749 886 1779 orationis
902 1749 1002 1779 subire
1017 1749 1096 1779 invi-

195 1792 309 1823 diam?
343 1792 423 1824 Vide
446 1793 558 1825 modo:
582 1793 675 1825 etiam
698 1798 791 1835 atque
816 1792 910 1824 etiam
931 1791 1096 1824 considera.
