1181 1902
266 89 316 121 ΙΝ
342 89 538 121 VERREM
564 90 589 120 Ι.
614 89 698 120 CM».
718 88 766 119 14.
901 87 960 122 147

67 181 102 206 ut
116 175 314 208 discoloribus
329 176 422 217 signis
434 176 607 215 juratorum
622 175 784 206 hominum
803 173 959 204 sententiae

68 219 267 250 notarentur?
291 219 368 250 Haec
383 219 486 250 onmia
500 229 550 249 me
565 219 724 260 diligenter
738 227 898 258 severeque
909 226 958 247 ac-

69 268 174 293 turum
191 273 264 302 esse,
280 263 433 303 polliceor.

112 304 163 335 XI
169 306 207 337 V.
231 307 305 343 Quo
319 316 369 335 me
384 305 506 336 tandem
519 305 622 335 animo
637 304 700 335 fore
714 303 838 346 putetis,
849 303 874 334 si
884 302 959 344 quid

68 347 101 378 in
121 348 178 379 hoc
198 349 263 389 ipso
280 348 395 388 judicio
413 348 590 379 intellexero
610 348 703 378 simili
723 347 828 388 aliquit
842 347 958 377 ratione

68 401 132 422 esse
157 392 304 422 violatum
329 397 421 432 atque
446 390 665 422 commissum?
697 400 768 421 cum
793 389 959 430 praesertim

68 434 198 475 planum
213 434 309 465 facere
323 435 429 465 multis
444 435 570 465 testibus
584 434 709 475 possim,
726 433 762 464 C.
779 432 909 463 Verrem
924 433 957 462 in

69 477 186 516 Sicilia,
202 478 307 508 multis
322 477 525 515 audientibus,
539 488 617 518 saepe
632 476 754 515 dixisse,
772 478 794 493 “
808 485 838 506 se
849 476 960 506 habere

70 520 227 551 hominem
241 526 407 561 potentem,
424 521 511 560 cujus
526 520 637 551 fiducia
651 519 838 561 provinciam
853 519 963 559 spolia-

71 569 136 594 ret:
161 573 260 604 neque
275 564 331 594 sibi
347 564 401 594 soli
416 564 576 604 pecuniam
589 573 733 605 quaerere,
750 561 802 592 sed
816 562 859 592 ita
871 563 962 593 trien-

71 606 160 636 nium
179 607 257 637 illud
279 612 419 648 praeturae
437 607 599 638 Siciliensis
621 606 816 637 distributum
838 606 960 644 habere,

71 655 107 679 ut
122 660 225 680 secum
236 650 377 690 praeclare
389 650 439 690 agi
450 650 571 688 diceret,
583 650 607 681 si
618 650 710 681 unius
721 649 794 679 anni
809 655 962 690 quaestum

72 692 105 722 in
120 703 184 723 rem
199 703 286 723 suam
299 700 501 730 converteret3
525 694 654 723 alterum
669 692 802 734 patronis
815 698 844 723 et
859 692 964 722 defen-

72 735 191 766 soribus
201 736 261 766 suis
273 736 402 766 traderet
415 747 424 773 ;
448 736 571 767 tertium
581 737 670 766 illum
680 735 869 766 uberrimum
879 746 963 777 quae-

74 779 357 820 stuosissimumque
368 789 484 810 annum
494 786 593 810 totum
602 779 756 819 judicibus
767 780 963 809 reservaret.”

73 820 127 852 Ex
136 832 197 863 quo
206 822 284 852 mihi
295 823 378 853 venit
388 822 420 853 in
429 829 563 853 mentem
573 823 651 853 illud
662 822 770 860 dicere,
779 821 875 863 (quod
884 823 966 863 apud

75 864 127 895 Μ’
147 865 345 896 Glabrionem
369 875 466 907 nuper
486 876 557 897 cum
576 866 608 896 in
626 865 794 906 rejiciendis
811 865 966 905 judicibus

73 909 369 946 commemorassem,
385 909 521 940 intellexi
536 909 728 940 vehementer
742 909 893 950 populum
905 910 969 940 Ro-

77 960 206 981 manum
226 952 434 991 commoveri),
450 962 500 983 me
516 952 664 990 arbitrari,
680 952 755 991 fore,
773 952 818 982 uti
832 952 968 984 nationes

78 1000 189 1024 exterae
203 995 317 1035 legatos
332 995 372 1025 ad
386 996 537 1037 populum
556 996 736 1026 Romanum
753 995 919 1035 mitterent,
934 1003 969 1027 ut

77 1037 128 1067 lex
143 1037 181 1067 de
195 1038 331 1078 pecuniis
342 1039 516 1079 repetundis
524 1038 737 1079 judiciumque
748 1038 911 1069 tolleretur.
935 1040 969 1070 si

78 1080 161 1110 enim
173 1080 289 1120 judicia
303 1082 390 1111 nulla
404 1082 475 1120 sint,
489 1088 609 1112 tantum
621 1092 875 1123 unumquemque
886 1083 970 1113 ablass

81 1129 186 1154 turum
202 1129 323 1164 putant,
340 1131 491 1165 quantum
507 1125 563 1155 sibi
579 1135 613 1155 ac
628 1125 730 1155 liberis
745 1124 806 1155 suis
821 1124 892 1155 satis
908 1137 970 1157 esse

82 1166 261 1206 [arbitretur
272 1168 299 1208 ε]
316 1177 408 1206 nunc,
425 1168 508 1209 quod
524 1168 674 1208 ejusmodi
689 1168 804 1207 judicia
816 1168 886 1206 sint,
903 1175 971 1199 tan-1

82 1215 150 1240 tum
165 1219 418 1252 unumquemque
433 1211 560 1250 auferre,
577 1218 727 1253 quantum
743 1211 811 1249 sibi,
825 1213 970 1252 patronis,

82 1253 245 1290 advocatis,
261 1255 393 1294 praetori,
412 1255 577 1294 judicibus,
590 1255 661 1285 satis
675 1254 816 1284 futurum
836 1254 893 1286 sit:
918 1256 975 1287 hoc

82 1296 215 1337 profecto
227 1296 381 1327 infinitum
394 1308 474 1328 esse:
497 1309 527 1328 se
539 1298 705 1329 avarissimi
716 1297 848 1328 hominis
858 1298 976 1340 cupidi-

84 1339 139 1369 tati
149 1339 316 1369 satisfacere
327 1351 422 1381 posse,
436 1341 655 1372 nocentissimae
666 1340 796 1372 vietoriae
808 1351 869 1371 non
877 1352 974 1382 posse.

129 1382 159 1413 O
181 1384 446 1414 commemoranda
466 1385 591 1424 judicia,
612 1385 850 1425 praeclaramque
870 1385 974 1416 existi-

85 1426 251 1456 mationem
272 1427 366 1456 nostri
385 1427 517 1458 ordinis!
542 1438 613 1459 cum
629 1427 700 1458 socii
718 1427 826 1468 populi
841 1428 975 1460 Romani

83 1469 199 1509 judicia
222 1469 260 1500 de
282 1470 417 1510 pecuniis
441 1473 614 1512 repetundis
637 1470 702 1501 fieri
724 1471 844 1511 nolunt,
866 1483 936 1513 quae
958 1485 976 1505 a

88 1513 255 1552 majoribus
279 1514 386 1544 nostris
410 1514 558 1545 sociorum
584 1515 675 1547 causa
697 1521 870 1556 comparata
895 1519 975 1548 sunt.

87 1556 143 1586 An
161 1558 217 1588 iste
237 1566 375 1597 unquam
395 1558 432 1588 de
451 1569 481 1589 se
501 1560 614 1590 bonam
632 1569 717 1600 spem
737 1559 902 1599 habuisset,
918 1561 977 1592 nisi

88 1600 127 1631 de
142 1600 226 1631 vobis
241 1601 354 1631 malam
375 1601 549 1643 opinionem
569 1603 672 1634 animo
691 1602 883 1634 imbibisset?
906 1604 979 1643 Quo

89 1645 204 1684 majore
219 1644 311 1674 etiam
326 1645 365 1678 (si
380 1645 444 1676 fieri
464 1651 574 1686 potest)
591 1645 674 1687 apud
694 1656 746 1677 vos
766 1646 835 1678 odio
850 1657 913 1679 esse
927 1649 980 1680 de-

90 1689 154 1726 bet,
179 1698 273 1728 quam
300 1694 344 1718 est
367 1690 450 1730 apud
461 1691 622 1732 ‚populum
646 1691 835 1729 Romanum,
859 1701 930 1722 cum
948 1693 979 1722 in

92 1731 228 1769 avaritia,
246 1731 364 1771 scelere,
381 1735 524 1774 perjurio,
547 1744 598 1765 vos
619 1734 665 1764 sui
686 1734 799 1765 similes
820 1745 882 1766 esse
903 1735 982 1766 arbi-

95 1782 199 1807 tretur.
659 1778 664 1784 “
937 1780 942 1783 ”
956 1774 970 1781 “’
