1181 1902
266 92 317 122 IN
343 92 538 124 VERREM
564 92 631 124 ΙΙΙ.
655 92 739 124 CM».
761 94 808 124 14.
920 95 983 131 227

92 177 258 208 versiarum
279 179 398 210 sublata
412 189 474 210 uuo
489 179 612 210 nomine
631 179 754 211 onmia:
779 180 817 211 de
836 187 986 212 conventu

93 231 128 251 ac
139 221 374 261 negotiatoribus
389 223 467 252 nulli
480 223 606 262 judices.
637 223 795 261 Quantam
807 230 987 265 potestatem

94 263 246 302 habuerit,
263 265 389 300 videtis:
415 277 490 306 quas
506 277 552 296 res
567 266 701 306 gesserit,
722 268 899 308 cognoscite.

137 307 231 337 XIV.
257 308 417 338 Heraclius
433 315 476 339 est
493 309 636 339 Hieronis
652 309 743 347 filius,
767 311 986 351 Syracusanus,

93 349 185 380 homo
195 351 226 380 in
242 351 347 391 primis
363 351 446 381 domi
462 363 524 382 suae
536 352 657 390 nobilis,
675 358 714 390 et,
733 359 803 383 ante
814 354 896 384 hunc
911 364 988 394 prae-

93 398 201 430 torem,
226 394 273 424 vel
299 395 563 435 pecuniosissimus
588 397 846 435 Syracusanorum
860 408 869 432 ;
894 407 987 435 nunc,

94 435 179 466 nulla
200 437 260 467 alia
284 437 465 475 calamitate,
490 438 547 468 nisi
570 439 656 468 istius
677 439 803 469 avaritia
826 445 917 480 atque
941 440 973 469 in

91 480 184 518 juria,
209 481 429 521 pauperrimus.
466 482 550 512 Huic
573 481 732 512 haereditas
756 482 843 512 facile
867 483 906 512 ad
931 482 988 513 HS

92 522 190 553 tricies
202 523 283 553 venit
296 529 473 554 testamento
484 524 648 565 propinqui
660 526 717 561 sui,
731 525 760 554 H
766 525 865 555 eraclii
877 537 884 555 z
898 526 990 566 plena

93 565 202 596 domus
215 567 311 596 caelati
323 568 439 607 argenti
454 568 573 608 optimi,
586 568 754 609 multaeque
766 568 908 609 stragulae
924 579 989 599 ves-

92 608 141 645 tis,
154 609 500 651 pretiosissimorumque
511 611 733 651 mancipiorum
747 623 754 641 :
771 612 883 652 quibus
899 611 929 641 in
942 622 990 642 re-

93 652 150 682 bus
170 652 256 683 istius
277 653 455 693 cupiditates
470 660 499 684 et
514 654 645 684 insanias
661 654 729 695 quis
744 654 888 695 ignorat?
912 654 990 685 Erat

92 694 124 724 in
141 705 277 726 sermone
292 707 349 733 res,
367 707 511 737 magnam
526 697 668 728 Heraclio
679 698 840 738 pecuniam
852 697 987 728 venisse:

92 748 154 768 non
180 739 278 768 solum
295 739 474 770 Heraclium
498 740 635 777 divitem,
660 741 712 771 sed
733 741 824 771 etiam
846 746 988 771 ornatum

92 781 281 822 supellectili,
296 789 431 823 argento,
444 789 535 819 veste,
549 784 708 824 mancipiis
720 783 869 813 futurum.
887 783 989 814 Audit

93 823 157 855 haec
173 825 263 855 etiam
277 825 405 856 Verres:
425 832 464 863 et,
481 827 591 867 primo,
608 827 661 857 illo
674 838 728 857 suo
739 827 850 857 leviore
862 826 989 857 artificio

95 867 275 898 Heraclium
285 869 409 908 aggredi
421 876 557 907 cenatur,
568 876 604 900 ut
613 881 683 900 eum
694 876 779 910 roget
788 870 986 911 inspicienda,

93 921 163 951 quae
186 921 246 941 non
268 912 382 942 reddat.
421 912 541 943 Deinde
556 924 574 942 a
592 913 775 954 quibusdam
792 913 987 954 Syracusanis

93 954 293 984 admonetur:
318 955 351 985 hi
375 962 477 986 autem
502 956 628 997 quidam
654 962 738 987 erant
762 956 866 986 affines
889 956 986 994 istius,

93 1008 225 1037 quorum
250 998 305 1029 iste
329 1009 438 1029 uxores
464 1009 624 1040 nunquam
651 1000 764 1030 alienas
791 999 986 1037 existimavit,

93 1040 271 1071 Cleomenes
295 1047 324 1072 et
346 1042 507 1078 AEschri03
532 1043 586 1083 qui
607 1049 757 1083 quantum
778 1043 861 1083 apud
881 1043 986 1081 istum,

93 1090 122 1113 et
137 1094 231 1124 quam
247 1085 329 1125 turpi
344 1085 382 1115 de
397 1086 499 1123 causa,
514 1086 679 1126 potuerint,
697 1096 734 1116 ex
748 1086 871 1127 reliquis
887 1086 989 1116 crimi-

92 1127 182 1157 nibus
197 1127 379 1168 intelligetis.
405 1128 461 1167 Hi,
484 1135 518 1159 ut
533 1129 611 1167 dico,
628 1130 785 1160 hominem
801 1129 986 1165 admonent3

91 1180 155 1200 rem
169 1181 231 1201 esse
243 1172 430 1211 praeclaram,
447 1172 587 1202 refertam
603 1173 746 1203 omnibus
762 1174 868 1203 rebus:
886 1172 989 1213 ipsum

92 1219 194 1243 autem
217 1214 395 1244 Heraclium
411 1215 568 1246 hominem
583 1226 645 1246 esse
661 1217 808 1255 majorem
824 1222 910 1253 natu,
927 1225 990 1246 non

90 1257 332 1297 promtissimum
344 1269 351 1287 :
367 1264 396 1288 et
408 1269 490 1296 eum,
503 1266 611 1300 praeter
624 1260 798 1297 Marcellos,
811 1264 987 1300 patronum,

92 1310 186 1340 quem
199 1301 268 1340 jure
283 1312 337 1332 suo
352 1301 434 1331 adire
450 1308 503 1332 aut
519 1303 671 1343 appellare
685 1303 790 1343 possit,
808 1302 920 1332 habere
935 1311 989 1332 ne-

92 1343 208 1373 minem
221 1355 228 1373 :
253 1355 316 1375 esse
335 1345 366 1374 in
383 1355 417 1375 eo
430 1352 620 1383 testamento,
645 1356 707 1386 quo
722 1346 773 1376 ille
788 1346 883 1376 haeres
899 1351 986 1383 esset,

94 1386 251 1427 scriptum,
269 1394 303 1417 ut
316 1394 429 1418 statuas
440 1389 472 1418 in
488 1389 629 1430 palaestra
641 1389 764 1419 deberet
778 1398 898 1430 ponere.
928 1388 955 1418 F
957 1398 990 1418 a-

92 1429 218 1467 ciemus,
242 1436 277 1461 ut
296 1432 467 1471 palaestritae
482 1438 593 1473 negent
609 1443 646 1462 ex
663 1438 841 1462 testamento
857 1442 919 1462 esse
934 1441 990 1472 po-

93 1472 183 1503 sitas:
208 1479 313 1514 petant
327 1475 545 1513 haereditatem,
563 1475 645 1516 quod
661 1486 728 1505 eam
744 1476 891 1516 palaestrae
906 1484 990 1505 com-

92 1516 216 1546 missam
240 1527 302 1547 esse
325 1518 435 1549 dicant.
473 1519 593 1549 Placuit
612 1519 688 1548 ratio
705 1518 813 1549 Verri:
839 1528 911 1548 nam
932 1517 990 1547 'noc

92 1559 196 1589 animo
208 1560 395 1600 providebat,
414 1572 484 1592 cum
502 1568 586 1592 tanta
597 1562 755 1592 haereditas
770 1561 802 1591 in
818 1567 991 1592 controver-

93 1602 169 1632 siam
190 1603 328 1640 venisset,
343 1605 519 1646 judicioque
539 1611 701 1646 peteretur,
724 1605 788 1635 fieri
809 1615 870 1634 non
891 1613 989 1644 posse,

94 1651 128 1675 ut
144 1645 207 1676 sine
227 1647 330 1687 praeda
345 1648 408 1688 ipse
428 1648 599 1678 discederet.
623 1648 787 1689 Approbat
807 1647 988 1678 consilium:

93 1695 197 1719 auctor
213 1696 267 1727 est,
292 1696 327 1720 ut
347 1702 441 1732 quam
456 1691 591 1732 primum
609 1702 696 1732 agere
711 1691 868 1732 incipiant,
892 1689 992 1720 homi-

93 1741 227 1773 nemque
241 1733 272 1763 id
288 1735 395 1772 aetatis,
419 1735 546 1765 minime
560 1735 740 1775 litigiosum,
764 1744 859 1775 quam
875 1733 994 1764 tumul-

96 1775 265 1808 tuosissime
280 1777 465 1809 adoriantur.
488 1778 637 1809 Sci-ibitur
654 1778 797 1810 Heraclio
812 1777 890 1808 dica.
