1181 1902
290 139 343 170 IN
367 139 564 171 VERREM
589 139 648 171 IV.
665 139 749 171 CM».
769 141 818 172 19.
934 141 998 177 307

107 235 169 256 non
185 225 283 256 solum
296 226 453 266 jugerum,
473 226 627 256 sedetiam
639 226 845 264 dominorum,
855 226 997 258 multitu-

106 269 209 299 dinem
225 279 436 309 quaereremus.
462 269 617 299 [Emensis
633 280 702 300 vero
714 280 795 310 ager,
813 270 866 310 qui
882 270 996 301 solebat

107 322 169 342 esse
185 312 379 348 cultissimus,
396 318 425 342 et
441 312 537 352 (quod
552 318 643 353 caput
659 319 702 343 est
716 314 758 343 rei
773 313 994 351 frumentariae)

105 365 231 396 campus
250 355 428 390 Leontinus,
449 355 550 393 (cujus
568 362 656 385 antea
674 366 740 395 spes
761 356 825 386 haec
847 362 920 393 erat,
945 362 991 395 ut,

105 408 175 428 cum
200 398 332 428 obsitum
357 397 490 434 vidisses,
511 407 640 428 annonae
657 398 812 428 caritatem
828 409 889 429 non
910 409 993 429 vere-

103 448 180 477 rere)
193 441 234 472 sic
249 447 311 471 erat
326 440 468 471 deformis
479 447 572 481 atque
583 441 733 478 horridus,
745 448 779 471 ut
794 442 824 471 in
838 442 992 472 uberrima

102 484 212 514 Siciliae
247 491 330 524 parte
365 484 500 514 Siciliam
530 494 741 524 quaereremus.
777 484 992 515 Labefactirrat

101 526 182 557 enim
195 527 387 557 vehementer
397 534 526 557 aratores
535 528 601 566 jam
613 527 747 568 superior
759 537 874 564 annus3
898 538 992 568 prox-

102 569 183 600 imus
198 580 267 600 vero
282 569 420 600 funditus
436 577 590 600 everterat.

145 613 240 643 XIX.
265 613 294 642 Γ
298 624 317 642 ιι
333 613 409 642 mihi
425 613 491 643 etia
486 623 515 642 n
527 613 619 643 audes
631 613 816 643 mentionem
832 613 928 644 facere
937 613 991 644 de-

101 658 287 687 cumarum'
312 656 402 693 Tu,
395 666 425 686 in
447 656 531 686 tanta
548 656 752 705 improbitate,
777 662 822 694 tu,
848 657 879 686 in
905 657 990 687 tanta

100 699 296 735 acerbitate‚'
289 709 320 728 1n
337 705 380 729 tot
402 705 430 729 et
446 699 536 729 tantis
557 699 686 738 injuriis,
708 710 778 730 cum
797 699 829 729 in
848 699 989 729 arationi-

99 744 157 773 bus
173 748 202 772 et
216 742 248 772 in
265 752 369 772 earum
385 753 486 772 rerum
504 743 573 781 jure
588 743 741 783 proxincia
760 743 862 773 Sicilia
877 742 989 773 consis-

99 791 166 819 tat.·,
190 785 298 815 eversis
312 785 450 815 funditus
471 785 650 822 aratoribus,
672 786 781 816 relictis
796 786 886 826 agris,
903 795 986 823 cum,

97 828 129 858 in
145 828 299 869 provincia
312 834 373 858 tam
389 828 538 869 locuplete
553 839 587 858 ac
598 828 718 864 refert-21,
735 839 795 858 non
808 829 898 859 modo
908 838 985 866 rem,

97 871 149 902 sed
165 881 203 901 ne
218 882 303 912 spem
313 871 438 912 quidem
450 872 545 901 ullam
558 872 707 912 reliquam
718 872 861 912 cuiquam
871 871 986 910 feceris,

97 914 214 955 aliquid
235 920 264 944 te
287 915 432 955 populare
455 914 577 955 putabis
602 915 723 952 habere,
748 925 819 945 cum
843 915 934 951 dices,
957 920 987 945 te

96 957 203 998 pluris,
225 967 318 997 quam
341 964 474 993 caeteros,
501 957 643 987 decumas
670 958 864 988 vendidisse?
888 958 988 995 Quasi

95 1011 165 1031 vero
180 1007 233 1030 aut
248 1000 380 1040 populus
395 1001 556 1030 Romanus
570 1001 627 1031 hoc
641 1001 779 1038 voluerit,
796 1006 849 1031 aut
865 1006 986 1032 senatus

93 1044 150 1074 hoc
171 1044 226 1073 tibi
245 1043 443 1080 mandaverit,
467 1050 511 1080 ut,
534 1054 605 1073 cum
623 1054 728 1074 omnes
749 1050 902 1073 aratorum
923 1043 985 1074 for-

92 1092 182 1117 tunas
189 1087 385 1117 decumarum
396 1086 519 1117 nomine
529 1087 706 1127 eriperes,in
718 1093 872 1127 posterum
884 1086 986 1117 fructu

92 1130 146 1160 illo
167 1129 387 1170 commodoque
411 1130 453 1159 rei
470 1130 676 1160 frumentariae
695 1130 845 1170 populum
866 1130 984 1160 Roma-

93 1183 169 1203 num
184 1173 336 1213 privares3
361 1172 480 1210 deinde,
503 1173 527 1202 si
543 1184 637 1213 quam
660 1180 777 1213 partem
794 1180 855 1203 tuae
873 1173 984 1213 praedae

93 1216 132 1246 ad
147 1226 300 1246 summam
316 1215 514 1246 decumarum
526 1216 701 1255 addidisses,
723 1217 801 1247 bene
815 1216 852 1246 de
867 1216 983 1257 populo

89 1258 233 1289 Romano
248 1258 374 1289 meritus
391 1259 533 1290 viderere.

133 1302 241 1343 Atque
263 1301 387 1342 perinde
405 1302 524 1343 loquor,
550 1301 637 1343 quasi
656 1302 689 1332 in
715 1312 750 1332 eo
774 1301 812 1332 sit
837 1301 982 1343 iniquitas

92 1347 157 1386 ejus
175 1344 431 1386 reprehendenda,
451 1345 545 1386 quod,
567 1351 689 1386 propter
707 1345 811 1386 gloriae
831 1345 982 1386 cupidita„

90 1395 164 1425 tem,
181 1394 216 1418 ut
238 1388 356 1429 aliquos
378 1389 501 1418 summa
520 1388 719 1419 decumarum
735 1388 877 1426 vinceret,
899 1399 982 1419 acer-

89 1433 206 1463 biorem
220 1431 331 1471 legem,
348 1431 471 1461 duriora
485 1431 582 1462 edicta
599 1431 822 1472 interposuerit,
839 1431 981 1462 omnium

89 1475 280 1516 superiorum
295 1474 505 1505 auctoritatem
521 1474 696 1515 repudiarit.

132 1519 252 1558 Magno
267 1523 301 1547 tu
317 1517 460 1548 decumas
471 1517 651 1548 vendidisti!
677 1517 775 1555 Quid,
788 1517 813 1548 si
828 1517 931 1556 doceo,
952 1524 982 1548 te

90 1572 152 1593 non
175 1561 277 1591 minus
298 1560 426 1590 domum
446 1569 532 1590 tuam
552 1561 703 1597 avertisse,
725 1570 820 1601 quarn
844 1561 980 1592 Romam
1013 1575 1016 1578 ·

87 1605 216 1641 misisse,
232 1604 431 1634 decumarum
446 1603 570 1634 nornine
581 1605 596 1634 ?
619 1603 705 1642 Quid
720 1603 811 1634 habet
833 1604 981 1644 populare

87 1648 164 1679 ratio
179 1653 242 1685 tua,
264 1657 335 1677 cum
351 1657 389 1677 ex
404 1646 559 1688 provincia
573 1647 681 1687 populi
701 1646 836 1676 Romani
858 1657 981 1687 aequam

86 1697 204 1734 partem
216 1696 249 1720 tu
262 1690 317 1720 tibi
332 1690 485 1727 sumseris,
498 1696 590 1731 atque
604 1689 719 1731 populo
734 1690 877 1720 Romano
889 1689 981 1720 mise-

86 1735 146 1766 ris
138 1736 151 1756 ⁹
176 1732 273 1771 Quid,
290 1733 315 1762 si
329 1732 449 1763 duabus
463 1733 600 1774 partibus
615 1733 706 1763 doceo
722 1739 751 1763 te
766 1733 899 1774 amplius
915 1732 980 1762 fru-

86 1777 183 1809 menti
206 1776 375 1815 abstulisse,
401 1786 495 1817 quarn
521 1776 636 1818 populo
663 1777 805 1806 Romano
835 1775 978 1806 misisse?

86 1827 229 1852 tamenne
250 1825 396 1860 putamus
418 1825 583 1860 patronum
606 1826 696 1850 tuum
717 1819 748 1850 in
771 1818 829 1849 hoc
852 1818 978 1850 crimine
