1181 1902
259 111 321 142 434
450 110 501 140 IN
525 109 720 141 VERREM
744 110 784 141 V.
811 110 894 142 Ciu».
912 113 961 143 49.

257 203 373 235 rantur,
390 202 433 227 est
447 197 511 227 loco
523 197 663 237 praecelso
678 202 768 238 atque
783 197 862 228 edito
875 209 884 233 ;
901 199 1004 239 quoin
1020 200 1141 229 s'umino

257 246 301 270 est
321 245 439 280 aequata
459 240 523 280 agri
545 240 694 280 planities,
719 246 747 270 et
765 251 852 280 aquae
875 252 1026 281 perennes.
1059 242 1140 271 Tota

257 293 325 314 vero
349 284 387 313 ab
410 282 494 312 omni
516 282 600 312 aditu
621 283 794 313 circumcisa
816 290 906 324 atque
930 284 1056 314 diremta
1086 292 1139 314 est.

257 326 362 364 Quam
377 325 454 356 circa
469 326 551 355 lacus
571 325 693 366 lucique
713 332 782 356 sunt
797 327 933 367 plurimi,
950 334 979 357 et
994 327 1137 357 laetissimi

255 369 342 399 flores
364 368 447 398 omni
463 374 597 408 ternpore
615 369 708 405 anni;
732 369 815 399 locus
832 375 865 399 ut
885 370 949 410 ipse
965 376 1085 410 raptum
1101 371 1138 400 il-

254 411 320 441 lum
337 411 470 450 virginis,
490 421 581 451 quem
600 412 664 450 jam
686 422 703 441 a
722 412 822 452 pueris
842 413 1022 452 accepimrrs,
1039 413 1136 442 decla-

254 465 319 484 rare
335 454 479 484 videatur.
503 454 626 483 Etenim
637 461 758 495 propter
772 461 815 484 est
830 455 973 494 spelunca
984 456 1136 495 quzmlam,

254 508 395 528 conversa
410 497 448 526 ad
461 497 660 537 Aquilonem,
676 497 793 526 infinit&
809 498 980 534 altitudine,
1001 499 1061 538 quir
1079 498 1136 527 Di-

254 547 315 571 tem
333 547 449 581 patrem
465 540 566 570 ferunt
583 546 704 579 repente
719 550 788 568 eum
805 550 893 569 curru
910 540 1067 575 exstitisse,
1085 542 1137 570 ab-

254 590 430 624 reptamque
445 593 482 612 ex
498 593 532 612 eo
547 583 611 612 loco
632 582 779 621 virginem
800 593 900 612 secum
916 593 1091 623 asportasse,
1109 592 1137 613 et

253 627 351 656 subito
373 636 432 656 non
456 626 544 665 longe
566 635 584 654 a
599 625 752 665 Syracusis
775 626 944 665 penem-iisse
959 628 1016 655 sub
1033 633 1136 661 terras,

251 670 413 710 lacumque
435 669 466 698 in
485 679 519 698 eo
543 668 607 697 loco
631 674 752 707 repente
774 668 942 703 exstitisse;
971 669 1023 698 ubi
1042 680 1141 709 usque

251 713 290 742 ad
310 713 366 742 hoc
387 717 506 751 tempus
532 710 710 750 Syracusani
729 710 818 740 festos
839 711 901 741 dies
921 712 1137 742 anniversarios

250 761 356 796 agunt,
372 753 563 784 celeberrimo
579 753 711 782 virorum
727 754 950 794 mulierumque
965 761 1125 785 conventu.

293 798 420 828 XLIX.
440 798 568 836 Propter
581 796 673 834 hujus
688 796 836 835 opinionis
848 803 1037 833 vetustatem,
1055 799 1136 838 quod

250 851 355 872 eorum
370 841 401 870 in
417 840 463 869 his
478 839 550 869 locis
566 838 701 878 vestigia,
718 849 751 868 ac
767 849 860 879 prope
882 839 1077 878 incunabula,
1091 852 1136 870 re-

250 884 406 926 periuntur
416 882 565 919 Deorum,
573 881 650 910 mira
661 881 799 921 (praedam
812 880 872 912 tot&
881 882 981 912 Sicilia
995 883 1135 923 privatim

250 939 283 958 ac
298 926 418 967 publice
433 925 537 965 religio
552 930 596 954 est
611 924 894 955 CererisEnnensis.
921 926 1044 956 Etenim
1054 927 1135 956 mul-

250 977 280 1000 ta
296 980 373 1010 saepe
385 968 522 1009 prodigia
531 967 591 997 vim
608 968 673 1006 ejus
682 977 857 1008 numenque
866 968 1036 999 declarant:
1054 970 1135 999 mul-

249 1014 286 1044 tis
302 1023 381 1053 szepe
396 1012 427 1041 in
446 1010 630 1041 difficillimis
648 1011 735 1040 rebus
755 1021 884 1050 praesens
899 1012 1048 1041 auxilium
1069 1013 1136 1051 ejus

248 1056 387 1087 oblatum
402 1061 464 1090 est;
490 1060 524 1084 ut
539 1053 602 1083 haee
617 1053 715 1082 insula
737 1054 775 1083 ab
796 1054 831 1083 eir,
847 1064 906 1083 non
922 1055 1020 1084 solum
1036 1055 1133 1094 diligi,

249 1099 302 1129 sed
326 1098 416 1129 etiam
435 1097 524 1127 incoli
546 1095 759 1136 custodirique,
776 1096 921 1126 videatur.
950 1098 1015 1127 Nec
1033 1098 1131 1127 solum

248 1142 353 1178 Siculi,
372 1151 475 1180 verum
492 1140 581 1170 etiam
597 1145 709 1169 caeterae
728 1145 831 1179 gentes
847 1140 1051 1180 nationesque,
1068 1140 1135 1170 En-

248 1195 372 1216 nensem
390 1182 530 1214 Cererem
549 1182 682 1212 maxime
702 1183 814 1212 colunt.
840 1183 975 1220 Etenim,
998 1183 1022 1213 si
1040 1183 1134 1213 Athe-

248 1228 399 1259 niensium
424 1236 506 1256 sacra
536 1225 656 1255 summa
681 1225 844 1265 cupiditate
870 1232 1063 1266 expetuntur,
1095 1226 1133 1256 ad

248 1282 323 1312 quos
348 1270 437 1300 Ceres
460 1269 489 1298 in
510 1268 562 1298 illo
581 1278 677 1297 errore
694 1268 808 1298 venisse
827 1268 947 1303 dieitur,
971 1269 1133 1310 frugesque

248 1314 382 1345 attulisse
395 1324 404 1348 ς
429 1318 575 1352 quantam
591 1321 652 1341 esse
667 1310 841 1351 religionem
857 1311 995 1341 convenit
1015 1322 1130 1348 eorum,

247 1357 328 1398 apud
344 1366 419 1396 quos
435 1365 501 1385 earn
517 1360 619 1384 natam
635 1364 707 1389 esse,
728 1360 756 1383 et
771 1354 872 1394 fruges
888 1353 1046 1390 invenisse,
1063 1365 1133 1384 con-

248 1400 325 1430 stat!
353 1398 471 1439 Itaque,
495 1397 578 1437 apud
598 1403 696 1436 patres
718 1402 843 1433 nostros,
863 1397 953 1426 atroci
969 1408 1002 1427 ac
1017 1397 1130 1427 difficili

247 1442 419 1483 reipublicae
435 1447 579 1480 tempore,
599 1450 681 1475 cum,
703 1439 754 1468 Ti.
773 1439 908 1469 Graccho
923 1440 1028 1475 occiso,
1045 1450 1131 1480 mag-

246 1496 354 1515 norum
374 1484 575 1524 periculorum
592 1489 690 1512 metus
706 1492 742 1511 ex
758 1482 879 1512 ostentis
894 1482 1130 1522 portenderetur,

253 1529 286 1558 Ρ.
306 1528 410 1557 Mucio
437 1526 472 1555 L.
491 1525 658 1565 Calpurnio
681 1525 864 1561 consulibus,
889 1524 1004 1554 aditum
1028 1532 1071 1555 est
1092 1526 1128 1555 ad

248 1572 339 1601 libros
355 1569 539 1610 Sibyllinos:
564 1568 593 1597 in
617 1568 726 1608 quibus
744 1568 899 1597 inventum
921 1574 975 1603 est,
1001 1572 1022 1586 “
1039 1569 1130 1598 Cere-

247 1624 309 1644 rem
327 1611 566 1652 antiquissimam
583 1611 692 1651 placari
713 1611 879 1650 oportere.''
902 1610 998 1648 Tum,
1015 1621 1052 1641 ex
1065 1621 1130 1640 am-

246 1656 381 1697 plissimo
397 1654 520 1693 collegio
535 1653 735 1689 decemvirali,
757 1653 921 1683 sacerdotes
945 1654 1049 1694 populi
1066 1654 1130 1683 Ro-

246 1699 340 1732 mani,
358 1708 426 1728 cum
440 1703 513 1727 esset
528 1696 558 1725 in
570 1698 643 1726 urbe
653 1696 752 1726 nostra
766 1696 881 1726 Cereris
893 1696 1129 1736 pulcherrimum

246 1750 276 1772 et
291 1739 621 1781 magnificentissimum
644 1739 804 1778 templum,
826 1744 926 1768 tamen
948 1749 1043 1779 usque
1064 1739 1129 1768 En-

246 1795 315 1815 nam
343 1783 465 1824 profecti
488 1788 566 1812 sunt.
602 1781 703 1811 Tanta
730 1781 809 1811 enim
830 1788 891 1811 erat
916 1782 1075 1812 auctoritas
1099 1788 1127 1811 et
