1181 1902
230 47 293 77 388
428 48 480 79 IN
503 48 700 79 VERREM
725 49 765 79 V.
790 49 872 80 CAP.
889 50 919 79 3.

227 132 310 172 apud
333 139 401 163 tuos
426 133 665 172 Mamertinos,
657 135 808 165 inveniare
823 134 1048 176 improbissima
1066 145 1114 165 ra-

228 175 308 205 tione
323 186 384 206 esse
399 177 559 217 praedatus.

271 218 317 247 II.
342 219 377 249 C.
401 220 498 249 Heius
521 227 565 250 est
587 221 791 251 Mamertinus
816 223 934 254 (omnes
954 220 1011 250 hoc
1035 220 1112 250 mihi

226 260 313 291 facile
337 263 509 299 concedent,
535 264 588 303 qui
610 264 785 293 Messanam
801 269 997 299 accesserunt)
1014 263 1112 292 omni-

226 305 283 334 bus
299 306 387 335 rebus
402 306 433 334 in
448 305 501 335 illa
517 306 635 336 civitate
646 307 862 336 ornatissimus.
891 306 995 345 Hujus
1005 305 1114 336 domus

227 353 271 376 est
294 348 341 376 vel
358 348 473 388 optima
489 348 656 386 Messanae,
668 349 824 379 notissima
840 348 964 389 quidem
980 354 1067 384 certe,
1085 354 1114 378 et

226 390 334 419 nostris
350 390 525 421 hominibus
544 392 741 432 apertissima,
767 391 962 431 maximeque
981 391 1114 431 hospita-

226 432 272 462 lis.
297 432 345 462 Ea
360 433 479 471 domus,
494 440 563 464 ante
578 434 742 464 adventum
757 435 854 470 istius,
867 434 908 463 sic
923 440 1028 463 ornata
1043 433 1112 473 fuit,

225 480 260 504 ut
271 475 338 505 urbi
354 487 476 517 quoque
492 484 566 507 esset
578 483 762 507 ornamento.
789 478 870 506 Nam
881 477 946 517 ipsa
959 476 1113 515 Messana,

226 528 295 558 quae
319 519 389 555 situ,
412 520 572 556 moenibus,
592 527 742 560 portuque
763 526 868 550 ornata
883 520 931 557 sit,
954 521 991 549 ab
1007 519 1054 549 his
1069 530 1115 549 re-

225 562 293 597 bus,
311 562 422 602 quibus
446 563 501 593 iste
522 563 696 601 delectatur,
716 573 787 592 sane
808 573 901 592 vacua
922 568 1013 602 atque
1032 562 1115 592 nuda

228 610 281 634 est.

269 647 346 677 Erat
360 648 442 689 apud
464 649 581 679 Heium
603 649 765 679 sacrarium
786 647 899 689 magna
920 658 990 678 cum
1015 648 1115 688 digni-

226 695 287 720 tate
302 691 333 720 in
346 692 472 727 aedjbus,
489 703 507 722 a
521 692 687 731 majoribus
703 691 859 728 traditum,
876 692 1113 732 perantiquuin;

226 733 258 762 in
275 744 336 773 quo
358 734 443 774 signa
458 735 662 775 pulcherrima
678 740 819 775 quatuor,
836 744 957 764 summo
979 734 1116 772 artificio,

225 776 348 806 summa
371 777 547 813 nobilitate3
572 788 640 818 quae
656 787 717 807 non
732 777 823 806 modo
838 777 942 811 istum,
958 777 1114 807 hominem

226 819 418 858 ingeniosum
434 826 525 861 atque
540 820 771 860 intelligentem,
789 830 893 849 verum
906 820 997 849 etiam
1009 830 1117 860 quem-

224 862 269 891 vis
286 864 433 900 nostrum,
451 873 526 904 quos
541 863 596 894 iste
611 863 718 893 idiotas
734 863 877 903 appellat,
890 862 1036 892 delectare
1045 873 1114 904 pos-

224 910 310 934 sent:
336 916 433 935 unum
450 906 621 947 CupidiniS,
641 916 857 942 marmoreum,
876 905 1035 935 Praxitelis
1054 906 1115 940 (ni-

223 948 338 978 mirum
351 949 441 979 didici
454 950 557 987 etiam,
574 950 649 979 dum
664 950 696 979 in
711 949 803 978 istum
819 948 950 989 inquiro,
963 948 1114 980 artificum

223 991 372 1027 nomina.)
409 992 508 1029 Idem,
525 993 643 1033 opinor,
662 992 768 1022 artifex
785 991 1004 1030 ejusdemmodi
1020 992 1115 1033 Cupi-

223 1034 326 1064 dinem
350 1035 420 1065 fecit
445 1036 545 1073 illum,
568 1036 621 1076 qui
642 1042 685 1065 est
709 1035 862 1075 Thespiis,
884 1042 1007 1075 propter
1021 1045 1115 1076 quem

223 1077 367 1118 Thespiae
382 1078 539 1109 visuntur:
564 1088 636 1109 nam
652 1078 712 1108 alia
726 1078 841 1108 visendi
857 1088 946 1107 causa
960 1078 1046 1108 nulla
1062 1084 1115 1109 est.

223 1120 333 1161 Itaque
353 1121 404 1151 ille
423 1122 460 1151 L.
478 1122 667 1158 Mummius,
690 1131 759 1151 cum
776 1120 976 1161 Thespiadas,
991 1131 1060 1161 quae
1076 1121 1114 1151 ad

222 1163 318 1193 aedem
338 1164 502 1194 Felicitatis
522 1171 603 1201 sunt,
621 1170 785 1204 caeteraque
800 1164 927 1204 profana
942 1174 979 1193 ex
994 1163 1047 1194 ino
1062 1174 1116 1204 op-

221 1206 293 1247 pindo
320 1207 406 1247 signa
425 1208 553 1245 tolleret,
578 1208 660 1238 hunc
683 1217 889 1236 marmoreum
914 1206 1111 1247 Cupidinem,

222 1249 305 1290 quod
320 1256 383 1280 erat
393 1256 592 1289 consecratus,
605 1260 666 1281 non
682 1250 791 1290 attigit.

265 1292 331 1322 III.
356 1293 485 1331 Verum,
509 1300 542 1323 ut
563 1293 601 1323 ad
621 1293 698 1323 illud
719 1292 881 1322 sacrarium
905 1292 1037 1331 redeam,
1055 1292 1115 1333 sig-

221 1345 297 1365 num
313 1342 375 1366 erat
390 1337 458 1372 hoc,
475 1337 558 1377 quod
573 1337 650 1375 dico,
674 1335 834 1376 Cupidinis
850 1346 866 1365 e
881 1346 1051 1366 marmore:
1076 1347 1113 1367 ex

220 1378 316 1408 altera
332 1386 417 1419 parte
429 1380 588 1417 Hercules,
603 1379 720 1420 egregie
735 1378 832 1409 factus
848 1389 885 1408 ex
896 1389 962 1408 aere.
988 1378 1019 1408 Is
1035 1378 1114 1409 dice-

220 1422 310 1451 batur
326 1432 388 1452 esse
404 1423 555 1463 Myronis,
569 1430 604 1453 ut
621 1423 746 1463 opinor:
772 1428 800 1451 et
822 1428 908 1451 certe.
945 1422 1023 1451 Item
1046 1428 1115 1452 ante

220 1464 308 1494 hosce
330 1464 411 1495 Deos
436 1472 520 1496 erant
547 1466 650 1503 arulae,
668 1476 736 1506 quae
751 1464 845 1494 cuivis
861 1464 979 1494 sacrarii
996 1464 1115 1505 religio-

219 1517 289 1536 nem
306 1507 473 1547 sionificare
488 1514 618 1549 possent.
651 1508 749 1538 Erant
778 1517 860 1537 aenea
889 1513 1032 1548 p1·‹eterea
1054 1507 1116 1538 duo

220 1549 317 1589 signa,
340 1560 400 1581 non
424 1552 571 1588 maxima,
588 1562 694 1581 verum
711 1551 823 1581 eximia
838 1556 1004 1587 venustate,
1022 1550 1113 1590 virui-

219 1593 281 1622 nali
296 1593 403 1623 habitu
420 1601 511 1635 atque
527 1595 647 1631 vestitu,
664 1605 744 1635 (μνη,
761 1593 902 1623 manibus
918 1593 1054 1630 sublatis,
1068 1604 1114 1624 sa-

220 1646 271 1666 cra
287 1637 440 1676 quaedam,
457 1648 541 1668 more
557 1637 793 1668 Atheniensium
809 1636 974 1676 virginum,
985 1636 1115 1676 reposita

220 1678 253 1708 in
276 1679 424 1719 capitibus
446 1681 644 1711 sustinebant.
678 1679 866 1720 Canephoroe
881 1679 953 1719 ipsae
968 1681 1116 1709 vocaban-

221 1727 283 1752 tur.
308 1723 368 1754 Sed
380 1733 484 1754 earum
497 1724 656 1763 artificem,
681 1733 773 1764 quem
785 1724 799 1753 ἓ
823 1731 987 1763 quemnam
1002 1723 1016 1752 Ρ
1039 1727 1116 1753 recte
