1181 1902
192 35 252 67 136
397 37 449 69 ΙΝ
473 37 669 72 VERREM
695 39 722 70 Ι.
739 37 822 70 CAP.
840 39 870 69 3.

187 122 246 152 isto
267 122 431 163 quaesitum
453 135 527 163 esse,
543 134 604 156 non
627 125 681 166 qui
695 134 782 156 reum
797 135 889 156 suum
904 123 1077 162 adduceret,

189 165 242 196 sed
257 166 311 207 qui
323 177 427 197 meum
443 173 563 208 tempus
578 169 736 199 obsideret.

234 210 299 240 ΙΙΙ
323 210 418 241 Ν11118
440 211 533 241 homo
553 211 769 242 audacissimus
793 216 884 252 atque
909 209 1077 240 amentissi-

189 261 259 282 mus
282 253 338 283 hoc
361 254 480 294 cogitat.
514 255 674 294 Intelligit,
694 265 744 284 me
765 254 808 284 ita
825 260 966 294 paratum
987 258 1078 294 atque

187 294 370 326 instructum
386 297 417 326 in
430 296 581 336 judicium
599 298 709 336 venire,
733 303 768 327 ut
782 307 843 327 non
858 296 949 326 modo
969 295 1001 325 in
1023 306 1078 325 au-

188 338 272 368 ribus
289 339 403 378 vestris,
421 340 472 370 sed
487 340 518 370 in
534 340 628 371 oculis
652 340 802 377 omnium,
823 351 877 370 sua
891 339 972 369 furta
987 344 1079 379 atque

189 381 304 421 flagitia
319 382 473 413 defixurus
490 383 556 413 sim.
595 383 699 421 Videt,
722 389 872 413 senatores
887 383 999 412 multos
1015 391 1078 411 esse

188 429 277 454 testes
300 425 433 456 audaciae
449 437 530 456 suae:
555 426 636 456 videt
651 427 763 456 multos
779 425 893 466 equites
910 426 1077 473 Romanos,

186 466 358 508 frequentes
380 475 524 509 praeterea
545 469 623 499 cives
643 475 734 509 atque
760 469 864 505 socios,
888 469 999 509 quibus
1015 467 1079 508 ipse

188 509 321 550 insignes
337 511 463 560 injurias
479 512 590 542 fecerit.
635 512 729 544 Videt
744 512 835 542 etiam
851 517 895 541 tot
915 521 987 551 grav
989 521 1019 540 es
1041 511 1080 540 ab

188 553 377 587 amicissimis
392 555 563 585 civitatibus
578 555 753 595 legationes,
769 565 840 585 eum
855 554 984 594 publicis
1007 563 1078 583 auc-

186 596 358 627 toritatibus
373 609 407 628 ac
422 598 611 635 testimoniis,
629 598 809 628 convenisse.
848 598 928 635 Quae
943 606 1013 626 cum
1035 596 1079 626 ita

186 638 258 678 sint,
280 651 377 681 usque
401 652 435 671 eo
461 641 498 671 de
522 642 664 671 omnibus
688 641 774 671 bonis
799 641 879 670 male
903 639 1075 675 existimat;

186 691 284 723 usque
300 694 334 713 eo
350 685 497 714 senatoria
509 684 623 723 judicia
637 684 754 724 perdita
775 683 994 724 profligataque
1015 692 1077 712 esse

185 726 360 765 arbitratur,
377 734 411 757 ut
426 728 482 758 hoc
497 728 600 767 palam
622 727 747 765 dictitet,
764 737 825 757 non
848 727 912 757 sine
933 736 1023 755 causa
1045 735 1076 755 se

185 769 333 808 cupidum
348 771 483 810 pecuniae
494 771 596 808 fuisse,
613 770 758 811 quoniam
770 776 890 800 tantum
902 769 933 798 in
949 766 1078 808 pecunia

185 812 361 852 praesidium
377 814 548 854 experiatur
564 824 644 843 esse:
670 823 732 843 sese
750 813 805 851 (id,
829 812 912 853 quod
934 811 1076 841 difficilli-

184 864 273 884 mum
288 855 393 891 fuerit)
416 862 536 897 tempus
559 856 661 896 ipsum
685 856 791 886 emisse
810 854 917 894 judicii
939 854 996 890 sui,
1014 864 1076 894 quo

185 904 292 931 caetera
306 898 424 929 facilius
439 910 536 929 emere
552 905 671 940 posset3
695 904 741 935 ut,
755 898 899 939 quoniam
912 897 1075 928 criminum

184 940 247 971 vim
263 942 468 982 subterfugere
483 943 568 973 nullo
582 942 673 973 modo
687 948 815 983 poterat,
825 941 988 982 procellam
999 946 1077 970 tem-

183 983 265 1024 poris
280 984 433 1015 devitaret.

227 1027 321 1065 Quod
336 1028 360 1058 si
375 1039 437 1059 non
452 1028 543 1060 modo
563 1028 595 1059 in
611 1028 712 1065 causa,
729 1037 834 1059 verum
849 1027 881 1057 in
896 1026 999 1068 aliquo
1017 1025 1074 1056 ho-

182 1076 267 1100 nesto
291 1071 440 1112 praesidio,
468 1078 521 1102 aut
540 1073 669 1112 alicujus
692 1071 865 1112 eloquenti&
888 1076 942 1100 aut
963 1070 1072 1110 gratia,

182 1123 268 1153 spem
284 1115 419 1156 aliquam
435 1115 628 1152 collocassem
652 1115 784 1156 profecto
805 1124 865 1144 non
887 1114 952 1144 haec
971 1113 1074 1143 onmia

182 1157 335 1197 colligeret
344 1164 436 1199 atque
451 1164 651 1199 aucuparetur
665 1170 672 1188 :
697 1167 758 1187 non
774 1167 870 1197 usque
886 1166 919 1186 eo
940 1156 1073 1196 despice-

181 1205 227 1229 ret
238 1207 502 1242 contemneretque
517 1201 653 1231 ordinem
666 1200 860 1238 senatorium,
876 1206 911 1229 ut
926 1199 1073 1230 arbitratu

182 1243 247 1280 ejus
263 1243 443 1284 deligeretur
458 1255 495 1274 ex
511 1250 626 1282 senatu,
643 1244 697 1284 qui
712 1254 779 1273 reus
791 1243 894 1279 fieret3
919 1242 983 1283 qui,
995 1242 1071 1272 dum

180 1284 241 1323 hic,
267 1298 336 1327 quae
360 1298 436 1327 opus
456 1293 564 1324 essent,
588 1292 784 1327 compararet,
809 1296 931 1316 causam
957 1285 1071 1315 interea

180 1334 250 1358 ante
266 1340 337 1359 eum
352 1330 471 1360 diceret.
496 1331 619 1367 Quibus
635 1340 690 1370 ego
706 1331 794 1359 rebus
810 1329 884 1369 quid
895 1329 950 1358 iste
960 1334 1069 1368 speret,

180 1376 211 1400 et
222 1382 283 1412 quo
295 1373 433 1402 animum
448 1373 597 1411 intendat,
614 1373 701 1403 facile
716 1372 871 1413 perspicio.
910 1372 1071 1408 Quamob-

179 1424 245 1443 rem
262 1425 331 1446 vero
342 1426 373 1445 se
388 1416 519 1446 confidat
534 1417 649 1457 aliquid
662 1416 802 1456 perficere
817 1425 913 1455 posse,
926 1415 983 1444 hoc
995 1414 1070 1443 Gla-

179 1457 283 1488 brione
298 1465 434 1499 praetore,
452 1465 480 1489 et
500 1460 556 1489 hoc
576 1459 710 1496 consilio,
734 1458 899 1498 intelligere
922 1467 982 1487 non
1000 1467 1071 1497 pos-

179 1510 258 1531 sum.
284 1502 390 1531 Unum
405 1502 481 1531 illud
497 1502 644 1542 intelligo,
659 1501 754 1542 (quod
769 1501 900 1542 populus
910 1500 1070 1531 Romanus

181 1543 213 1573 in
230 1545 388 1583 rejectione
400 1545 539 1583 judicum
554 1546 647 1586 Judic
648 1551 713 1582 1111)
737 1544 772 1577 811
791 1555 842 1585 spe
864 1544 956 1574 istum
980 1543 1071 1572 fuisse

179 1587 354 1627 praeditum,
381 1594 416 1617 ut
441 1598 563 1617 omnem
585 1589 730 1618 rationem
756 1587 859 1619 salutis
885 1587 917 1616 in
941 1585 1070 1627 pecunia.

179 1636 324 1670 poneret;
348 1631 404 1660 hoc
429 1636 530 1671 erepto
556 1630 706 1671 praesidio,
724 1636 759 1661 ut
783 1631 902 1661 nullam
925 1629 983 1662 sibi
1005 1639 1070 1660 rem

179 1673 357 1713 adjumento
372 1673 435 1705 fore
450 1674 654 1705 arbitraretur.
