1181 1902
185 143 245 174 102
280 142 371 175 PRO
394 142 559 175 ROSCIO
582 141 802 175 COMOEDO.
826 140 909 173 CAP.
925 142 973 173 15.

179 234 288 260 testem
319 227 520 270 [exspectabis
534 229 565 271 ἓ]
597 228 762 259 Petitorem
776 230 790 259 ?
828 227 965 258 Fannius
997 232 1063 257 est:

178 278 284 302 contra
298 282 329 303 se
343 282 503 314 nunquam
517 271 724 303 testimonium
736 271 822 302 dicet.
846 272 948 302 Reum
957 272 971 301 ,⁹
995 270 1068 300 Fla-

180 315 248 345 vius
273 321 326 346 est.
366 315 397 346 Is
420 315 605 356 jampridem
629 320 673 345 est
697 320 846 344 mortuus.
884 313 916 345 Si
941 313 1066 348 viveret,

180 359 272 387 verba
287 359 352 398 ejus
367 358 519 389 audiretis.
550 358 693 388 ,Iudicem
706 359 719 388 ?
752 357 879 387 Cluvius
895 362 947 387 est.
980 356 1067 394 Quid

178 399 204 430 is
225 400 319 431 dicit?
354 401 411 432 HS
445 410 594 432 cccmoo
619 400 754 440 Panurgi
778 400 901 431 nomine
922 399 1065 429 Flavium

178 442 297 474 Fannio
323 444 509 475 dissolvisse:
543 454 635 485 quem
660 450 692 474 tu
717 443 741 473 si
767 454 804 474 ex
826 453 916 473 censu
939 448 1064 482 spectas,

177 496 269 526 eques
293 488 453 518 Romanus
475 494 538 523 est;
567 487 591 517 si
614 497 651 517 ex
673 486 747 523 vita,
770 487 862 516 homo
884 485 1067 516 clarissimus

178 535 242 564 est:
267 530 291 560 si
312 540 349 560 ex
369 536 409 568 te,
429 531 562 570 judicem
584 529 737 565 sumsisti3
763 530 787 559 si
807 540 845 560 ex
866 528 999 566 veritate,
1020 527 1064 566 id,

178 572 262 613 quod
278 573 351 603 scire
368 574 466 614 potuit
481 579 510 603 et
526 573 641 609 debuit,
658 572 744 602 dixit.

221 615 322 656 Nega,
349 626 427 657 nega
451 626 544 653 nunc,
572 615 666 656 equiti
690 616 842 652 Romano,
866 614 985 644 homini
1010 613 1076 659 ho-¹
1153 651 1154 654 Ἴ

178 664 274 695 nesto,
288 659 384 698 judici
396 665 460 697 tuo⁷
473 659 553 690 credi
568 664 711 699 oportere.
735 658 958 698 Circumspicit,
975 662 1066 687 aestu-
1152 682 1154 696 1

178 707 231 731 at:
258 708 348 742 negat
372 712 426 732 nos
447 703 548 733 Cluvii
564 701 770 732 testimonium
786 701 969 731 recitaturos.
1002 700 1065 729 Re·
1153 699 1154 718 l

178 744 348 775 citabimus.
378 745 490 775 Erras:
515 745 599 775 inani
619 751 647 775 et
668 744 752 774 tenui
772 755 824 784 spe
846 750 875 774 te
894 743 1064 773 consolaris.

179 786 287 817 Recita
305 788 512 818 testimonium
532 788 572 818 Τ.
589 787 714 818 Manilii
729 793 758 817 et
773 787 807 817 C.
827 787 930 817 Luscii
945 787 1063 822 Ocreae,

177 829 310 860 duorum
331 837 516 868 senatorum,
536 831 697 862 hominum
717 830 990 870 ornatissimorum,
1011 828 1065 871 qui

177 882 216 903 ex
232 873 342 904 Cluvio
357 875 528 904 audierunt.

190 924 193 926 ·
222 917 465 949 (Testimonium
481 918 517 947 T.
534 916 710 955 Maniliijet
725 917 760 948 C.
774 917 882 947 Lusci}
901 916 1033 952 Ocreae.)

178 958 294 989 Utrum
310 959 408 991 dicis?
436 960 547 990 Luscio
562 966 591 990 et
607 960 750 997 Manilio,
766 970 804 990 an
820 965 849 990 et
864 959 985 996 Cluvio,
1002 968 1064 990 non

177 1011 241 1032 esse
255 1003 439 1034 credendum
451 1005 464 1034 ‚⁹
490 1003 616 1034 Planius
629 1010 721 1044 atque
735 1003 866 1044 apertius
881 1002 989 1033 dicam.

221 1045 296 1076 XV.
324 1046 439 1077 Utrum
466 1046 596 1077 Luscius
619 1052 648 1077 et
672 1046 822 1076 Manilius
845 1045 922 1075 nihil
943 1045 982 1076 de
1005 1044 1063 1076 HS

177 1096 328 1120 cccrooo
357 1100 394 1120 ex
415 1089 525 1120 Cluvio
540 1090 723 1120 audierunt?
753 1099 792 1119 an
808 1088 936 1119 Cluvius
951 1088 1063 1119 falsum

177 1131 290 1162 Luscio
310 1138 339 1163 et
362 1133 493 1163 Manilio
514 1132 617 1164 dixit?
649 1133 719 1163 Hoc
741 1142 796 1173 ego
816 1131 893 1169 loco,
915 1132 1013 1162 soluto
1034 1136 1065 1161 et
1153 1142 1155 1174 χ

176 1175 279 1215 quieto
300 1186 367 1205 sum
388 1176 510 1212 animo;
535 1182 574 1212 et,
591 1186 736 1216 quorsum
756 1174 868 1205 recidat
886 1184 1064 1216 responsum
1153 1185 1155 1209 ι

174 1223 278 1255 tuum,
294 1228 354 1248 non
370 1228 552 1259 magnopere
571 1219 684 1249 laboro.
716 1217 912 1248 Firmissimis
933 1217 1013 1247 enim
1034 1223 1065 1247 et

176 1260 371 1291 sanctissimis
397 1261 576 1292 testimoniis
601 1262 734 1292 virorum
760 1261 945 1301 optimorum
975 1270 1066 1290 causa

176 1303 280 1333 Roscii
301 1305 489 1334 communita
503 1310 555 1334 est.
588 1305 620 1335 Si
638 1305 702 1343 jam
719 1304 773 1334 tibi
792 1303 990 1333 deliberatum
1007 1308 1062 1341 est,

176 1346 288 1386 quibus
304 1348 428 1388 abroges
444 1347 534 1377 fidem
547 1347 757 1387 jurisjurandi,
774 1346 928 1387 responde.
958 1346 1064 1375 Mani-

175 1388 218 1418 lio
234 1395 263 1419 et
279 1389 390 1420 Luscio
405 1400 496 1431 negas
511 1401 573 1420 esse
588 1390 794 1420 credendum?
818 1389 876 1425 dic,
896 1389 993 1419 aude:
1019 1394 1064 1419 est

175 1437 237 1461 tuae
253 1433 459 1470 contumaciae,
476 1433 665 1473 arrogantiae,
678 1433 806 1472 vitaeque
822 1432 979 1469 universae‚
992 1442 1062 1462 vox.

176 1474 262 1512 Quid
278 1483 443 1516 exspectas,
460 1486 554 1517 quam
574 1486 647 1506 mox
668 1486 722 1516 ego
744 1475 891 1506 Luscium
912 1481 942 1505 et
957 1474 1063 1504 Mani·
1154 1477 1155 1503 ἱ

175 1517 254 1548 lium
270 1518 381 1555 dicam,
402 1519 517 1557 ordine,
539 1530 601 1549 esse
621 1525 790 1555 senatores3
814 1524 912 1555 aetate‚
934 1517 1063 1558 grandes

176 1566 271 1596 natu;
296 1562 415 1598 natura,
437 1568 553 1593 sanctos
568 1568 597 1592 et
612 1562 784 1602 religiosos;
809 1561 901 1602 copiis
916 1561 958 1591 rei
972 1560 1064 1590 fami-

175 1603 269 1641 liaris,
285 1604 447 1645 locupletes
463 1611 492 1636 et
506 1605 706 1646 pecuniosos?
736 1605 809 1635 Non
825 1603 942 1634 faciam.
973 1603 1063 1633 Nihil

175 1647 253 1676 mihi
268 1646 437 1686 detraham,
458 1658 529 1679 cum
549 1648 609 1678 illis
631 1654 743 1678 exactae
764 1647 859 1678 aetatis
878 1646 1063 1677 severissime

174 1688 320 1727 fructum,
343 1701 434 1731 quem
454 1697 640 1728 meruerunt,
662 1691 837 1721 retribuam.
870 1689 973 1730 Magis
993 1699 1063 1719 mea

174 1731 373 1764 adolescentia
382 1734 496 1775 indiget
505 1734 627 1764 illorum
637 1734 717 1765 bonit
726 1733 957 1770 existimatione,
968 1741 1061 1773 quam

174 1774 297 1807 illorum
312 1777 497 1809 severissima
512 1783 647 1809 senectus
658 1777 805 1808 desiderat
816 1786 918 1808 meam
928 1775 1060 1806 laudem.
