1181 1902
221 122 273 161 IN
298 127 494 161 VERREM
520 129 585 160 111.
609 129 694 160 clu».
712 130 764 165 75.
873 132 936 161 283

48 227 114 255 vos,
130 216 216 259 quasi
232 215 366 256 exempli
387 214 487 253 causa,
509 215 642 256 proferre
656 226 785 256 possem.
814 216 878 247 Sed
893 222 938 247 ta-

51 270 134 297 men,
151 259 301 300 quidquid
313 259 369 289 erit
383 258 415 288 in
426 259 474 288 his
483 259 604 295 libellis,
622 259 940 300 quantulumcumque

52 302 201 333 videbitur
224 312 298 337 esse,
320 301 376 331 hoc
397 301 520 342 quidem
546 307 624 332 certe
645 302 841 333 manifestum
862 302 937 333 erit:

52 346 89 376 de
104 345 227 382 caeteris,
244 354 281 374 ex
297 344 365 382 hoc,
376 345 580 383 conjecturam
590 344 686 374 facere
696 343 853 375 debebitis.
878 345 941 377 Re-

51 389 110 419 cita
133 387 219 422 mihi,
243 397 357 428 quaeso,
382 387 464 417 hunc
489 387 626 428 primum
649 387 809 424 libellum3
834 387 942 418 deinde

52 432 142 462 illum
154 431 294 461 alterum.

341 473 466 507 (Libe-lli
485 473 651 511 Camdeii.)

93 516 115 547 J
118 527 168 546 am
184 526 244 546 non
260 526 374 557 quaero,
390 515 472 546 unde
484 516 592 547 CCCC
608 516 770 557 amphoras
779 516 943 548 mellisha-

52 560 164 597 bueris,
182 559 263 589 unde
278 565 394 589 tantam
412 558 607 590 Melitensem
623 565 747 597 vestem,
762 559 842 589 unde
854 560 944 600 quin-

51 603 198 644 quaginta
221 602 421 632 tricliniorum
446 602 548 639 lectos,
572 602 653 632 unde
675 608 719 632 tot
742 602 942 633 candelabra:

54 652 127 684 non,
144 646 284 686 inquam,
304 646 369 684 jam
385 655 499 685 quaero,
516 645 598 675 unde
613 645 677 675 haec
692 645 852 675 habueris:
877 645 941 684 sed,

51 699 113 730 quo
135 689 192 718 tibi
214 694 335 718 tantum
356 698 432 728 opus
456 687 559 725 fuerit,
584 688 615 718 id
638 699 750 729 quaero.
785 688 881 718 Mitto
905 688 943 718 de

52 731 161 762 melle:
186 731 238 761 sed
249 737 408 761 tantumne
425 731 647 768 Melitensium,
664 731 750 772 quasi
760 732 852 761 etiam
867 731 944 761 ami-

51 784 157 805 corum
169 784 289 812 uxores,
301 780 424 804 tantum
433 774 592 812 lectorum,
603 774 690 815 quasi
699 774 791 804 etiam
803 775 943 805 omnium

52 818 180 848 istorum
196 817 294 854 villas,
311 823 471 847 ornaturus
487 828 563 847 esses
577 819 590 848 ?

97 860 235 890 LXXV.
261 861 342 890 Cum
361 859 425 890 haee
447 871 615 900 paucorum
639 861 792 891 mensium
814 861 889 892 ratio
910 861 942 892 in

53 903 101 933 his
116 903 227 934 libellis
248 903 298 938 sit,
323 903 423 939 facite,
449 909 483 932 ut
500 903 584 933 vobis
599 904 720 934 triennii
736 904 828 934 totius
842 905 943 934 veniat

51 947 86 976 in
102 952 245 977 mentem.
269 946 319 977 Sic
328 945 496 981 contendo;
514 956 552 976 ex
566 946 613 976 his
628 947 728 987 parvis
743 947 852 977 libellis
861 947 945 988 apud

54 1000 152 1020 unum
169 989 349 1029 magistrum
365 988 513 1019 societatis
528 990 663 1030 repertis,
681 1000 732 1020 vos
744 990 810 1028 jam
828 991 945 1029 conjec-

53 1031 123 1063 tura
139 1032 257 1073 assequi
272 1042 369 1073 posse,
386 1032 558 1070 cujusmodi
572 1032 675 1072 praedo
689 1032 745 1063 iste
759 1033 791 1062 in
806 1033 860 1062 illa
874 1044 946 1074 pro-

55 1075 155 1106 vincia
168 1075 271 1112 fuerit,
285 1085 378 1115 quam
394 1075 507 1105 multas
521 1075 711 1116 cupiditates,
728 1085 822 1116 quarn
838 1076 945 1115 varias,

52 1128 148 1160 quam
170 1118 316 1155 infinitas,
342 1117 502 1153 habuerit;
527 1124 675 1159 quantam
698 1118 860 1158 pecuniam
885 1129 947 1149 non

54 1162 154 1192 solum
171 1166 373 1198 numeratam,
391 1171 497 1191 verum
514 1161 605 1191 etiam
618 1161 795 1200 hujusmodi
810 1161 842 1190 in
857 1163 947 1193 rebus

55 1205 197 1246 positam,
213 1203 393 1234 confecerit:
418 1214 488 1244 quae
504 1204 588 1234 vobis
603 1204 662 1234 alio
676 1203 743 1234 loco
758 1204 880 1245 planius
895 1214 948 1236 ex-

55 1248 261 1289 plicabuntur.

51 1304 53 1306 >
99 1291 193 1321 Nunc
207 1290 264 1321 hoc
279 1290 432 1320 attendite.
457 1289 518 1320 His
533 1290 802 1331 exportationibus,
819 1301 890 1332 quae
902 1302 950 1322 re-

56 1334 154 1365 citatae
166 1339 247 1371 sunt,
265 1333 367 1363 scribit
384 1333 439 1363 HS
457 1333 518 1363 LX
535 1334 628 1364 socios
644 1334 807 1375 perdidisse
823 1344 860 1364 ex
869 1335 949 1366 vice-

54 1376 132 1408 sima
147 1376 271 1417 portorii
287 1376 451 1416 Syracusis.
476 1376 620 1407 Pauculis
629 1377 723 1418 igitur
734 1377 901 1416 mensibus,
913 1386 950 1409 ut

55 1421 89 1450 hi
104 1420 208 1461 pusilli
225 1425 254 1449 et
269 1420 413 1449 contemti
428 1419 524 1449 libelli
540 1419 684 1458 indicant,
706 1420 787 1450 furta
801 1421 948 1461 praetoris,

54 1474 127 1504 quae
142 1469 240 1492 essent
257 1462 312 1492 HS
337 1462 507 1500 duodecies,
533 1472 571 1492 ex
594 1473 655 1493 uno
679 1462 791 1504 oppido
815 1464 878 1494 solo
897 1475 951 1495 ex-

55 1512 177 1547 portata
193 1511 272 1535 sunt.
297 1505 436 1545 Cogitate
452 1515 544 1543 nunc,
556 1515 626 1536 cum
638 1506 691 1536 ina
706 1507 744 1537 sit
758 1506 823 1536 haec
837 1506 949 1548 insula,

55 1560 128 1590 quae
143 1548 279 1589 undique
295 1548 393 1578 exitus
408 1548 577 1578 maritimos
591 1549 712 1587 habeat,
736 1549 812 1590 quid
834 1559 873 1580 ex
894 1561 951 1581 cae-

57 1592 130 1622 teris
145 1592 218 1622 locis
228 1597 423 1631 exportatum
437 1591 549 1632 putetis
560 1602 570 1627 3
595 1592 670 1632 quid
681 1593 864 1633 AgrigentO,
876 1594 952 1634 quid

58 1634 213 1675 Lilybaeo,
237 1634 312 1675 quid
334 1635 499 1673 Panormo,
524 1635 598 1675 quid
614 1636 769 1673 Thermis,
793 1635 868 1676 quid
885 1636 952 1667 Ha-

53 1677 135 1714 desit,
152 1677 227 1718 quid
240 1677 361 1713 Catina,
373 1677 447 1718 quid
460 1688 497 1707 ex
508 1678 620 1709 caeteris
632 1679 751 1720 oppidis
762 1690 771 1715 3
796 1678 871 1719 quid
883 1690 953 1710 vero

63 1720 228 1757 Messan53
253 1730 345 1761 quem
358 1720 412 1750 iste
428 1721 484 1751 sibi
499 1721 601 1751 locum
612 1722 748 1752 maxime
759 1727 862 1751 tutum
875 1723 955 1753 arbi-

62 1764 218 1799 trabatur;
244 1763 297 1794 ubi
320 1763 423 1794 animo
447 1774 565 1805 semper
585 1765 683 1795 soluto
707 1765 863 1806 liberoque
878 1771 954 1804 erat,

57 1806 146 1848 quod
160 1806 218 1838 sibi
233 1807 288 1838 iste
305 1806 510 1839 Mamertinos
524 1807 687 1849 delegerat,
703 1808 742 1840 ad
754 1818 830 1850 quos
842 1809 956 1849 omnia,
