1181 1902
172 190 265 222 PRO
288 190 454 223 ROSCIO
477 189 710 222 AMERINO.
735 189 818 221 CAP.
835 188 886 219 36.
932 188 974 219 δ’.)

85 276 265 317 pervigilet?
289 284 323 308 ut
334 278 455 309 honoris
467 278 513 308 sui
522 277 612 308 causa
619 278 736 308 laboret
749 278 762 307 Ρ
786 281 821 306 ut
833 273 975 316 Capitoni

85 330 180 360 quam
195 321 330 361 primum
346 321 486 352 nuntiet?

129 363 214 400 Quid
227 370 299 399 erat,
312 364 394 405 quod
407 365 586 405 Capitonem
596 363 731 404 primum
742 362 814 393 scire
825 360 974 391 voluerit?

87 405 120 435 N
123 406 218 443 esci03
243 407 300 436 nisi
315 408 371 437 hoe
386 407 483 443 video,
502 407 682 448 Capitonem
698 406 728 435 in
750 405 796 435 his
812 404 897 434 bouis
913 413 976 433 esse

87 449 212 479 socium.
237 449 286 479 De
301 450 396 480 tribus
412 457 440 480 et
455 451 557 480 decem
572 449 685 485 fundis,
700 455 757 478 tres
773 447 976 477 nobilissimos

85 491 196 522 fundos
220 503 290 523 eum
315 493 401 523 video
424 494 582 534 possidere.
614 492 718 522 Audio
740 497 894 532 praeterea,
914 499 976 519 non

86 533 164 564 hanc
180 536 381 576 suspicionem
399 547 479 566 nunc
500 537 636 577 primum
657 536 688 565 in
705 534 885 574 Capitonem
905 542 976 562 con-

87 577 179 607 ferri:
204 579 316 609 multas
339 590 400 609 esse
423 579 550 609 infames
576 579 716 619 palmas3
740 578 818 607 hanc
841 576 974 617 primam

89 630 151 650 esse
168 627 269 651 tamen
284 622 503 660 lemniscatam,
518 634 586 663 quae
600 622 708 651 Romae
722 620 889 650 deferatur:
907 618 978 648 nul-

87 663 156 693 lum
176 664 303 694 modum
329 676 390 695 esse
414 666 545 695 hominis
569 664 734 701 occidendi,
758 673 819 704 quo
843 662 895 692 ille
915 671 978 691 non

87 706 205 746 aliquot
220 708 378 743 occiderit;
404 709 515 738 multos
531 709 620 745 ferro,
637 708 750 737 multos
762 715 885 737 veneno.
911 704 979 734 Ha-

89 750 146 779 beo
172 750 263 780 etiam
290 751 397 789 dicere,
423 762 527 792 quem,
554 757 657 781 contra
676 760 792 779 morem
813 748 977 787 majorum,

89 792 239 823 minorem
255 794 342 824 annis
358 795 431 831 LX,
454 795 490 825 de
511 801 602 835 ponte
622 794 654 823 in
674 793 813 822 Tiberim
828 790 978 830 dejecerit.

92 835 184 873 Quae,
212 836 236 865 si
257 837 411 877 prodierit,
434 843 525 878 atque
545 837 619 867 adeo
641 846 711 866 cum
731 834 884 875 prodierit,
906 833 982 867 (scio

90 878 173 908 enim
188 879 380 919 proditurum
397 887 471 917 esse)
484 880 595 910 audiet.
620 879 732 910 Veniat
748 878 838 908 modo
848 889 857 907 ε
883 876 982 917 expli-

91 927 138 951 cet
153 932 244 951 suum
257 923 399 953 volumen
411 923 500 961 illud,
514 923 596 964 quod
611 922 649 959 ei,
662 923 789 963 planum
805 921 902 950 facere
913 929 983 960 pos-

93 975 174 1002 sum,
191 964 339 996 Erucium
356 966 581 1007 conscripsisse:
606 965 689 1007 quod
704 964 790 995 aiunt
804 964 893 993 illum
910 964 982 993 Sex.

94 1007 205 1038 Roscio
224 1008 398 1047 intentasse,
421 1015 449 1039 et
472 1009 649 1039 minitatum
673 1018 746 1046 esse,
769 1018 799 1038 se
814 1006 917 1037 omnia
931 1004 985 1035 issa

93 1061 148 1091 pro
164 1051 334 1082 testimonio
350 1063 412 1083 esse
427 1052 590 1082 dicturum.
623 1051 653 1082 O
669 1051 850 1092 praeclarum
864 1054 984 1085 testem,

90 1093 208 1132 judices
221 1095 228 1124 l
247 1105 264 1124 o
280 1096 458 1135 gravitatem
468 1095 594 1136 diguam
606 1093 844 1135 exspectatione!
861 1103 878 1122 o
890 1092 986 1122 vitam

94 1137 265 1175 honestam,
282 1144 373 1179 atque
393 1138 553 1178 ejusmodi,
575 1144 610 1168 ut
630 1137 795 1167 libentibus
816 1135 926 1166 animis
946 1133 986 1164 ad

93 1180 158 1218 ejus
182 1180 390 1212 testimonium
415 1187 548 1212 vestrum
574 1180 791 1221 jusjurandum
815 1187 986 1209 accommo-

94 1222 170 1253 detis
183 1223 191 1252 !
218 1224 356 1255 Profecto
380 1235 441 1254 non
468 1231 531 1254 tam
557 1224 713 1265 perspicue
736 1223 864 1252 istorum
893 1220 988 1250 male-

94 1265 163 1296 ficia
178 1266 358 1305 videremus,
376 1268 434 1297 nisi
454 1268 534 1308 ipsos
555 1277 646 1297 caecos
667 1265 803 1296 redderet
823 1263 984 1305 cupiditas,

94 1314 124 1339 et
139 1310 274 1345 avaritia,
292 1316 320 1340 et
336 1311 470 1341 audacia.

140 1352 302 1383 XXXVI.
326 1354 417 1384 Alter
432 1364 469 1384 ex
490 1353 556 1394 ipsit
577 1352 657 1383 caede
672 1352 826 1382 volucrem
842 1349 988 1380 nuntium

97 1394 259 1425 Ameriam
275 1396 313 1426 ad
329 1397 444 1427 socium
459 1403 550 1437 atque
565 1396 603 1425 ad
619 1396 801 1435 magistrum
821 1403 912 1424 suum
930 1392 989 1422 mi-

99 1438 158 1474 sit;
183 1444 228 1476 ut,
250 1438 274 1468 si
295 1439 485 1469 dissimulare
507 1449 611 1469 omnes
633 1444 776 1479 cuperent
796 1447 826 1467 se
846 1436 930 1473 scire,
952 1435 992 1465 ad

100 1491 193 1521 quem
222 1482 407 1512 maleficium
436 1482 609 1522 pertineret,
636 1489 739 1512 tamen
764 1481 828 1520 ipse
853 1485 993 1519 apertum

101 1534 192 1554 suum
209 1525 305 1555 scelus
320 1534 390 1556 ante
405 1525 544 1556 omnium
560 1525 662 1555 oculos
677 1529 810 1565 poneret.
842 1522 933 1553 Alter
953 1521 995 1555 (si

102 1566 172 1596 Diis
187 1567 412 1599 immortalibus
426 1569 537 1609 placet)
550 1567 759 1598 testimonium
775 1565 865 1596 etiam
878 1565 909 1594 in
922 1566 993 1595 Sex.

105 1610 253 1640 Roscium
274 1611 408 1641 dicturus
429 1617 481 1642 est.
515 1610 613 1648 Quasi
633 1620 703 1640 vero
722 1609 754 1639 id
775 1619 856 1638 nuuc
876 1613 995 1648 agatur,

107 1658 224 1690 utrum,
241 1654 265 1683 is
281 1654 364 1695 quod
376 1654 497 1692 dixerit,
508 1653 709 1690 credendum3
726 1662 777 1691 an,
788 1650 870 1693 quod
882 1650 996 1688 fecerit,

106 1695 324 1727 vindicandum
341 1697 388 1728 sit.

149 1738 258 1780 Itaque
273 1750 357 1770 more
372 1741 525 1779 majorum
539 1745 750 1781 comparatum
766 1744 821 1776 est,
838 1743 873 1768 ut
890 1737 922 1769 in
937 1736 997 1766 mi-

103 1781 197 1812 nimis
213 1784 302 1813 rebus
317 1783 456 1814 homines
472 1783 654 1825 amplissimi
669 1781 877 1813 testimonium
891 1780 929 1810 de
944 1780 1001 1810 sua.

105 1834 138 1854 re
154 1835 214 1855 non
229 1826 372 1857 dicerent.
405 1827 584 1866 Africanus,
601 1827 655 1868 qui
675 1836 730 1856 suo
750 1823 929 1865 cognomine
949 1822 1002 1853 de-

104 1867 210 1902 clarat,
226 1869 347 1900 tertiam
370 1875 489 1902 nartem
508 1869 589 1902 orbis
608 1875 760 1902 terrarum
783 1878 816 1899 se
834 1866 998 1902 subegisse,
