1181 1902
290 135 381 168 PRO
406 135 776 175 P.QU1NT10.CA1-
792 137 846 168 31
972 137 1013 168 35

122 208 192 267 gem
208 231 238 256 et
251 224 361 256 liberos
371 225 498 267 (quibus
512 226 636 267 propior
646 225 682 256 P.
696 225 829 264 Quintio
841 235 932 256 nemo
942 231 1014 264 est),

122 274 158 299 ut
169 268 332 309 aliquando
343 268 578 299 misericordiam
591 275 730 310 caperet:
755 269 902 310 aliquam,
916 269 941 299 si
952 279 1014 299 non

122 311 367 361 propinquitatis,
384 317 415 342 at
430 311 525 342 aetatis
535 323 617 347 suae·
641 312 667 342 si
682 322 742 342 non
755 312 872 341 homini
875 322 899 348 5,
912 318 943 342 at
954 312 1014 342 hu-

123 355 288 407 manitatis,
310 355 454 385 rationem
471 355 615 385 haberet·
640 360 674 385 ut
695 365 797 385 secum
818 354 945 395 aliquid,
967 355 1014 385 in-

122 397 207 437 tegra
222 408 277 428 sua
292 397 386 435 fama,
403 396 550 439 qualibet,
571 397 740 428 dummodo
760 398 921 436 tolerabili,
943 408 1015 429 con-

121 439 234 472 ditione
249 441 434 481 transigeret·

165 483 242 514 Ab
234 494 299 524 ipso
314 483 500 524 repudiatus,
523 484 561 513 ab
582 483 687 514 amicis
707 484 772 523 ejus
792 493 853 514 non
874 484 1015 514 subleva-

123 531 184 562 tus,
201 527 239 557 ab
258 527 342 556 omni
360 527 539 567 magistratu
562 527 694 567 agitatus
715 533 806 567 atque
825 527 1013 567 perterritus,

123 579 216 610 quem
234 576 342 610 praeter
362 576 391 600 te
409 570 552 611 appellet,
572 570 664 600 habet
683 570 847 600 neminem.
876 569 950 600 Tibi
971 580 1013 607 se,

123 612 178 643 tibi
194 623 263 643 suas
278 623 383 643 omnes
404 624 475 654 opes
495 613 703 654 summasque,
720 612 934 643 commendat:
957 613 1013 643 tibi

122 655 285 686 committit
315 656 569 686 existimationem
599 666 634 687 ac
664 666 748 697 spem
778 656 904 696 reliquae
933 656 1013 686 vitae.

121 693 236 729 Multis
251 704 377 729 vexatus
397 699 600 736 contumeliis,
621 689 762 740 plurimis
780 700 911 738 jactatus
931 699 1014 738 inju-

116 741 184 778 -riis,
199 752 260 772 non
277 742 373 783 turpis
388 742 427 772 ad
446 749 487 779 te,
510 742 561 772 sed
580 742 682 791 miser,
704 742 861 782 confugit:
886 752 903 772 e
917 741 1015 773 fundo

121 785 311 815 ornatissimo
324 785 471 834 dejectus,
492 785 668 826 ignominiis
685 785 829 816 omnibus
849 785 1013 825 appetitus,

120 838 192 858 cum
212 828 301 858 inum
322 829 353 858 in
376 829 437 859 suis
457 829 590 870 paternis
610 828 697 859 bonis
718 828 868 858 dominari
887 827 1012 866 videret,

119 870 184 912 ipse
207 871 277 902 filiae
298 871 397 902 nubili
419 872 521 902 dotem
544 872 689 902 conficere
711 881 770 901 non
797 876 908 912 posset,
936 851 1013 901 nihil

119 914 255 944 alienum
275 920 377 944 tamen
400 915 462 945 vita
484 915 637 955 superiore
657 914 817 945 commisit.
854 914 963 956 Itaque
983 920 1014 945 te

119 956 178 987 hoe
197 959 342 995 obsecrat,
359 957 395 988 C.
411 958 546 999 Aquini,
566 963 612 993 ut,
629 968 722 999 quam
744 957 1012 995 existimationem,

120 1010 215 1041 quarn
239 1001 441 1039 honestatem,
465 1001 497 1031 in
520 1001 670 1040 judicium
697 1006 799 1037 tuum,
824 1011 918 1041 prope
947 1000 1015 1031 acta

116 1043 183 1082 jam
199 1049 286 1074 aetate
301 1044 505 1093 decursaque,
515 1044 629 1081 attulit,
643 1054 710 1074 earn
721 1044 810 1074 liceat
825 1043 852 1073 ei
862 1054 964 1074 secum
975 1054 1013 1074 ex

120 1085 177 1116 hoc
197 1086 262 1117 loco
286 1087 409 1117 efferre:
435 1097 474 1117 ne
497 1087 534 1123 15,
556 1087 594 1117 de
613 1088 701 1127 cujus
721 1087 819 1117 officio
841 1096 932 1117 nemo
954 1097 1014 1116 un-

120 1140 214 1170 quam
231 1129 392 1166 dubitavit,
409 1130 596 1171 sexagesimo
605 1130 737 1171 denique
751 1140 843 1167 ann0,
856 1129 1012 1168 dedecore,

119 1173 252 1208 macula,
269 1173 506 1214 turpissimaque
520 1173 690 1213 ignominia}
705 1178 826 1203 notetur
837 1184 846 1202 z
870 1183 909 1203 ne
923 1183 1013 1203 orna-

119 1215 231 1246 mentis
246 1217 310 1255 ejus
325 1217 452 1246 omnibu
455 1227 468 1246 s
487 1217 558 1247 Sex.
576 1217 702 1247 Naevius
717 1227 772 1257 pro
788 1216 890 1257 spoliis
905 1217 1013 1246 abuta-

120 1264 190 1288 tur:
214 1269 253 1289 ne
266 1269 321 1300 per
335 1264 365 1290 te
379 1259 466 1296 ferat,
483 1259 660 1300 quominus,
682 1270 752 1301 quae
771 1259 954 1290 existimatio
974 1259 1011 1289 P.

120 1300 287 1339 Quintium
302 1313 400 1344 usque
414 1303 453 1333 ad
468 1308 653 1334 senectutem
668 1301 823 1345 perduxit,
839 1302 946 1333 eadem
961 1312 1013 1333 us-

121 1354 182 1386 que
195 1345 235 1376 ad
249 1355 359 1387 rogum
374 1351 583 1388 prosequatur.
