1181 1902
217 78 280 107 410
404 75 455 107 IN
479 74 676 107 VERREM
701 73 744 105 V.
766 73 850 105 CAP.
867 75 918 104 25.

216 163 297 193 linus
320 162 471 199 dissuasit,
495 161 573 192 sicut
592 161 694 202 ipsum
713 159 811 191 dicere
830 159 966 191 audistis.
1000 159 1108 191 Recita

218 205 409 246 Archagathi
423 212 453 235 et
468 204 594 235 Lentuli
607 204 825 234 testimonium.

261 249 315 285 Et,
332 259 370 278 ne
382 248 457 278 forte
468 247 624 278 hominem
636 247 812 277 existimetis
822 247 901 277 hanc
916 251 1033 276 tantam
1045 245 1110 277 vim

218 292 437 322 emblematum
456 291 518 321 sine
543 289 632 320 causa
653 300 824 320 coacervare
842 289 981 325 voluisse,
999 288 1108 327 videte,

219 334 326 376 quanti
342 344 404 372 vos,
427 333 534 375 quanti
556 333 809 363 existimationem
833 332 939 373 populi
962 331 1109 370 Romani,

220 378 327 419 quanti
342 378 423 417 leges
439 383 468 407 et
480 376 606 416 judicia,
623 375 730 417 quanti
741 382 828 406 testes
844 375 961 405 Siculos
976 374 1111 414 negotia-

221 427 371 461 toresque,
388 420 500 450 fecerit.
529 420 732 460 Posteaquam
748 424 865 449 tantam
881 417 1112 448 multitudinem

222 464 382 503 collegerat
392 463 622 499 emblematum,
633 470 668 492 ut
677 472 715 492 ne
725 472 823 492 unum
834 461 958 501 quidem
968 460 1113 501 cuiquam

221 506 391 547 reliquisset
401 517 409 541 ς
426 505 558 536 instituit
567 505 718 535 officinam
726 504 881 545 Syracusis
890 504 921 533 in
932 503 1014 544 regia
1025 513 1114 533 max-

221 549 327 579 imam.
352 549 460 579 Palam
475 548 633 589 [artifices]
646 558 762 585 omnes,
780 548 941 583 caelatores,
959 557 993 576 ac
1008 556 1114 576 vascu-

222 592 323 627 larios,
340 592 496 622 convocari
509 593 617 631 jubet;
642 599 671 621 et
686 591 750 632 ipse
764 601 832 620 suos
844 590 1013 630 complures
1022 589 1116 620 habe-

223 636 285 665 bat.
309 636 357 665 Eo
374 635 514 665 conducit
528 644 673 675 magnam
685 634 847 664 hominum
863 632 1113 662 multitudinem:

224 688 342 708 menses
358 684 423 708 octo
439 678 597 708 continuos
612 687 688 718 opus
709 677 756 707 his
771 686 831 706 non
852 675 960 713 defuit,
979 685 1049 705 cum
1065 685 1118 705 vas

226 722 349 751 nullum
366 721 460 757 fieret,
477 721 534 750 nisi
549 730 685 750 aureum.
722 719 808 749 Tum
823 719 887 755 illa,
904 729 941 748 ex
955 718 1074 758 patellis
1090 723 1120 748 et

226 764 391 794 thuribulis
407 774 476 804 quae
485 764 619 799 vellerat,
632 763 676 792 ita
690 762 761 792 scite
776 762 808 791 in
820 761 917 791 aureis
928 761 1045 801 poculis
1059 761 1120 790 illi-

228 808 331 847 gabat,
348 807 391 836 ita
406 812 476 847 apte
490 806 522 835 in
537 805 657 846 scyphis
672 805 770 835 aureis
784 803 969 841 includebat,
986 809 1021 833 ut
1037 814 1072 834 ea
1082 803 1122 833 ad

229 850 314 880 illam
330 860 394 879 rem
411 855 482 879 nata
497 859 559 879 esse
574 848 705 878 diceres:
729 847 793 888 ipse
815 853 917 876 tamen
932 851 1052 887 praetor,
1069 846 1124 887 qui

228 893 284 923 su⁶a
300 890 456 933 vigilanti&
470 902 576 932 pacem
591 892 624 921 in
640 889 742 921 Sicih'a
757 890 829 920 dicit
843 889 946 927 fuisse,
962 889 994 919 in
1009 889 1066 919 hac
1077 889 1124 920 of-

229 935 319 966 ficina
334 936 482 974 majorem
502 940 620 975 partem
641 933 701 964 diei
716 943 786 964 cum
806 931 909 963 tunica
922 930 1008 973 pullzi
1022 931 1124 962 sedere

231 979 357 1015 solebat,
375 984 404 1008 et
418 978 521 1018 pallio.

272 1021 383 1051 XXV.
409 1021 486 1051 Haec
507 1030 574 1061 ego,
589 1019 717 1059 judices,
734 1028 795 1049 non
811 1017 954 1048 auderem
978 1017 1122 1059 proferre,

230 1064 263 1096 ni
279 1075 406 1101 vererer,
423 1074 461 1094 ne
475 1064 553 1094 forte
567 1064 656 1104 plura
671 1063 708 1092 de
719 1062 776 1092 isto
792 1063 830 1091 ab
846 1061 912 1091 aliis
927 1061 959 1092 in
974 1071 1124 1100 sermone,

231 1118 326 1149 quam
336 1118 354 1137 a
362 1118 412 1136 me
422 1107 453 1136 in
463 1106 590 1146 judicio,
598 1106 717 1136 audisse
727 1115 779 1135 vos
791 1104 935 1134 diceretis.
952 1103 1032 1142 Quis
1042 1104 1125 1134 enim

232 1156 287 1188 est,
305 1150 359 1191 qui
383 1150 420 1180 de
435 1150 492 1180 hac
507 1149 637 1185 officina,
660 1148 713 1190 qui
728 1148 766 1178 de
780 1147 858 1178 vasis
874 1147 984 1184 aureis,
1009 1147 1062 1188 qui
1085 1147 1124 1178 de

231 1193 317 1224 istius
332 1193 435 1234 pallio,
452 1193 556 1223 tunica
570 1191 669 1233 pulla,
686 1201 747 1221 non
759 1190 913 1221 audierit?
946 1189 1050 1227 Quem
1070 1200 1124 1220 vo-

230 1237 274 1267 les
297 1236 334 1266 de
360 1242 509 1266 conventu
535 1236 793 1276 Syracusanorum
808 1233 908 1264 virum
928 1234 1044 1263 bonum
1069 1243 1125 1263 no-

232 1280 349 1310 minato
363 1290 370 1309 :
395 1279 571 1319 producam.
596 1278 699 1308 Nemo
714 1277 781 1316 erit,
805 1276 881 1318 quin
895 1275 953 1306 hoc
967 1286 998 1306 se
1012 1281 1066 1306 aut
1079 1275 1125 1307 vi-

234 1322 312 1352 disse
328 1327 381 1352 aut
396 1322 517 1352 audisse
529 1322 619 1352 dicat.

276 1366 306 1396 Ο
328 1365 485 1405 tempora!
516 1375 534 1395 o
553 1363 673 1394 mores!
707 1362 798 1393 Nihil
809 1361 942 1392 nimium
956 1367 1042 1392 vetus
1057 1372 1127 1402 pro-

235 1409 341 1439 feram.
366 1409 445 1438 Sunt
459 1410 605 1444 vestrum,
619 1406 747 1446 judices,
764 1405 1003 1446 aliquammulti,
1019 1405 1073 1446 qui
1087 1405 1126 1436 L.

236 1452 378 1482 Pisonem
396 1456 613 1491 cognoverunt,
629 1450 722 1489 hujus
742 1449 780 1479 L.
799 1448 929 1487 Pisonis,
946 1448 1000 1489 qui
1020 1453 1131 1489 praetor

235 1494 306 1531 fuit,
323 1500 450 1534 patrem.
475 1494 507 1524 Is
523 1504 592 1524 cum
605 1498 681 1523 esset
696 1493 728 1523 in
750 1491 902 1532 Hispania
916 1497 1037 1531 praetor,
1054 1490 1132 1532 (qu'a.

236 1537 267 1568 in
283 1536 439 1578 provincia
453 1536 566 1567 occisus
582 1542 638 1573 est)
654 1534 754 1566 nescio
765 1545 827 1575 quo
836 1539 934 1575 pact0,
951 1533 1025 1564 dum
1038 1533 1131 1566 armis

236 1586 402 1618 exercetur,
413 1580 546 1610 annulus
561 1589 681 1617 aureus,
692 1588 784 1620 quem
795 1578 938 1614 habebat,
951 1576 1064 1607 fractus
1073 1582 1129 1616 est,

236 1629 266 1654 et
277 1623 493 1654 comminutus.
510 1622 592 1653 Cum
602 1623 693 1652 vellet
703 1621 760 1652 sibi
770 1620 920 1650 annulum
929 1619 1037 1657 facere,
1050 1619 1132 1650 auri-

237 1666 324 1696 ficem
337 1666 429 1705 jussit
440 1666 539 1696 vocari
551 1665 583 1695 in
598 1665 675 1702 foro,
688 1665 727 1695 ad
742 1664 860 1701 sellam,
877 1663 1049 1699 Cordubae;
1066 1668 1096 1693 et
1104 1662 1131 1693 ei

237 1710 340 1750 palam
356 1709 501 1750 appendit
513 1717 633 1740 aurum.
659 1707 828 1738 Hominem
839 1706 872 1737 in
887 1706 952 1738 foro
963 1706 1068 1737 sellam
1081 1706 1132 1745 ju-
