1181 1902
256 55 307 86 IN
332 54 528 86 VERREM
555 55 594 85 V.
619 54 703 86 CAP.
728 55 778 84 26.
899 53 958 82 411

68 141 119 173 bet
132 150 254 182 ponere,
270 149 300 171 et
314 140 412 171 facere
420 142 583 178 annulum,
596 141 739 171 omnibus
751 139 960 180 praesentibus.

68 183 214 214 Nimium
229 184 353 214 fortasse
363 184 441 215 dicet
451 185 560 224 aliquis
569 184 652 214 hunc
664 183 852 223 diligentem.
878 181 908 211 H
913 191 963 211 ac-

70 232 159 258 tenus
174 226 384 268 reprehendat,
400 227 424 257 si
440 228 508 267 quis
523 227 622 257 volet:
648 226 725 256 nihil
741 225 882 266 amplius.
900 224 963 254 Ve-

68 279 138 300 rum
162 270 221 300 fuit
247 270 274 300 ei
298 269 525 300 concedendum
540 281 547 300 ε
572 269 653 300 filius
678 269 761 300 enim
784 268 822 298 L.
846 266 966 298 Pisonis

71 319 147 351 erat,
164 313 241 352 ejus,
258 312 312 353 qui
326 312 444 353 primus
464 312 502 343 de
516 312 652 354 pecuniis
675 311 849 352 repetundis
863 310 965 351 legem

69 355 149 386 tulit.

113 397 293 429 Ridiculum
309 404 364 436 est,
381 407 464 428 nunc
481 398 519 428 de
533 398 630 429 Verre
644 407 695 427 me
710 397 819 434 dicere,
840 405 911 426 cum
927 394 965 425 de

70 440 181 472 Pisone
194 441 289 482 Frugi
299 441 439 471 dixerim.
463 441 698 477 Verumtamen,
712 446 863 480 quantum
873 439 966 468 inter-

70 484 119 522 sit,
136 484 243 515 videte.
274 484 348 522 Iste,
365 494 436 514 cum
452 484 569 525 aliquot
585 485 748 513 abacorum
770 482 881 512 faceret
896 491 968 511 vasa

70 538 172 565 aurea,
183 537 244 557 non
252 527 412 563 laboravit,
423 526 509 568 quid,
521 536 581 556 non
592 526 684 557 modo
696 526 727 555 in
739 525 853 560 Sicilia,
861 534 967 554 verum

71 569 163 600 etiam
176 570 285 600 Romae
301 569 332 599 in
342 569 468 609 judicio,
485 569 612 599 audiret.
638 569 707 605 Ille,
724 568 756 598 in
768 567 834 598 auri
846 576 969 597 semun-

71 612 129 649 cia,
145 618 241 643 totam
257 612 443 653 Hispaniam
460 613 534 643 scire
548 612 656 650 voluit,
681 611 763 642 unde
778 610 900 652 praetori
915 619 969 639 an-

71 656 164 686 nulus
179 656 273 686 fieret.
298 655 469 693 Nimirum,
487 662 522 686 ut
532 655 582 686 hic
597 665 710 686 nomen
725 664 818 685 suum
830 662 969 694 compro-

70 699 166 736 bavit,
183 698 225 729 sic
235 698 287 729 ille
301 708 480 738 cognomen.

113 741 243 772 XXVI.
267 741 366 771 Nullo
390 741 482 772 modo
505 751 629 782 possum
651 740 756 771 omnia
778 739 865 769 istius
888 737 970 768 facta

72 790 126 815 aut
148 784 296 815 memoria
316 785 471 825 consequi,
484 791 539 815 aut
553 784 687 814 oratione
703 782 872 823 complecti.
907 780 970 811 Ge-

73 838 146 858 nera
160 827 227 868 ipsa
241 827 331 868 cupio
354 827 483 858 breviter
499 827 666 867 attingere;
690 832 725 856 ut
743 826 793 856 hic
814 824 905 855 modo
919 834 971 854 me

72 870 262 901 commonuit
278 870 397 900 Pisonis
412 870 556 907 annulus,
574 870 658 910 quod
677 874 777 900 totum
800 868 969 899 effluxerat.

73 913 180 951 Quam
202 913 310 943 multis
330 913 423 943 istum
445 913 561 954 putatis
583 913 760 943 horninibus
782 911 915 942 honestis
932 910 970 940 de

74 956 177 997 digitis
192 955 322 986 annulos
338 966 444 986 aureos
456 956 637 986 abstulisse?
661 956 835 995 Nunquam
850 953 972 984 dubita-

74 999 130 1036 vit,
147 998 399 1040 quotiescumque
414 999 543 1038 alicujus
563 1005 616 1029 aut
637 999 761 1039 gemma
783 1003 836 1027 aut
856 996 971 1027 annulo

76 1042 241 1073 delectatus
257 1047 310 1072 est.
335 1042 549 1073 Incredibilem
562 1052 625 1072 rem
641 1041 752 1078 dicam,
768 1040 820 1071 sed
832 1046 895 1070 tam
911 1040 972 1070 cla-

77 1095 156 1122 ram,
171 1090 206 1115 ut
221 1085 323 1125 ipsum
339 1091 523 1125 negaturum
534 1095 595 1115 non
608 1084 744 1115 arbitrer.

119 1128 200 1159 Cum
217 1127 374 1166 Valentio,
391 1128 456 1167 ejus
471 1128 639 1169 interpreti,
657 1127 783 1168 epistola
798 1126 971 1166 Agrigento

77 1171 170 1201 allata
184 1176 270 1209 esset,
288 1181 358 1201 casu
372 1170 494 1211 signum
509 1171 565 1201 iste
576 1170 791 1201 animadvertit
802 1170 834 1199 in
846 1168 971 1199 cretula.

76 1213 196 1244 Placuit
211 1213 257 1244 ei:
283 1213 457 1255 exquisivit,
482 1214 564 1244 unde
586 1220 661 1244 esset
676 1213 823 1254 epistola:
848 1221 972 1252 respon-

74 1257 130 1295 dit,
146 1256 327 1297 AgrigentO.
352 1257 415 1287 Iste
423 1257 536 1295 literas,
549 1257 588 1287 ad
600 1267 676 1298 quos
688 1257 813 1293 solebat,
829 1255 924 1291 misit,
937 1260 972 1284 ut

74 1300 99 1330 is
114 1299 246 1330 annulus
267 1299 306 1329 ad
327 1310 357 1330 se
377 1300 477 1340 primo
503 1310 625 1341 quoque
645 1305 781 1339 tempore
805 1298 970 1328 afferretur.

77 1344 138 1380 Ita,
154 1342 248 1373 literis
262 1342 360 1379 istius,
377 1343 600 1383 patrifamilias,
618 1342 656 1373 L.
670 1342 755 1372 Titio
767 1341 900 1378 cuidam,
913 1339 972 1370 civi

75 1386 230 1422 Romano,
247 1386 380 1416 annulus
400 1385 437 1416 de
456 1386 551 1426 digito
571 1386 722 1416 detractus
738 1390 791 1415 est.
826 1384 887 1414 Illa
901 1393 972 1414 vero

75 1429 141 1469 ejus
163 1428 313 1469 cupiditas
333 1428 516 1459 incredibilis
537 1434 590 1459 est.
623 1429 721 1466 Nam,
745 1434 780 1458 ut
799 1427 831 1457 in
851 1426 972 1467 singula

77 1471 242 1509 conclavia,
259 1482 329 1512 quae
340 1471 396 1502 iste
410 1482 472 1502 non
488 1472 580 1502 modo
591 1472 713 1508 Romae,
725 1470 777 1501 sed
785 1470 818 1500 in
829 1470 972 1500 omnibus

77 1515 157 1546 villis
172 1515 277 1552 habet,
293 1514 422 1546 tricenos
441 1515 532 1545 lectos
554 1514 669 1555 optime
685 1519 803 1552 stratos,
820 1523 890 1543 cum
913 1523 972 1543 cae-

75 1558 147 1588 teris
172 1558 358 1588 ornamentis
380 1557 521 1595 convivii,
545 1563 704 1599 quaereret,
725 1557 857 1587 nimium
873 1555 973 1586 multa

75 1610 250 1642 comparare
264 1600 425 1631 videretur.
450 1601 548 1631 Nulla
559 1601 669 1631 domus
678 1601 711 1630 in
722 1599 827 1631 Sicilia
835 1598 971 1639 locuples

76 1643 147 1681 fuit,
164 1643 219 1674 ubi
233 1643 289 1673 iste
303 1653 365 1674 non
381 1644 548 1675 textrinum
560 1643 732 1674 instituerit.

119 1686 236 1717 Mulier
251 1692 296 1716 est
312 1688 488 1727 Segestana,
513 1687 651 1728 perdives
671 1691 701 1717 et
716 1685 838 1724 nobilis,
860 1684 971 1716 Lamia

75 1729 209 1762 nomine.
243 1729 304 1760 Per
329 1730 495 1761 triennium
516 1730 577 1768 isti,
602 1730 695 1771 plena
715 1729 808 1760 domo
828 1729 971 1765 telarum,
