<?xml version="1.0" encoding="UTF-8"?>
<!DOCTYPE html PUBLIC "-//W3C//DTD XHTML 1.0 Transitional//EN"
    "http://www.w3.org/TR/xhtml1/DTD/xhtml1-transitional.dtd">
<html xmlns="http://www.w3.org/1999/xhtml" xml:lang="en" lang="en">
 <head>
  <title>
</title>
<meta http-equiv="Content-Type" content="text/html;charset=utf-8" />
  <meta name='ocr-system' content='tesseract 3.04.00' />
  <meta name='ocr-capabilities' content='ocr_page ocr_carea ocr_par ocr_line ocrx_word'/>
</head>
<body>
  <div class='ocr_page' id='page_1' title='image "./operaern05ciceuoft_0189.png"; bbox 0 0 1181 1902; ppageno 0'>
   <div class='ocr_carea' id='block_1_1' title="bbox 265 50 965 87">
    <p class='ocr_par' dir='ltr' id='par_1_1' title="bbox 265 50 965 87">
     <span class='ocr_line' id='line_1_1' title="bbox 265 50 965 87; baseline -0.004 -3"><span class='ocrx_word' id='word_1_1' title='bbox 265 52 315 84; x_wconf 94' lang='lat' dir='ltr'>IN</span> <span class='ocrx_word' id='word_1_2' title='bbox 340 51 535 84; x_wconf 86' lang='lat' dir='ltr'><strong>VERREM</strong></span> <span class='ocrx_word' id='word_1_3' title='bbox 564 52 609 84; x_wconf 91' lang='lat'>11.</span> <span class='ocrx_word' id='word_1_4' title='bbox 627 51 711 84; x_wconf 78' lang='lat' dir='ltr'>CAP.</span> <span class='ocrx_word' id='word_1_5' title='bbox 727 52 778 83; x_wconf 78' lang='lat'>26.</span> <span class='ocrx_word' id='word_1_6' title='bbox 905 50 965 87; x_wconf 85' lang='lat'>177</span> 
     </span>
    </p>
   </div>
   <div class='ocr_carea' id='block_1_2' title="bbox 63 137 974 1767">
    <p class='ocr_par' dir='ltr' id='par_1_2' title="bbox 66 137 974 1381">
     <span class='ocr_line' id='line_1_2' title="bbox 123 137 969 179; baseline -0.002 -10"><span class='ocrx_word' id='word_1_7' title='bbox 123 137 232 169; x_wconf 85' lang='lat' dir='ltr'>XXV.</span> <span class='ocrx_word' id='word_1_8' title='bbox 256 138 332 169; x_wconf 84' lang='lat' dir='ltr'>Erat</span> <span class='ocrx_word' id='word_1_9' title='bbox 355 149 454 169; x_wconf 88' lang='lat' dir='ltr'>comes</span> <span class='ocrx_word' id='word_1_10' title='bbox 476 139 542 178; x_wconf 87' lang='lat' dir='ltr'>ejus</span> <span class='ocrx_word' id='word_1_11' title='bbox 564 138 701 169; x_wconf 85' lang='lat' dir='ltr'><strong>Rubrius</strong></span> <span class='ocrx_word' id='word_1_12' title='bbox 722 137 859 179; x_wconf 76' lang='lat' dir='ltr'>quidam,</span> <span class='ocrx_word' id='word_1_13' title='bbox 875 137 969 168; x_wconf 88' lang='lat' dir='ltr'>homo</span> 
     </span>
     <span class='ocr_line' id='line_1_3' title="bbox 80 181 971 222; baseline -0.002 -10"><span class='ocrx_word' id='word_1_14' title='bbox 80 181 177 212; x_wconf 80' lang='lat' dir='ltr'>factus</span> <span class='ocrx_word' id='word_1_15' title='bbox 193 182 230 212; x_wconf 86' lang='lat' dir='ltr'>ad</span> <span class='ocrx_word' id='word_1_16' title='bbox 246 181 331 212; x_wconf 88' lang='lat' dir='ltr'>istius</span> <span class='ocrx_word' id='word_1_17' title='bbox 346 182 497 217; x_wconf 80' lang='lat' dir='ltr'>libidines,</span> <span class='ocrx_word' id='word_1_18' title='bbox 514 182 568 222; x_wconf 90' lang='lat' dir='ltr'>qui</span> <span class='ocrx_word' id='word_1_19' title='bbox 585 182 661 211; x_wconf 89' lang='lat' dir='ltr'>miro</span> <span class='ocrx_word' id='word_1_20' title='bbox 673 181 809 218; x_wconf 77' lang='lat' dir='ltr'>artificio,</span> <span class='ocrx_word' id='word_1_21' title='bbox 822 190 971 222; x_wconf 89' lang='lat' dir='ltr'>quocum-</span> 
     </span>
     <span class='ocr_line' id='line_1_4' title="bbox 80 223 968 265; baseline 0 -11"><span class='ocrx_word' id='word_1_22' title='bbox 80 235 140 265; x_wconf 87' lang='lat' dir='ltr'>que</span> <span class='ocrx_word' id='word_1_23' title='bbox 161 231 293 262; x_wconf 79' lang='lat' dir='ltr'>venerat,</span> <span class='ocrx_word' id='word_1_24' title='bbox 309 225 374 255; x_wconf 81' lang='lat' dir='ltr'>haec</span> <span class='ocrx_word' id='word_1_25' title='bbox 395 225 574 264; x_wconf 78' lang='lat' dir='ltr'>investigare</span> <span class='ocrx_word' id='word_1_26' title='bbox 592 224 695 254; x_wconf 88' lang='lat' dir='ltr'>omnia</span> <span class='ocrx_word' id='word_1_27' title='bbox 718 225 841 254; x_wconf 80' lang='lat' dir='ltr'>solebat.</span> <span class='ocrx_word' id='word_1_28' title='bbox 877 224 909 254; x_wconf 91' lang='lat' dir='ltr'>Is</span> <span class='ocrx_word' id='word_1_29' title='bbox 930 223 968 253; x_wconf 74' lang='lat' dir='ltr'>ad</span> 
     </span>
     <span class='ocr_line' id='line_1_5' title="bbox 79 267 969 308; baseline -0.001 -11"><span class='ocrx_word' id='word_1_30' title='bbox 79 277 150 297; x_wconf 85' lang='lat' dir='ltr'>eum</span> <span class='ocrx_word' id='word_1_31' title='bbox 165 278 229 298; x_wconf 89' lang='lat' dir='ltr'>rem</span> <span class='ocrx_word' id='word_1_32' title='bbox 244 268 333 298; x_wconf 86' lang='lat' dir='ltr'>istam</span> <span class='ocrx_word' id='word_1_33' title='bbox 349 267 443 297; x_wconf 82' lang='lat' dir='ltr'>defert</span> <span class='ocrx_word' id='word_1_34' title='bbox 457 279 464 297; x_wconf 92' lang='lat'><strong>:</strong></span> <span class='ocrx_word' id='word_1_35' title='bbox 484 267 701 298; x_wconf 77' lang='lat' dir='ltr'>Philodamum</span> <span class='ocrx_word' id='word_1_36' title='bbox 717 277 779 297; x_wconf 86' lang='lat' dir='ltr'>esse</span> <span class='ocrx_word' id='word_1_37' title='bbox 791 267 969 308; x_wconf 85' lang='lat' dir='ltr'>quemdam,</span> 
     </span>
     <span class='ocr_line' id='line_1_6' title="bbox 78 309 974 351; baseline -0.001 -11"><span class='ocrx_word' id='word_1_38' title='bbox 78 320 199 350; x_wconf 81' lang='lat' dir='ltr'>genere,</span> <span class='ocrx_word' id='word_1_39' title='bbox 224 310 347 348; x_wconf 83' lang='lat' dir='ltr'>honore,</span> <span class='ocrx_word' id='word_1_40' title='bbox 373 310 477 351; x_wconf 87' lang='lat' dir='ltr'>copiis,</span> <span class='ocrx_word' id='word_1_41' title='bbox 502 310 733 346; x_wconf 74' lang='lat' dir='ltr'>existimatione,</span> <span class='ocrx_word' id='word_1_42' title='bbox 751 310 837 340; x_wconf 88' lang='lat' dir='ltr'>facile</span> <span class='ocrx_word' id='word_1_43' title='bbox 860 309 974 350; x_wconf 90' lang='lat' dir='ltr'>princi-</span> 
     </span>
     <span class='ocr_line' id='line_1_7' title="bbox 78 352 971 394; baseline 0 -11"><span class='ocrx_word' id='word_1_44' title='bbox 78 363 150 393; x_wconf 87' lang='lat' dir='ltr'>pem</span> <span class='ocrx_word' id='word_1_45' title='bbox 174 354 475 394; x_wconf 81' lang='lat' dir='ltr'>Lampsacenorum:</span> <span class='ocrx_word' id='word_1_46' title='bbox 500 354 566 392; x_wconf 90' lang='lat' dir='ltr'>ejus</span> <span class='ocrx_word' id='word_1_47' title='bbox 592 363 654 383; x_wconf 89' lang='lat' dir='ltr'>esse</span> <span class='ocrx_word' id='word_1_48' title='bbox 676 352 783 391; x_wconf 83' lang='lat' dir='ltr'>filiam,</span> <span class='ocrx_word' id='word_1_49' title='bbox 807 364 876 394; x_wconf 86' lang='lat' dir='ltr'>quae</span> <span class='ocrx_word' id='word_1_50' title='bbox 898 363 971 383; x_wconf 90' lang='lat' dir='ltr'>cum</span> 
     </span>
     <span class='ocr_line' id='line_1_8' title="bbox 79 395 971 437; baseline 0 -11"><span class='ocrx_word' id='word_1_51' title='bbox 79 402 165 436; x_wconf 88' lang='lat' dir='ltr'>patre</span> <span class='ocrx_word' id='word_1_52' title='bbox 179 397 339 433; x_wconf 82' lang='lat' dir='ltr'>habitaret,</span> <span class='ocrx_word' id='word_1_53' title='bbox 365 403 523 437; x_wconf 86' lang='lat' dir='ltr'>propterea</span> <span class='ocrx_word' id='word_1_54' title='bbox 537 395 620 436; x_wconf 83' lang='lat' dir='ltr'>quod</span> <span class='ocrx_word' id='word_1_55' title='bbox 635 396 734 426; x_wconf 88' lang='lat' dir='ltr'>virum</span> <span class='ocrx_word' id='word_1_56' title='bbox 751 406 812 425; x_wconf 88' lang='lat' dir='ltr'>non</span> <span class='ocrx_word' id='word_1_57' title='bbox 834 396 971 433; x_wconf 88' lang='lat' dir='ltr'>haberet,</span> 
     </span>
     <span class='ocr_line' id='line_1_9' title="bbox 77 438 971 479; baseline 0 -11"><span class='ocrx_word' id='word_1_58' title='bbox 77 439 239 470; x_wconf 87' lang='lat' dir='ltr'>mulierem</span> <span class='ocrx_word' id='word_1_59' title='bbox 271 439 383 469; x_wconf 65' lang='lat' dir='ltr'>eximia</span> <span class='ocrx_word' id='word_1_60' title='bbox 404 439 650 479; x_wconf 82' lang='lat' dir='ltr'>pulchritudine;</span> <span class='ocrx_word' id='word_1_61' title='bbox 686 438 737 468; x_wconf 88' lang='lat' dir='ltr'>sed</span> <span class='ocrx_word' id='word_1_62' title='bbox 757 449 824 468; x_wconf 84' lang='lat' dir='ltr'>eam</span> <span class='ocrx_word' id='word_1_63' title='bbox 848 439 971 469; x_wconf 62' lang='lat' dir='ltr'>summa</span> 
     </span>
     <span class='ocr_line' id='line_1_10' title="bbox 76 481 969 523; baseline 0.001 -12"><span class='ocrx_word' id='word_1_64' title='bbox 76 481 249 522; x_wconf 81' lang='lat' dir='ltr'>integritate</span> <span class='ocrx_word' id='word_1_65' title='bbox 268 482 475 523; x_wconf 64' lang='lat' dir='ltr'>pudicitiaque</span> <span class='ocrx_word' id='word_1_66' title='bbox 495 481 671 512; x_wconf 71' lang='lat' dir='ltr'>existiiriari.</span> <span class='ocrx_word' id='word_1_67' title='bbox 707 481 823 519; x_wconf 84' lang='lat' dir='ltr'>Homo,</span> <span class='ocrx_word' id='word_1_68' title='bbox 851 488 886 511; x_wconf 89' lang='lat' dir='ltr'>ut</span> <span class='ocrx_word' id='word_1_69' title='bbox 903 482 969 512; x_wconf 85' lang='lat' dir='ltr'>haec</span> 
     </span>
     <span class='ocr_line' id='line_1_11' title="bbox 75 524 968 565; baseline 0 -11"><span class='ocrx_word' id='word_1_70' title='bbox 75 525 203 562; x_wconf 86' lang='lat' dir='ltr'>audivit,</span> <span class='ocrx_word' id='word_1_71' title='bbox 221 525 261 556; x_wconf 88' lang='lat' dir='ltr'>sic</span> <span class='ocrx_word' id='word_1_72' title='bbox 277 526 388 555; x_wconf 77' lang='lat' dir='ltr'>exarsit</span> <span class='ocrx_word' id='word_1_73' title='bbox 401 526 439 555; x_wconf 88' lang='lat' dir='ltr'>ad</span> <span class='ocrx_word' id='word_1_74' title='bbox 454 525 497 561; x_wconf 87' lang='lat' dir='ltr'>id,</span> <span class='ocrx_word' id='word_1_75' title='bbox 514 524 596 565; x_wconf 90' lang='lat' dir='ltr'>quod</span> <span class='ocrx_word' id='word_1_76' title='bbox 611 534 672 554; x_wconf 87' lang='lat' dir='ltr'>non</span> <span class='ocrx_word' id='word_1_77' title='bbox 690 524 781 554; x_wconf 89' lang='lat' dir='ltr'>modo</span> <span class='ocrx_word' id='word_1_78' title='bbox 801 524 867 565; x_wconf 90' lang='lat' dir='ltr'>ipse</span> <span class='ocrx_word' id='word_1_79' title='bbox 887 535 968 555; x_wconf 90' lang='lat' dir='ltr'>nun-</span> 
     </span>
     <span class='ocr_line' id='line_1_12' title="bbox 75 567 968 608; baseline 0 -10"><span class='ocrx_word' id='word_1_80' title='bbox 75 578 171 608; x_wconf 87' lang='lat' dir='ltr'>quam</span> <span class='ocrx_word' id='word_1_81' title='bbox 184 568 310 604; x_wconf 86' lang='lat' dir='ltr'>viderat,</span> <span class='ocrx_word' id='word_1_82' title='bbox 327 569 379 598; x_wconf 86' lang='lat' dir='ltr'>sed</span> <span class='ocrx_word' id='word_1_83' title='bbox 391 578 428 598; x_wconf 91' lang='lat' dir='ltr'>ne</span> <span class='ocrx_word' id='word_1_84' title='bbox 443 567 580 597; x_wconf 83' lang='lat' dir='ltr'>audierat</span> <span class='ocrx_word' id='word_1_85' title='bbox 594 567 719 608; x_wconf 84' lang='lat' dir='ltr'>quidem</span> <span class='ocrx_word' id='word_1_86' title='bbox 729 569 767 597; x_wconf 85' lang='lat' dir='ltr'>ab</span> <span class='ocrx_word' id='word_1_87' title='bbox 783 578 818 598; x_wconf 83' lang='lat' dir='ltr'>eo</span> <span class='ocrx_word' id='word_1_88' title='bbox 833 568 887 608; x_wconf 91' lang='lat' dir='ltr'>qui</span> <span class='ocrx_word' id='word_1_89' title='bbox 901 568 968 608; x_wconf 88' lang='lat' dir='ltr'>ipse</span> 
     </span>
     <span class='ocr_line' id='line_1_13' title="bbox 75 610 968 650; baseline 0 -9"><span class='ocrx_word' id='word_1_90' title='bbox 75 611 208 647; x_wconf 76' lang='lat' dir='ltr'>vidisset,</span> <span class='ocrx_word' id='word_1_91' title='bbox 226 617 261 641; x_wconf 89' lang='lat' dir='ltr'>ut</span> <span class='ocrx_word' id='word_1_92' title='bbox 276 611 377 641; x_wconf 80' lang='lat' dir='ltr'>statim</span> <span class='ocrx_word' id='word_1_93' title='bbox 393 611 431 641; x_wconf 89' lang='lat' dir='ltr'>ad</span> <span class='ocrx_word' id='word_1_94' title='bbox 448 611 667 641; x_wconf 82' lang='lat' dir='ltr'>Philodamum</span> <span class='ocrx_word' id='word_1_95' title='bbox 681 610 814 650; x_wconf 80' lang='lat' dir='ltr'>migrare</span> <span class='ocrx_word' id='word_1_96' title='bbox 835 621 864 641; x_wconf 91' lang='lat' dir='ltr'>se</span> <span class='ocrx_word' id='word_1_97' title='bbox 887 611 968 642; x_wconf 90' lang='lat' dir='ltr'>diee-</span> 
     </span>
     <span class='ocr_line' id='line_1_14' title="bbox 74 653 966 695; baseline 0 -11"><span class='ocrx_word' id='word_1_98' title='bbox 74 660 121 684; x_wconf 87' lang='lat' dir='ltr'>ret</span> <span class='ocrx_word' id='word_1_99' title='bbox 146 654 232 684; x_wconf 86' lang='lat' dir='ltr'>velle.</span> <span class='ocrx_word' id='word_1_100' title='bbox 272 655 392 694; x_wconf 80' lang='lat' dir='ltr'>Hospes</span> <span class='ocrx_word' id='word_1_101' title='bbox 417 654 552 689; x_wconf 84' lang='lat' dir='ltr'>Janitor,</span> <span class='ocrx_word' id='word_1_102' title='bbox 576 654 629 695; x_wconf 88' lang='lat' dir='ltr'>qui</span> <span class='ocrx_word' id='word_1_103' title='bbox 651 653 729 683; x_wconf 84' lang='lat' dir='ltr'>nihil</span> <span class='ocrx_word' id='word_1_104' title='bbox 753 653 966 694; x_wconf 86' lang='lat' dir='ltr'>suspicaretur,</span> 
     </span>
     <span class='ocr_line' id='line_1_15' title="bbox 74 696 965 738; baseline 0 -11"><span class='ocrx_word' id='word_1_105' title='bbox 74 697 198 735; x_wconf 80' lang='lat' dir='ltr'>veritus,</span> <span class='ocrx_word' id='word_1_106' title='bbox 225 696 279 736; x_wconf 91' lang='lat' dir='ltr'>[ne</span> <span class='ocrx_word' id='word_1_107' title='bbox 303 697 378 738; x_wconf 86' lang='lat' dir='ltr'>quid</span> <span class='ocrx_word' id='word_1_108' title='bbox 402 697 433 727; x_wconf 80' lang='lat' dir='ltr'>in</span> <span class='ocrx_word' id='word_1_109' title='bbox 455 697 520 737; x_wconf 89' lang='lat' dir='ltr'>ipso</span> <span class='ocrx_word' id='word_1_110' title='bbox 544 707 574 726; x_wconf 89' lang='lat' dir='ltr'>se</span> <span class='ocrx_word' id='word_1_111' title='bbox 596 696 782 737; x_wconf 82' lang='lat' dir='ltr'>offenderit,]</span> <span class='ocrx_word' id='word_1_112' title='bbox 807 697 965 728; x_wconf 89' lang='lat' dir='ltr'>hominem</span> 
     </span>
     <span class='ocr_line' id='line_1_16' title="bbox 74 739 967 780; baseline 0.001 -11"><span class='ocrx_word' id='word_1_113' title='bbox 74 750 197 770; x_wconf 83' lang='lat' dir='ltr'>summa</span> <span class='ocrx_word' id='word_1_114' title='bbox 222 740 253 770; x_wconf 89' lang='lat' dir='ltr'>vi</span> <span class='ocrx_word' id='word_1_115' title='bbox 276 741 403 770; x_wconf 90' lang='lat' dir='ltr'>retinere</span> <span class='ocrx_word' id='word_1_116' title='bbox 426 740 524 780; x_wconf 60' lang='lat' dir='ltr'>coepit.</span> <span class='ocrx_word' id='word_1_117' title='bbox 548 740 622 777; x_wconf 88' lang='lat' dir='ltr'>Iste,</span> <span class='ocrx_word' id='word_1_118' title='bbox 647 740 700 780; x_wconf 88' lang='lat' dir='ltr'>qui</span> <span class='ocrx_word' id='word_1_119' title='bbox 726 739 852 780; x_wconf 84' lang='lat' dir='ltr'>hospitis</span> <span class='ocrx_word' id='word_1_120' title='bbox 874 740 967 770; x_wconf 86' lang='lat' dir='ltr'>relin-</span> 
     </span>
     <span class='ocr_line' id='line_1_17' title="bbox 73 781 966 831; baseline 0.001 -19"><span class='ocrx_word' id='word_1_121' title='bbox 73 783 188 823; x_wconf 86' lang='lat' dir='ltr'>quendi</span> <span class='ocrx_word' id='word_1_122' title='bbox 202 793 325 813; x_wconf 86' lang='lat' dir='ltr'>causam</span> <span class='ocrx_word' id='word_1_123' title='bbox 340 783 468 823; x_wconf 85' lang='lat' dir='ltr'>reperire</span> <span class='ocrx_word' id='word_1_124' title='bbox 483 793 544 813; x_wconf 90' lang='lat' dir='ltr'>non</span> <span class='ocrx_word' id='word_1_125' title='bbox 559 788 669 831; x_wconf 82' lang='lat' dir='ltr'>posset,</span> <span class='ocrx_word' id='word_1_126' title='bbox 691 781 750 813; x_wconf 86' lang='lat' dir='ltr'>alia</span> <span class='ocrx_word' id='word_1_127' title='bbox 771 783 829 813; x_wconf 85' lang='lat' dir='ltr'>sibi</span> <span class='ocrx_word' id='word_1_128' title='bbox 849 783 966 814; x_wconf 87' lang='lat' dir='ltr'>ratione</span> 
     </span>
     <span class='ocr_line' id='line_1_18' title="bbox 74 825 967 866; baseline 0.002 -11"><span class='ocrx_word' id='word_1_129' title='bbox 74 825 155 856; x_wconf 85' lang='lat' dir='ltr'>viam</span> <span class='ocrx_word' id='word_1_130' title='bbox 171 826 291 856; x_wconf 89' lang='lat' dir='ltr'>munire</span> <span class='ocrx_word' id='word_1_131' title='bbox 305 826 344 855; x_wconf 91' lang='lat' dir='ltr'>ad</span> <span class='ocrx_word' id='word_1_132' title='bbox 359 832 499 866; x_wconf 81' lang='lat' dir='ltr'>stuprum</span> <span class='ocrx_word' id='word_1_133' title='bbox 520 826 823 866; x_wconf 84' lang='lat' dir='ltr'>coepit.Rub1ium,</span> <span class='ocrx_word' id='word_1_134' title='bbox 844 825 967 857; x_wconf 87' lang='lat' dir='ltr'>delicias</span> 
     </span>
     <span class='ocr_line' id='line_1_19' title="bbox 73 868 966 908; baseline 0.002 -10"><span class='ocrx_word' id='word_1_135' title='bbox 73 879 154 905; x_wconf 79' lang='lat' dir='ltr'>suas,</span> <span class='ocrx_word' id='word_1_136' title='bbox 171 869 202 898; x_wconf 92' lang='lat' dir='ltr'>in</span> <span class='ocrx_word' id='word_1_137' title='bbox 218 869 360 899; x_wconf 88' lang='lat' dir='ltr'>omnibus</span> <span class='ocrx_word' id='word_1_138' title='bbox 376 868 525 908; x_wconf 76' lang='lat' dir='ltr'>ejusmodi</span> <span class='ocrx_word' id='word_1_139' title='bbox 540 870 629 898; x_wconf 89' lang='lat' dir='ltr'>rebus</span> <span class='ocrx_word' id='word_1_140' title='bbox 644 868 813 907; x_wconf 81' lang='lat' dir='ltr'>adjutorem</span> <span class='ocrx_word' id='word_1_141' title='bbox 829 879 919 899; x_wconf 89' lang='lat' dir='ltr'>suum</span> <span class='ocrx_word' id='word_1_142' title='bbox 935 875 966 900; x_wconf 88' lang='lat' dir='ltr'>et</span> 
     </span>
     <span class='ocr_line' id='line_1_20' title="bbox 72 911 966 952; baseline 0 -10"><span class='ocrx_word' id='word_1_143' title='bbox 72 912 239 948; x_wconf 90' lang='lat' dir='ltr'>conscium,</span> <span class='ocrx_word' id='word_1_144' title='bbox 255 922 365 952; x_wconf 86' lang='lat' dir='ltr'>parum</span> <span class='ocrx_word' id='word_1_145' title='bbox 380 912 463 941; x_wconf 90' lang='lat' dir='ltr'>laute</span> <span class='ocrx_word' id='word_1_146' title='bbox 477 911 621 942; x_wconf 84' lang='lat' dir='ltr'>diversari</span> <span class='ocrx_word' id='word_1_147' title='bbox 641 911 732 941; x_wconf 78' lang='lat' dir='ltr'>dicit:</span> <span class='ocrx_word' id='word_1_148' title='bbox 757 911 796 941; x_wconf 85' lang='lat' dir='ltr'>ad</span> <span class='ocrx_word' id='word_1_149' title='bbox 819 912 966 942; x_wconf 86' lang='lat' dir='ltr'>Philoda-</span> 
     </span>
     <span class='ocr_line' id='line_1_21' title="bbox 72 954 965 994; baseline 0.002 -11"><span class='ocrx_word' id='word_1_150' title='bbox 72 963 161 984; x_wconf 88' lang='lat' dir='ltr'>mum</span> <span class='ocrx_word' id='word_1_151' title='bbox 173 954 280 985; x_wconf 86' lang='lat' dir='ltr'>deduci</span> <span class='ocrx_word' id='word_1_152' title='bbox 292 955 389 994; x_wconf 86' lang='lat' dir='ltr'>jubet.</span> <span class='ocrx_word' id='word_1_153' title='bbox 413 954 508 992; x_wconf 84' lang='lat' dir='ltr'>Quod</span> <span class='ocrx_word' id='word_1_154' title='bbox 522 955 575 984; x_wconf 91' lang='lat' dir='ltr'>ubi</span> <span class='ocrx_word' id='word_1_155' title='bbox 588 960 631 984; x_wconf 91' lang='lat' dir='ltr'>est</span> <span class='ocrx_word' id='word_1_156' title='bbox 647 954 829 984; x_wconf 86' lang='lat' dir='ltr'>Philodamo</span> <span class='ocrx_word' id='word_1_157' title='bbox 841 955 965 985; x_wconf 74' lang='lat' dir='ltr'>nuntia-⁴</span> 
     </span>
     <span class='ocr_line' id='line_1_22' title="bbox 72 997 964 1038; baseline 0.001 -11"><span class='ocrx_word' id='word_1_158' title='bbox 72 1003 151 1034; x_wconf 87' lang='lat' dir='ltr'>tum,</span> <span class='ocrx_word' id='word_1_159' title='bbox 168 998 288 1027; x_wconf 87' lang='lat' dir='ltr'>tametsi</span> <span class='ocrx_word' id='word_1_160' title='bbox 311 1003 374 1027; x_wconf 87' lang='lat' dir='ltr'>erat</span> <span class='ocrx_word' id='word_1_161' title='bbox 398 997 532 1037; x_wconf 86' lang='lat' dir='ltr'>ignarus,</span> <span class='ocrx_word' id='word_1_162' title='bbox 548 1004 699 1038; x_wconf 82' lang='lat' dir='ltr'>quantum</span> <span class='ocrx_word' id='word_1_163' title='bbox 726 997 782 1027; x_wconf 87' lang='lat' dir='ltr'>sibi</span> <span class='ocrx_word' id='word_1_164' title='bbox 804 1008 839 1027; x_wconf 90' lang='lat' dir='ltr'>ac</span> <span class='ocrx_word' id='word_1_165' title='bbox 861 998 964 1029; x_wconf 85' lang='lat' dir='ltr'>liberis</span> 
     </span>
     <span class='ocr_line' id='line_1_23' title="bbox 72 1040 962 1080; baseline 0.002 -10"><span class='ocrx_word' id='word_1_166' title='bbox 72 1040 134 1070; x_wconf 86' lang='lat' dir='ltr'>suis</span> <span class='ocrx_word' id='word_1_167' title='bbox 153 1041 218 1080; x_wconf 88' lang='lat' dir='ltr'>jam</span> <span class='ocrx_word' id='word_1_168' title='bbox 241 1046 308 1070; x_wconf 90' lang='lat' dir='ltr'>tum</span> <span class='ocrx_word' id='word_1_169' title='bbox 326 1040 400 1070; x_wconf 87' lang='lat' dir='ltr'>mali</span> <span class='ocrx_word' id='word_1_170' title='bbox 426 1040 666 1077; x_wconf 79' lang='lat' dir='ltr'>constitueretur,</span> <span class='ocrx_word' id='word_1_171' title='bbox 689 1046 791 1070; x_wconf 85' lang='lat' dir='ltr'>tamen</span> <span class='ocrx_word' id='word_1_172' title='bbox 813 1040 852 1071; x_wconf 88' lang='lat' dir='ltr'>ad</span> <span class='ocrx_word' id='word_1_173' title='bbox 867 1041 962 1072; x_wconf 90' lang='lat' dir='ltr'>istum</span> 
     </span>
     <span class='ocr_line' id='line_1_24' title="bbox 70 1083 962 1122; baseline 0.002 -9"><span class='ocrx_word' id='word_1_174' title='bbox 70 1083 175 1119; x_wconf 88' lang='lat' dir='ltr'>venit;</span> <span class='ocrx_word' id='word_1_175' title='bbox 199 1083 340 1121; x_wconf 85' lang='lat' dir='ltr'>ostendit,</span> <span class='ocrx_word' id='word_1_176' title='bbox 371 1093 485 1113; x_wconf 86' lang='lat' dir='ltr'>munus</span> <span class='ocrx_word' id='word_1_177' title='bbox 508 1083 585 1113; x_wconf 88' lang='lat' dir='ltr'>illud</span> <span class='ocrx_word' id='word_1_178' title='bbox 611 1093 702 1113; x_wconf 88' lang='lat' dir='ltr'>suum</span> <span class='ocrx_word' id='word_1_179' title='bbox 728 1093 788 1113; x_wconf 89' lang='lat' dir='ltr'>non</span> <span class='ocrx_word' id='word_1_180' title='bbox 813 1094 894 1114; x_wconf 86' lang='lat' dir='ltr'>esse:</span> <span class='ocrx_word' id='word_1_181' title='bbox 919 1095 962 1122; x_wconf 83' lang='lat' dir='ltr'>se,</span> 
     </span>
     <span class='ocr_line' id='line_1_25' title="bbox 67 1125 959 1167; baseline 0.001 -11"><span class='ocrx_word' id='word_1_182' title='bbox 67 1136 139 1156; x_wconf 89' lang='lat' dir='ltr'>cum</span> <span class='ocrx_word' id='word_1_183' title='bbox 155 1137 217 1156; x_wconf 85' lang='lat' dir='ltr'>suae</span> <span class='ocrx_word' id='word_1_184' title='bbox 232 1132 331 1166; x_wconf 88' lang='lat' dir='ltr'>partes</span> <span class='ocrx_word' id='word_1_185' title='bbox 347 1132 444 1156; x_wconf 84' lang='lat' dir='ltr'>essent</span> <span class='ocrx_word' id='word_1_186' title='bbox 458 1126 613 1167; x_wconf 88' lang='lat' dir='ltr'>hospitum</span> <span class='ocrx_word' id='word_1_187' title='bbox 626 1125 878 1166; x_wconf 82' lang='lat' dir='ltr'>recipiendorum,</span> <span class='ocrx_word' id='word_1_188' title='bbox 891 1133 959 1158; x_wconf 86' lang='lat' dir='ltr'>tum</span> 
     </span>
     <span class='ocr_line' id='line_1_26' title="bbox 68 1168 961 1210; baseline 0.002 -11"><span class='ocrx_word' id='word_1_189' title='bbox 68 1168 149 1209; x_wconf 89' lang='lat' dir='ltr'>ipsos</span> <span class='ocrx_word' id='word_1_190' title='bbox 173 1176 274 1199; x_wconf 90' lang='lat' dir='ltr'>tamen</span> <span class='ocrx_word' id='word_1_191' title='bbox 299 1176 440 1209; x_wconf 85' lang='lat' dir='ltr'>praetores</span> <span class='ocrx_word' id='word_1_192' title='bbox 466 1175 496 1199; x_wconf 91' lang='lat' dir='ltr'>et</span> <span class='ocrx_word' id='word_1_193' title='bbox 521 1169 668 1206; x_wconf 86' lang='lat' dir='ltr'>consules,</span> <span class='ocrx_word' id='word_1_194' title='bbox 700 1179 762 1199; x_wconf 89' lang='lat' dir='ltr'>non</span> <span class='ocrx_word' id='word_1_195' title='bbox 790 1170 961 1210; x_wconf 86' lang='lat' dir='ltr'>legatorum</span> 
     </span>
     <span class='ocr_line' id='line_1_27' title="bbox 70 1212 961 1253; baseline 0.001 -11"><span class='ocrx_word' id='word_1_196' title='bbox 70 1212 207 1250; x_wconf 84' lang='lat' dir='ltr'>asseclas,</span> <span class='ocrx_word' id='word_1_197' title='bbox 224 1212 354 1252; x_wconf 87' lang='lat' dir='ltr'>recipere</span> <span class='ocrx_word' id='word_1_198' title='bbox 370 1212 472 1242; x_wconf 87' lang='lat' dir='ltr'>solere.</span> <span class='ocrx_word' id='word_1_199' title='bbox 497 1212 570 1249; x_wconf 88' lang='lat' dir='ltr'>Iste,</span> <span class='ocrx_word' id='word_1_200' title='bbox 587 1212 641 1252; x_wconf 90' lang='lat' dir='ltr'>qui</span> <span class='ocrx_word' id='word_1_201' title='bbox 656 1212 719 1242; x_wconf 61' lang='lat' dir='ltr'>una</span> <span class='ocrx_word' id='word_1_202' title='bbox 733 1212 898 1253; x_wconf 76' lang='lat' dir='ltr'>cupiditate</span> <span class='ocrx_word' id='word_1_203' title='bbox 912 1224 961 1243; x_wconf 84' lang='lat' dir='ltr'>ra-</span> 
     </span>
     <span class='ocr_line' id='line_1_28' title="bbox 66 1255 959 1296; baseline 0.002 -12"><span class='ocrx_word' id='word_1_204' title='bbox 66 1260 200 1295; x_wconf 82' lang='lat' dir='ltr'>peretur,</span> <span class='ocrx_word' id='word_1_205' title='bbox 211 1260 309 1285; x_wconf 88' lang='lat' dir='ltr'>totum</span> <span class='ocrx_word' id='word_1_206' title='bbox 322 1255 403 1284; x_wconf 85' lang='lat' dir='ltr'>illius</span> <span class='ocrx_word' id='word_1_207' title='bbox 414 1255 602 1295; x_wconf 88' lang='lat' dir='ltr'>postulatum</span> <span class='ocrx_word' id='word_1_208' title='bbox 614 1265 797 1295; x_wconf 81' lang='lat' dir='ltr'>causamque</span> <span class='ocrx_word' id='word_1_209' title='bbox 807 1256 940 1296; x_wconf 87' lang='lat' dir='ltr'>neglexit</span> <span class='ocrx_word' id='word_1_210' title='bbox 949 1268 959 1286; x_wconf 69' lang='grc' dir='ltr'><strong><em>ε</em></strong></span> 
     </span>
     <span class='ocr_line' id='line_1_29' title="bbox 68 1297 958 1339; baseline 0.003 -12"><span class='ocrx_word' id='word_1_211' title='bbox 68 1308 122 1337; x_wconf 88' lang='lat' dir='ltr'>per</span> <span class='ocrx_word' id='word_1_212' title='bbox 133 1298 195 1327; x_wconf 89' lang='lat' dir='ltr'>vim</span> <span class='ocrx_word' id='word_1_213' title='bbox 211 1298 249 1327; x_wconf 89' lang='lat' dir='ltr'>ad</span> <span class='ocrx_word' id='word_1_214' title='bbox 265 1308 347 1334; x_wconf 87' lang='lat' dir='ltr'>eum,</span> <span class='ocrx_word' id='word_1_215' title='bbox 363 1298 418 1339; x_wconf 89' lang='lat' dir='ltr'>qui</span> <span class='ocrx_word' id='word_1_216' title='bbox 428 1298 558 1339; x_wconf 89' lang='lat' dir='ltr'>recipere</span> <span class='ocrx_word' id='word_1_217' title='bbox 573 1307 634 1328; x_wconf 89' lang='lat' dir='ltr'>non</span> <span class='ocrx_word' id='word_1_218' title='bbox 649 1297 788 1338; x_wconf 88' lang='lat' dir='ltr'>debebat,</span> <span class='ocrx_word' id='word_1_219' title='bbox 801 1299 958 1330; x_wconf 86' lang='lat' dir='ltr'>Rubrium</span> 
     </span>
     <span class='ocr_line' id='line_1_30' title="bbox 68 1340 359 1381; baseline -0.003 -11"><span class='ocrx_word' id='word_1_220' title='bbox 68 1340 175 1371; x_wconf 86' lang='lat' dir='ltr'>deduci</span> <span class='ocrx_word' id='word_1_221' title='bbox 191 1340 359 1381; x_wconf 88' lang='lat' dir='ltr'>imperavit.</span> 
     </span>
    </p>

    <p class='ocr_par' dir='ltr' id='par_1_3' title="bbox 63 1382 959 1767">
     <span class='ocr_line' id='line_1_31' title="bbox 111 1382 959 1425; baseline 0.004 -12"><span class='ocrx_word' id='word_1_222' title='bbox 111 1383 239 1413; x_wconf 86' lang='lat' dir='ltr'>XXVI.</span> <span class='ocrx_word' id='word_1_223' title='bbox 265 1384 328 1413; x_wconf 86' lang='lat' dir='ltr'>Hic</span> <span class='ocrx_word' id='word_1_224' title='bbox 353 1382 563 1420; x_wconf 84' lang='lat' dir='ltr'>Philodamus,</span> <span class='ocrx_word' id='word_1_225' title='bbox 579 1389 776 1425; x_wconf 77' lang='lat' dir='ltr'>posteaquam</span> <span class='ocrx_word' id='word_1_226' title='bbox 795 1384 846 1423; x_wconf 89' lang='lat' dir='ltr'>jus</span> <span class='ocrx_word' id='word_1_227' title='bbox 866 1395 959 1416; x_wconf 89' lang='lat' dir='ltr'>suum</span> 
     </span>
     <span class='ocr_line' id='line_1_32' title="bbox 68 1426 958 1467; baseline 0.003 -12"><span class='ocrx_word' id='word_1_228' title='bbox 68 1426 202 1456; x_wconf 81' lang='lat' dir='ltr'>obtinere</span> <span class='ocrx_word' id='word_1_229' title='bbox 217 1437 277 1457; x_wconf 91' lang='lat' dir='ltr'>non</span> <span class='ocrx_word' id='word_1_230' title='bbox 287 1426 397 1467; x_wconf 90' lang='lat' dir='ltr'>potuit,</span> <span class='ocrx_word' id='word_1_231' title='bbox 411 1433 444 1456; x_wconf 92' lang='lat' dir='ltr'>ut</span> <span class='ocrx_word' id='word_1_232' title='bbox 459 1426 681 1457; x_wconf 81' lang='lat' dir='ltr'>humanitatem</span> <span class='ocrx_word' id='word_1_233' title='bbox 693 1428 958 1458; x_wconf 85' lang='lat' dir='ltr'>consuetudinem-</span> 
     </span>
     <span class='ocr_line' id='line_1_33' title="bbox 67 1469 958 1512; baseline 0.003 -14"><span class='ocrx_word' id='word_1_234' title='bbox 67 1479 128 1509; x_wconf 87' lang='lat' dir='ltr'>que</span> <span class='ocrx_word' id='word_1_235' title='bbox 154 1480 239 1499; x_wconf 88' lang='lat' dir='ltr'>suam</span> <span class='ocrx_word' id='word_1_236' title='bbox 265 1469 415 1506; x_wconf 86' lang='lat' dir='ltr'>retineret,</span> <span class='ocrx_word' id='word_1_237' title='bbox 435 1470 599 1500; x_wconf 86' lang='lat' dir='ltr'>laborabat.</span> <span class='ocrx_word' id='word_1_238' title='bbox 632 1470 749 1507; x_wconf 89' lang='lat' dir='ltr'>Homo,</span> <span class='ocrx_word' id='word_1_239' title='bbox 765 1471 819 1511; x_wconf 88' lang='lat' dir='ltr'>qui</span> <span class='ocrx_word' id='word_1_240' title='bbox 839 1481 958 1512; x_wconf 88' lang='lat' dir='ltr'>semper</span> 
     </span>
     <span class='ocr_line' id='line_1_34' title="bbox 65 1512 954 1553; baseline 0.003 -12"><span class='ocrx_word' id='word_1_241' title='bbox 65 1512 316 1552; x_wconf 82' lang='lat' dir='ltr'>hospitalissimus</span> <span class='ocrx_word' id='word_1_242' title='bbox 344 1512 605 1553; x_wconf 84' lang='lat' dir='ltr'>amicissimusque</span> <span class='ocrx_word' id='word_1_243' title='bbox 641 1518 814 1543; x_wconf 90' lang='lat' dir='ltr'>nostrorum</span> <span class='ocrx_word' id='word_1_244' title='bbox 853 1514 954 1544; x_wconf 86' lang='lat' dir='ltr'>homi-</span> 
     </span>
     <span class='ocr_line' id='line_1_35' title="bbox 66 1555 958 1596; baseline 0.003 -12"><span class='ocrx_word' id='word_1_245' title='bbox 66 1564 143 1584; x_wconf 90' lang='lat' dir='ltr'>num</span> <span class='ocrx_word' id='word_1_246' title='bbox 172 1555 362 1585; x_wconf 81' lang='lat' dir='ltr'>existimatus</span> <span class='ocrx_word' id='word_1_247' title='bbox 390 1561 476 1592; x_wconf 87' lang='lat' dir='ltr'>esset,</span> <span class='ocrx_word' id='word_1_248' title='bbox 501 1555 600 1585; x_wconf 89' lang='lat' dir='ltr'>noluit</span> <span class='ocrx_word' id='word_1_249' title='bbox 623 1555 717 1586; x_wconf 91' lang='lat' dir='ltr'>videri</span> <span class='ocrx_word' id='word_1_250' title='bbox 742 1556 844 1596; x_wconf 89' lang='lat' dir='ltr'>ipsum</span> <span class='ocrx_word' id='word_1_251' title='bbox 866 1557 958 1588; x_wconf 86' lang='lat' dir='ltr'>illum</span> 
     </span>
     <span class='ocr_line' id='line_1_36' title="bbox 68 1597 957 1641; baseline 0.002 -14"><span class='ocrx_word' id='word_1_252' title='bbox 68 1598 224 1628; x_wconf 88' lang='lat' dir='ltr'>Rubrium</span> <span class='ocrx_word' id='word_1_253' title='bbox 239 1598 352 1628; x_wconf 88' lang='lat' dir='ltr'>invitus</span> <span class='ocrx_word' id='word_1_254' title='bbox 366 1597 398 1627; x_wconf 88' lang='lat' dir='ltr'>in</span> <span class='ocrx_word' id='word_1_255' title='bbox 419 1598 545 1628; x_wconf 87' lang='lat' dir='ltr'>domum</span> <span class='ocrx_word' id='word_1_256' title='bbox 569 1609 657 1628; x_wconf 86' lang='lat' dir='ltr'>suam</span> <span class='ocrx_word' id='word_1_257' title='bbox 680 1599 845 1639; x_wconf 81' lang='lat' dir='ltr'>recepisse:</span> <span class='ocrx_word' id='word_1_258' title='bbox 869 1610 957 1641; x_wconf 87' lang='lat' dir='ltr'>mag-</span> 
     </span>
     <span class='ocr_line' id='line_1_37' title="bbox 63 1641 954 1683; baseline 0.003 -13"><span class='ocrx_word' id='word_1_259' title='bbox 63 1641 151 1671; x_wconf 88' lang='lat' dir='ltr'>nifice</span> <span class='ocrx_word' id='word_1_260' title='bbox 166 1648 195 1671; x_wconf 89' lang='lat' dir='ltr'>et</span> <span class='ocrx_word' id='word_1_261' title='bbox 209 1646 312 1671; x_wconf 84' lang='lat' dir='ltr'>ornate</span> <span class='ocrx_word' id='word_1_262' title='bbox 328 1644 375 1675; x_wconf 80' lang='lat' dir='ltr'>(ut</span> <span class='ocrx_word' id='word_1_263' title='bbox 391 1647 454 1671; x_wconf 85' lang='lat' dir='ltr'>erat</span> <span class='ocrx_word' id='word_1_264' title='bbox 468 1641 499 1671; x_wconf 89' lang='lat' dir='ltr'>in</span> <span class='ocrx_word' id='word_1_265' title='bbox 514 1641 620 1682; x_wconf 88' lang='lat' dir='ltr'>primis</span> <span class='ocrx_word' id='word_1_266' title='bbox 635 1641 713 1672; x_wconf 86' lang='lat' dir='ltr'>inter</span> <span class='ocrx_word' id='word_1_267' title='bbox 722 1652 791 1672; x_wconf 90' lang='lat' dir='ltr'>suos</span> <span class='ocrx_word' id='word_1_268' title='bbox 802 1642 954 1683; x_wconf 87' lang='lat' dir='ltr'>copiosus)</span> 
     </span>
     <span class='ocr_line' id='line_1_38' title="bbox 65 1684 957 1726; baseline 0.004 -13"><span class='ocrx_word' id='word_1_269' title='bbox 65 1684 238 1713; x_wconf 83' lang='lat' dir='ltr'>convivium</span> <span class='ocrx_word' id='word_1_270' title='bbox 263 1689 436 1725; x_wconf 88' lang='lat' dir='ltr'>comparat:</span> <span class='ocrx_word' id='word_1_271' title='bbox 460 1689 547 1724; x_wconf 86' lang='lat' dir='ltr'>rogat</span> <span class='ocrx_word' id='word_1_272' title='bbox 567 1684 734 1721; x_wconf 89' lang='lat' dir='ltr'>Rubrium,</span> <span class='ocrx_word' id='word_1_273' title='bbox 760 1691 807 1723; x_wconf 89' lang='lat' dir='ltr'>ut,</span> <span class='ocrx_word' id='word_1_274' title='bbox 830 1696 908 1726; x_wconf 90' lang='lat' dir='ltr'>quos</span> <span class='ocrx_word' id='word_1_275' title='bbox 928 1687 957 1717; x_wconf 87' lang='lat' dir='ltr'>ei</span> 
     </span>
     <span class='ocr_line' id='line_1_39' title="bbox 67 1726 957 1767; baseline 0.003 -10"><span class='ocrx_word' id='word_1_276' title='bbox 67 1727 263 1758; x_wconf 86' lang='lat' dir='ltr'>commodum</span> <span class='ocrx_word' id='word_1_277' title='bbox 278 1727 328 1766; x_wconf 84' lang='lat' dir='ltr'>sit,</span> <span class='ocrx_word' id='word_1_278' title='bbox 344 1726 450 1758; x_wconf 87' lang='lat' dir='ltr'>invitet</span> <span class='ocrx_word' id='word_1_279' title='bbox 463 1738 472 1758; x_wconf 87' lang='lat'>:</span> <span class='ocrx_word' id='word_1_280' title='bbox 495 1727 598 1758; x_wconf 84' lang='lat' dir='ltr'>locum</span> <span class='ocrx_word' id='word_1_281' title='bbox 613 1727 670 1758; x_wconf 85' lang='lat' dir='ltr'>sibi</span> <span class='ocrx_word' id='word_1_282' title='bbox 685 1727 751 1767; x_wconf 86' lang='lat' dir='ltr'>soli,</span> <span class='ocrx_word' id='word_1_283' title='bbox 768 1728 793 1758; x_wconf 88' lang='lat' dir='ltr'>si</span> <span class='ocrx_word' id='word_1_284' title='bbox 808 1727 957 1767; x_wconf 85' lang='lat' dir='ltr'>videatur,</span> 
     </span>
    </p>
   </div>
  </div>
 </body>
</html>
