1181 1902
284 283 341 322 IN
360 271 411 323 c.
432 282 653 322 VERREM
682 283 756 322 111.

92 424 94 426 v
120 387 146 419 Ι.
160 387 197 418 M
201 396 302 418 ULTA
309 387 386 417 mihi
398 382 968 427 necessario,judices‚praetermittenda

73 439 157 469 sunt,
172 437 205 461 ut
220 430 330 472 possim
348 430 451 470 aliquo
466 429 557 460 modo
572 429 737 470 aliquando
757 429 795 459 de
810 429 846 458 iis
866 430 967 467 rebus,

75 486 145 515 quae
166 484 242 504 meae
258 473 328 503 fidei
348 473 516 503 commissae
531 478 613 509 sunt,
625 472 731 503 dicere.
757 471 871 512 Recepi
887 472 968 501 enim

76 527 198 548 causam
215 516 334 547 Siciliae.
373 516 421 546 Ea
441 527 491 546 me
511 515 551 545 ad
565 516 622 546 hoc
643 515 800 556 negotium
814 514 970 556 provincia

77 560 210 590 attraxit.
243 559 312 600 Ego
327 565 441 596 tamen,
457 559 515 589 hoc
536 568 625 589 onere
640 565 788 599 suscepto,
806 563 835 588 et
850 557 970 598 recepta

77 604 168 634 causa
184 603 344 639 Siciliensi,
357 603 517 643 amplexus
532 601 635 632 animo
647 612 715 632 sum
731 601 888 642 aliquanto
903 611 970 631 am-

76 647 167 687 plius.
201 646 326 686 Suscepi
345 645 426 676 enim
448 655 569 676 causam
585 645 677 675 totius
695 643 828 679 ordinis:
853 643 972 684 suscepi

77 700 199 721 causam
224 689 330 730 populi
352 688 486 718 Romani
500 699 508 724 ς
542 688 625 729 quod
640 689 787 729 putabam
803 693 870 717 tum
886 687 972 716 deni-

77 743 138 774 que
153 739 231 762 recte
243 730 374 772 judicari
389 742 485 772 posse,
509 730 534 761 si
548 741 609 761 non
624 731 716 761 modo
731 741 799 761 reus
814 730 972 771 improbus

78 776 297 811 adduceretur;
322 774 374 805 sed
389 775 480 804 etiam
498 774 627 815 diligens
642 780 671 804 et
693 773 799 804 firmus
818 779 974 804 accusator

79 819 117 850 ad
131 818 282 858 judicium
303 818 426 848 veniret.
460 817 533 855 Quo
547 817 624 848 mihi
638 817 788 847 maturius
804 816 842 847 ad
863 816 974 847 Siciliae

77 872 201 893 causam
217 860 401 892 veniendum
418 867 473 898 est,
490 860 600 891 relictis
615 861 728 891 caeteris
743 861 808 899 ejus
828 859 917 889 furtis
940 869 975 889 ac

79 905 213 945 flagitiis,
231 911 265 934 ut
281 910 310 935 et
325 904 439 934 viribus
454 914 547 944 quam
560 903 761 944 integerrimis
779 913 878 943 agere,
894 909 924 933 et
935 901 974 932 ad

81 948 244 986 dicendum
261 947 404 988 temporis
420 947 490 977 satis
504 947 627 983 habere,
644 946 767 988 possim.

123 992 230 1032 Atque
246 990 330 1027 adeo,
342 996 507 1031 antequam
519 990 556 1020 de
567 989 767 1020 incommodis
777 989 887 1020 Siciliae
896 987 975 1027 dico,

80 1045 179 1076 pauca
193 1033 270 1064 mihi
286 1033 426 1063 videntur
442 1043 504 1063 esse
519 1033 556 1063 de
572 1033 734 1073 provineiae
748 1032 906 1073 dignitate,
924 1042 976 1062 ve-

81 1084 203 1114 tustate,
222 1077 362 1113 utilitate,
373 1076 508 1106 dicenda.
534 1076 565 1106 N
569 1086 630 1113 am,
645 1086 715 1106 cum
728 1075 867 1105 omnium
880 1075 975 1106 socio-

81 1131 151 1152 rum
167 1119 453 1162 prow‘nciarumque
469 1119 616 1150 rationem
629 1119 788 1159 diligenter
803 1118 914 1149 habere
923 1118 977 1148 de·-

81 1165 169 1200 betis,
186 1170 254 1194 tum
269 1163 420 1204 praecipue
436 1162 557 1199 Siciliae,
572 1162 700 1201 judices,
717 1161 858 1202 plurimis
871 1161 976 1201 justis-

82 1207 227 1248 simisque
247 1206 285 1237 de
305 1206 421 1236 causis:
446 1205 594 1246 primum,
617 1205 699 1246 quod
719 1205 859 1235 omnium
880 1204 979 1235 natio-

83 1261 160 1281 num
186 1256 359 1280 exterarum
385 1247 525 1289 princeps
551 1248 654 1279 Sicilia
683 1259 714 1278 se
743 1247 782 1278 ad
810 1247 978 1278 amicitiam

83 1293 237 1334 fidemque
251 1292 358 1334 populi
374 1292 509 1322 Romani
527 1291 693 1332 applicuit:
718 1291 819 1332 prima
839 1291 980 1321 omnium

86 1337 142 1374 (id,
160 1336 242 1378 quod
257 1341 472 1366 ornamentum
488 1335 609 1376 imperii
624 1340 681 1372 est)
697 1333 852 1375 provincia
866 1339 911 1364 est
925 1345 980 1375 apr

84 1380 216 1422 pellata:
242 1379 342 1420 prima
351 1378 454 1409 docuit
465 1379 594 1417 majores
605 1384 732 1415 nostros,
746 1387 840 1418 quam
855 1376 981 1417 praecla-

86 1434 157 1454 rum
182 1429 268 1459 esset,
291 1421 400 1452 exteris
423 1421 566 1462 gentibus
588 1421 757 1462 imperare:
783 1420 846 1451 sola
866 1419 926 1450 fuit
946 1419 983 1450 ea

86 1466 146 1496 fide
168 1464 439 1506 benevolentiaque
465 1475 536 1505 erga
559 1465 711 1505 populum
734 1463 926 1500 Romanum,
948 1468 984 1493 ut

86 1510 221 1540 civitates
233 1510 298 1548 ejus
310 1508 428 1545 insulae,
442 1519 512 1548 quae
521 1507 614 1538 semel
625 1507 657 1537 in
669 1506 836 1537 amicitiam
848 1512 984 1536 nostram

88 1552 251 1588 venissent,
268 1561 429 1592 nunquam
444 1557 548 1591 postea
563 1550 743 1586 deficerent;
767 1550 920 1590 pleraeque
930 1560 986 1579 au-

89 1602 164 1633 tem,
178 1601 207 1625 et
220 1594 356 1624 maxime
371 1594 514 1631 illustres,
527 1594 560 1624 in
576 1593 709 1624 amicitia
722 1599 868 1634 perpetuo
880 1602 985 1622 mane-

91 1645 167 1669 rent.
202 1638 311 1678 Itaque
332 1637 500 1677 majoribus
520 1637 629 1668 nostris
650 1637 682 1667 in
706 1636 847 1666 Africam
869 1645 906 1665 ex
930 1635 988 1665 hac

90 1681 247 1723 provincia
262 1680 373 1722 gradus
385 1680 505 1721 imperii
516 1680 615 1711 factus
631 1685 694 1710 est:
720 1689 818 1720 neque
829 1678 911 1709 enim
923 1684 988 1708 tam

91 1725 180 1763 {heile
195 1735 267 1767 opes
283 1723 476 1765 Carthaginis
496 1729 588 1756 tantae
608 1722 817 1762 concidissent,
834 1721 892 1752 nisi
912 1719 990 1758 illud
