1181 1902
409 342 590 374 ORATIO
614 343 679 374 III.

196 442 302 481 PRO
334 442 384 490 Q.
406 442 604 480 ROSCIO
633 442 896 481 COMOEDO.

457 537 615 564 ...4,-

365 636 721 671 ARGUMENTUM.

96 719 292 751 TRADIDIT
318 721 354 752 C.
378 721 518 754 Fannius
543 722 670 753 Chaerea
692 722 734 760 Q.
762 719 884 758 Roscio,
906 728 989 749 oom-

97 773 287 805 munemque
301 775 372 795 eum
388 776 423 796 eo
438 766 520 804 fecit,
544 776 664 796 servum
684 774 775 795 suuni
795 764 989 803 Panurgum,

96 806 133 836 ea
147 807 328 846 conditione,
345 815 380 839 ut
394 809 483 839 illum
499 815 563 839 arte
582 808 758 839 histrionica
779 806 921 843 erudiret,
937 805 991 834 de„

97 849 170 880 inde
185 856 319 891 quaestus
334 852 507 882 communis
530 857 615 882 esset.
647 851 820 892 Aliquanto
845 854 924 890 post,
947 848 989 886 Q.

96 891 224 924 Flavius
253 894 380 935 quidam
406 895 638 936 Tarquiniensis
662 895 843 934 Panurgum
870 891 989 922 occidit.

96 935 241 967 Flavium
258 937 387 968 Roscius
395 939 511 978 judicio
525 938 667 979 persequi
682 948 752 968 cum
768 936 869 972 vellet,
885 934 990 975 cogni-

95 984 193 1009 torem
205 980 237 1010 in
254 990 321 1010 eam
336 991 401 1011 rem
416 981 573 1012 Fannium
591 981 684 1012 dedit.
723 980 795 1010 Lite
810 977 987 1016 contestata,

93 1022 212 1061 judicio
234 1023 340 1053 damni
359 1024 473 1064 injuria
487 1035 506 1055 a
520 1024 629 1055 Flavio
641 1023 704 1054 dati
719 1022 893 1059 constituto,
909 1020 990 1051 deci-

95 1064 143 1095 dit
157 1076 227 1096 cum
240 1066 348 1097 Flavio
366 1067 509 1106 Roscius,
525 1073 561 1098 ut
576 1067 639 1108 ipse
654 1067 764 1103 aiebat,
778 1076 833 1106 pro
848 1064 904 1094 sua
918 1073 989 1105 par-

96 1114 147 1145 te3
171 1115 207 1139 ut
223 1109 371 1150 Fannius,
387 1121 443 1151 pro
457 1111 522 1142 tota
533 1111 672 1141 societate
685 1121 695 1147 ;
718 1109 851 1139 fundum
862 1107 988 1148 accepit,

95 1160 159 1181 non
173 1152 346 1193 pecuniam.
385 1154 460 1184 Post
481 1154 599 1195 aliquot
614 1163 720 1190 annos,
737 1151 885 1182 Roscium
906 1150 990 1180 Fan-

96 1193 166 1224 nius
176 1196 324 1226 arbitrum
334 1196 447 1237 adegit,
459 1197 490 1227 h.
499 1208 524 1228 e.
536 1208 554 1227 a
561 1203 689 1238 praetore
699 1194 884 1236 impetravit,
895 1199 930 1223 ut
941 1203 990 1223 ar-

96 1237 213 1268 bitrum
229 1238 324 1277 daret,
337 1240 403 1280 qui,
420 1246 571 1281 quantum
583 1240 700 1280 aequius
710 1238 830 1276 melius,
842 1236 990 1267 Roscium

96 1281 218 1322 petitori
234 1281 352 1312 Fannio
368 1283 439 1313 dare
450 1284 580 1323 juberet.
604 1283 730 1325 Aybiter
751 1281 811 1311 fuit
825 1280 918 1317 idem,
936 1279 991 1320 qui

96 1323 129 1353 in
145 1324 202 1354 hac
217 1326 308 1355 causa
317 1326 413 1365 judex
429 1333 484 1364 est,
502 1326 537 1357 C.
555 1325 741 1366 Calpurnius
756 1324 837 1355 Piso.
862 1323 894 1353 Is
909 1322 946 1352 de
957 1332 990 1352 re

96 1367 278 1398 sententiam
293 1378 354 1399 non
367 1369 437 1399 tulit
451 1381 458 1399 :
484 1370 535 1400 sed
551 1369 698 1399 Roscium
714 1367 841 1408 rogavit,
858 1372 892 1396 ut
908 1365 992 1395 Fan-

96 1410 150 1440 nio
164 1421 219 1451 pro
233 1411 347 1449 labore,
365 1412 447 1453 quod
463 1413 598 1453 cognitor
613 1412 730 1449 fuisset,
750 1409 833 1451 quod
854 1408 991 1440 vadimo-

98 1453 151 1483 nia
166 1455 289 1493 obisset,
310 1455 367 1485 Hs
391 1455 494 1486 decem
514 1455 612 1485 millia
637 1455 733 1492 daret,
750 1454 793 1483 ita
817 1459 933 1489 tamen,
955 1457 992 1481 ut

98 1496 236 1527 Fannius
251 1498 473 1538 repromitteret
487 1510 521 1529 ac
537 1498 776 1539 restipularetur,
796 1496 821 1526 si
842 1495 917 1536 quid
938 1505 991 1524 ex-

99 1539 208 1580 egisset
222 1551 240 1570 a
256 1541 374 1578 Flavio,
386 1548 501 1582 partem
516 1542 582 1581 ejus
591 1540 751 1571 dimidiam
767 1550 797 1569 se
810 1538 921 1569 Roscio
936 1537 992 1567 da-

99 1588 216 1612 turum.
240 1584 411 1625 Spopondit
426 1585 469 1614 ita
484 1595 514 1615 se
525 1585 678 1614 facturum
695 1583 840 1613 Fannius.
869 1580 991 1611 Deinde

100 1625 209 1657 Flavio
223 1627 309 1657 litem
321 1627 460 1658 intendit.
498 1628 520 1658 J
523 1628 604 1658 udex
616 1627 675 1657 fuit
687 1627 722 1657 C.
740 1625 880 1663 Cluvius,
899 1634 992 1665 eques

98 1668 271 1706 Romanus.
293 1670 373 1710 Ejus
396 1672 544 1701 sententia
557 1671 683 1700 Flavius
705 1670 761 1700 HS
783 1675 907 1699 centena
919 1667 990 1696 mil-

100 1711 155 1750 lia,
177 1712 314 1754 Panurgi
334 1714 458 1744 nomine
477 1714 595 1744 Fannio
610 1713 755 1744 dissolvit.
787 1712 884 1751 Cujus
898 1720 992 1751 pecu-

100 1754 161 1785 niae
175 1766 245 1796 pars
256 1756 383 1787 dimidia
397 1767 467 1788 cum
483 1767 521 1788 ex
536 1756 764 1798 restipulatione
778 1755 889 1785 Roscio
901 1753 996 1783 debe-

100 1802 183 1830 retur
193 1809 204 1837 3
227 1805 330 1831 tamen
345 1806 466 1832 tantum
482 1802 578 1840 abest,
590 1806 626 1831 ut
636 1800 664 1831 ei
673 1799 843 1842 quidquam
853 1797 991 1828 Fannius
