1181 1902
263 49 314 80 IN
339 47 535 80 VERREM
560 48 600 79 V.
624 46 708 78 CAP.
737 47 785 78 19.
912 48 974 79 403

82 137 114 168 in
131 136 179 167 his
193 136 304 176 pocula
315 134 376 166 duo
392 134 545 176 quaedam,
559 144 629 175 quae
644 133 805 164 Thericlea
817 132 982 164 nominan-

85 186 148 216 tur,
167 179 316 210 Mentoris
331 188 438 215 manu,
455 188 577 207 summo
599 176 736 213 artificio,
762 176 850 206 facta.
885 177 980 214 Quod

87 223 144 253 iste
159 222 212 258 ubi
228 221 354 259 audivit,
381 221 422 251 sic
438 220 602 261 cupiditate
618 219 826 249 inflammatus
841 225 895 256 est,
920 230 981 249 non

91 266 191 296 solum
207 263 396 305 inspiciendi,
414 273 520 294 verum
536 263 626 293 etiam
643 262 811 299 auferendi,
823 268 857 292 ut
867 262 984 293 Diodo-

92 318 162 338 rum
175 307 213 337 ad
229 317 259 337 se
271 312 400 344 vocaret,
417 316 451 336 ac
466 311 609 346 posceret.
635 305 704 342 Ille,
721 305 775 346 qui
790 305 844 335 illa
862 315 923 335 non
938 305 987 335 in-

94 351 174 381 vitus
186 350 321 388 haberet,
332 349 492 390 respondet
504 359 534 378 se
547 348 678 388 Lilybaei
688 358 749 378 non
761 348 871 378 habere
883 359 891 378 :
918 349 989 379 Me-

94 394 158 424 litae
181 393 263 433 apud
287 392 452 433 quemdam
477 391 684 432 propinquum
711 401 801 421 suum
824 391 989 431 reliquisse.

95 437 181 467 Tum
197 437 252 466 iste
268 435 410 465 continuo
430 434 525 464 mittit
545 434 684 464 homines
707 440 801 464 certos
822 433 989 464 Melitam:

96 479 199 510 scribit
211 478 249 508 ad
259 478 407 519 quosdam
421 477 611 513 Melitenses,
628 482 662 506 ut
678 487 712 507 ea
722 487 793 506 vasa
803 477 991 517 perquirant.

98 523 201 562 Rogat
216 521 400 557 Diodorum,
412 526 447 550 ut
461 520 500 550 ad
514 520 603 549 illum
619 529 710 549 suum
722 520 929 560 propinquum
940 520 992 550 det

97 566 208 595 literas.
242 564 331 594 Nihil
346 563 372 593 ei
387 563 508 603 longius
523 562 692 600 videbatur,
710 572 803 603 quam
819 562 895 592 dum
912 563 990 593 illud

97 607 211 638 videret
226 612 396 647 argentum.
420 606 585 641 Diodorus,
602 606 694 635 homo
706 605 789 646 frugi
804 615 838 635 ac
849 605 989 645 diligens,

99 651 154 691 qui
169 661 223 680 sua
239 660 354 680 servare
377 649 478 687 vellet,
500 649 672 690 propinquo
687 659 741 678 suo
757 648 869 686 scribit,
893 654 928 678 ut
943 649 991 686 iis,

98 693 152 734 qui
172 704 190 723 a
205 693 302 723 Verre
323 692 484 729 venissent,
507 692 710 732 responderet,
732 691 810 721 illud
830 698 991 731 argentum

99 747 130 766 se
144 736 249 777 paucis
264 735 323 765 illis
335 735 441 765 diebus
453 735 569 765 misisse
586 735 771 775 Lilybaeum.
796 734 866 774 Ipse
881 734 995 764 interea

100 779 220 809 recedit.
253 779 370 808 Abesse
397 779 436 808 ab
462 778 553 808 domo
577 778 733 818 paulisper
754 777 875 815 maluit⁷
900 788 993 818 quam

100 832 232 863 praesens
258 821 336 851 illud
362 821 477 861 optime
507 821 622 850 factum
653 826 814 860 argentum
845 820 992 850 amittere.

91 864 198 903 -Quod
213 865 266 895 ubi
276 864 392 894 audivit
403 864 469 901 iste,
482 874 579 904 usque
591 874 625 893 eo
637 869 681 893 est
690 868 871 900 commotus,
885 869 919 893 ut
931 863 995 893 sine

102 908 168 938 ulla
178 907 366 938 dubitatione
375 907 506 937 insanire
516 906 658 936 omnibus
670 916 704 936 ac
719 906 818 937 furere
833 905 994 936 videretur.

101 950 186 988 Quia
201 960 262 981 non
278 956 417 991 potuerat
428 955 588 990 argentum
605 949 729 989 eripere,
746 949 810 990 ipse
825 959 843 978 a
858 949 995 979 Diodoro

101 1001 203 1034 erepta
224 993 281 1023 sibi
303 1003 374 1024 vasa
389 993 503 1034 optime
518 992 597 1022 facta
611 992 748 1022 dicebat:
773 991 909 1022 minitari
924 994 994 1022 abs-

101 1037 164 1066 enti
180 1036 336 1066 Diodoro:
361 1035 516 1066 vociferari
531 1036 654 1076 palam:
678 1035 827 1076 lacrymas
839 1035 994 1067 interdtun

100 1079 153 1109 vix
168 1084 277 1109 tenere.
301 1079 485 1119 Eriphylam
501 1078 670 1118 accepimus
685 1078 717 1108 in
733 1078 845 1108 fabulis
860 1078 896 1108 ea
910 1078 996 1119 cupi-

101 1122 206 1159 ditate,
223 1128 268 1159 ut,
285 1132 356 1153 cum
372 1122 494 1152 vidisset
509 1121 633 1158 monile,
646 1127 682 1151 ut
691 1121 808 1162 opinor,
827 1131 864 1151 ex
880 1132 953 1152 auro
966 1127 995 1152 et

101 1165 243 1205 gemmis,
260 1164 486 1206 pulchritudine
496 1165 561 1204 ejus
576 1164 708 1202 incensa,
721 1164 850 1194 salutem
861 1164 917 1194 viri
926 1175 996 1205 pro-

101 1208 194 1238 deret.
219 1208 334 1238 Similis
348 1207 434 1238 istius
450 1208 620 1248 cupiditas:
644 1207 702 1237 hoc
723 1207 814 1237 etiam
833 1208 928 1237 aerior
951 1213 997 1238 at-

101 1261 162 1291 que
176 1251 320 1287 insanior,
346 1250 429 1291 quod
443 1250 496 1280 illa
517 1250 657 1291 cupiebat
676 1249 719 1287 id,
748 1250 831 1291 quod
857 1250 992 1287 viderat;

102 1293 196 1333 hujus
219 1294 360 1324 libidines
376 1303 437 1323 non
452 1294 552 1324 solum
563 1293 669 1332 oculis,
687 1292 739 1323 sed.
754 1293 846 1323 etiam
858 1293 995 1333 auribus⁷

104 1337 324 1367 excitabantur.

147 1380 242 1410 XIX.
268 1379 417 1420 Conquiri
439 1378 612 1409 Diodorum
636 1377 700 1408 tota
722 1378 878 1420 provincia
894 1379 994 1418 jubet.

104 1422 163 1453 Ille
179 1433 217 1453 ex
231 1421 334 1453 Sicilia
345 1424 412 1462 jam
427 1429 523 1452 castra
534 1427 682 1458 moverat,
695 1427 724 1452 et
740 1432 810 1452 vasa
825 1422 994 1462 collegerat.

104 1465 221 1503 Homo,
235 1471 268 1495 ut
279 1465 382 1506 aliquo
391 1465 483 1495 modo
494 1465 584 1495 illum
593 1464 625 1494 in
637 1464 823 1504 provinciam
833 1471 995 1503 revocaret,

103 1507 182 1538 hanc
197 1509 379 1549 excogitavit
394 1508 542 1538 rationem
554 1518 563 1543 3
581 1507 605 1538 si
615 1507 679 1537 haec
690 1507 766 1538 ratio
776 1507 888 1548 potius,
900 1518 995 1549 quam

103 1551 237 1581 amentia
260 1551 447 1581 nominanda
470 1557 523 1582 est.
560 1550 702 1591 Apponit
725 1550 762 1580 de
787 1551 848 1581 suis
872 1551 998 1581 canibus

104 1594 283 1634 quemdam,
308 1594 362 1635 qui
386 1593 476 1631 dicat,
501 1605 531 1624 se
546 1592 720 1624 Diodorum
737 1593 932 1624 Melitensem
954 1594 997 1624 rei

103 1636 239 1677 capitalis
254 1648 342 1668 reum
357 1637 433 1667 velle
453 1637 558 1667 facere.
592 1636 697 1667 Primo
717 1637 832 1666 mirum
853 1636 996 1667 omnibus

103 1679 209 1717 videri,
230 1680 403 1711 Diodorum
418 1690 517 1717 reum,
533 1679 690 1710 hominem
705 1679 941 1720 quietissimum,
958 1681 998 1710 ab

102 1722 185 1753 omni
201 1732 262 1754 non
277 1723 368 1755 modo
383 1723 534 1763 facinoris,
546 1732 652 1754 verum
662 1722 754 1755 etiam
763 1722 885 1754 minimi
897 1722 997 1760 errati,
