1181 1902
157 108 199 140 34
330 108 420 140 PRO
445 108 482 139 P.
499 107 711 147 QUINTIO.
728 108 813 139 CAP.
830 107 881 139 31.

161 203 244 232 men,
262 199 296 224 ut
317 194 348 224 in
369 194 467 235 capite
487 194 677 236 fortunisque
696 194 857 224 hominum
878 192 1051 224 honestissi-

160 247 282 267 morum
298 237 492 268 dominentur
506 238 540 276 ii,
556 238 621 279 qui,
635 238 739 268 relicta
753 239 902 267 bonorum
915 236 1050 267 virorum

157 280 329 320 disciplina,
355 287 384 311 et
406 288 557 322 quaestum
579 287 608 311 et
636 287 773 310 sumtum
800 279 935 309 Gallonii
963 278 1049 319 sequi

160 323 346 361 maluerunt,
363 330 454 364 atque
470 324 560 354 etiam
577 324 673 364 (quod
694 324 725 353 in
745 324 799 353 illo
814 333 874 353 non
890 322 962 359 fuit)
978 331 1049 352 cum

160 366 288 396 audacia
308 367 495 407 perfidiaque
518 367 667 397 vixerunt.
701 367 733 397 si
753 367 823 396 licet
843 366 942 396 vivere
965 375 1049 403 eum,

161 419 254 450 quem
279 411 349 440 Sex.
373 410 501 440 Naevius
527 420 588 439 non
614 410 699 446 vult3
734 409 758 439 si
784 414 827 439 est
852 407 971 438 homini
994 408 1051 438 ho-

161 457 246 482 nesto
266 452 350 483 locus
364 452 396 482 in
418 453 547 492 civitate,
567 453 661 483 invito
677 452 806 487 Naevio;
831 451 855 482 si
874 451 919 481 fas
940 456 984 480 est
1003 460 1052 480 re-

160 495 273 535 spirare
298 496 334 525 P.
360 496 538 534 Quintium,
569 502 672 526 contra
701 501 813 525 nutum
843 494 1059 534 ditionemque·

161 538 284 574 Naevii3
308 539 344 577 si,
366 550 435 580 quae
455 539 571 579 pudore
591 544 769 569 ornamenta
789 537 847 568 sibi
867 537 995 578 peperit,
1017 546 1053 566 ea

162 586 272 621 potest,
289 588 393 612 contra
412 582 626 623 petulantiam,
643 588 672 611 te
687 581 877 619 defendente,
894 580 1050 615 obtinere;

160 634 231 664 spes
243 630 297 662 est,
315 631 345 655 et
358 625 440 655 hunc
455 625 600 654 miserum
614 631 705 665 atque
720 624 872 654 infelicem
888 621 1054 663 aliquando

163 666 286 697 tandem
308 677 394 708 posse
414 668 582 697 consistere.
617 668 672 698 Sin
694 673 723 697 et
743 667 854 708 poterit
873 665 1002 696 Naevius
1022 664 1055 698 id

162 710 246 750 quod
261 710 347 748 libet,
364 716 393 740 et
409 710 435 740 ei
450 711 557 740 libebit
572 711 654 751 quod
676 720 736 740 non
757 710 847 745 licet;
871 709 946 749 quid
961 717 1053 748 agen-

160 753 235 782 dum
252 755 320 783 est?
344 754 397 793 qui
414 753 499 783 Deus
516 753 715 795 appellandus
731 755 796 783 est?
817 753 904 791 cujus
919 751 1057 781 hominis

161 795 235 825 fides
251 796 441 836 imploranda
456 798 524 826 est?
548 797 602 837 qui
616 796 746 836 denique
759 802 894 837 questus,
911 794 965 835 qui
977 804 1053 824 moe-

162 849 212 868 ror
224 838 346 879 dignus,
364 839 493 869 inveniri
507 839 538 869 in
555 839 726 869 calamitate
740 839 825 869 tanta
840 837 957 879 potest?

206 882 335 911 XXXI.
360 882 512 912 Miserum
527 888 571 912 est
586 882 740 912 exturbari
751 881 880 912 fortunis
891 880 1052 911 omnibus:

162 924 302 954 miserius
317 930 372 961 est,
389 924 509 964 injuriis„
532 925 690 955 Acerbum
706 931 750 955 est
761 926 799 955 ab
812 924 914 965 aliquo
924 923 1054 954 circum-

162 967 257 997 veniri
271 979 279 997 ε
304 968 450 1005 acerbius,
467 979 485 998 a
500 969 681 1009 propinquo.
706 967 927 998 calamitosum
944 972 988 997 est
999 967 1055 996 bo-

162 1010 209 1040 nis
229 1011 340 1041 everti:
364 1011 579 1049 calamitosius,
601 1022 672 1042 cum
693 1011 845 1041 dedecore.
880 1010 1053 1040 Funestum

161 1059 206 1084 est
220 1063 239 1083 a
253 1053 323 1084 forti
335 1059 426 1094 atque
441 1054 566 1084 honesto
581 1054 644 1085 viro
657 1054 812 1094 jugulari:
837 1053 996 1090 funestius,
1013 1053 1053 1082 ab

162 1106 209 1134 eo,
232 1097 319 1136 cujus
335 1107 394 1127 vox
415 1097 446 1127 in
468 1097 617 1137 praeconio
638 1103 755 1138 quaestu
775 1096 915 1137 prostitit.
947 1095 1055 1135 Indig-

161 1149 238 1169 num
259 1145 303 1169 est
327 1150 345 1169 a
368 1140 434 1180 pari
457 1140 536 1171 vinci
556 1146 610 1170 aut
630 1140 801 1181 superiore:
825 1139 992 1179 indignius,
1013 1139 1054 1168 ab

161 1182 302 1212 inferiore
317 1188 408 1223 atque
423 1183 594 1213 humiliore.
618 1183 810 1213 Luctuosum
822 1188 866 1212 est
879 1182 955 1212 tradi
967 1180 1054 1211 alteri

162 1235 234 1256 cum
250 1225 355 1255 bonis:
380 1226 558 1263 luctuosius,
574 1226 706 1256 inimico.
740 1225 897 1256 Horribile
917 1231 961 1255 est
982 1235 1059 1254 cau-

161 1278 228 1298 sam
252 1268 358 1309 capitis
380 1268 497 1300 dicere:
521 1268 706 1306 horribilius,
731 1268 830 1310 priore
853 1268 919 1298 loco
943 1267 1052 1298 dicere.

163 1310 282 1341 Omnia
308 1311 524 1352 circumspexit
549 1311 716 1349 Quintius3
740 1311 844 1342 onmia
868 1310 1055 1351 periclitatus

161 1359 217 1391 est,
235 1354 271 1384 G.
287 1354 419 1394 AquiJh'.
444 1355 516 1384 Non
532 1360 692 1394 praetorem
707 1354 810 1392 modo,
824 1365 842 1384 a
857 1364 918 1394 quo
930 1354 981 1392 jus
993 1353 1054 1383 im-

161 1402 303 1437 petraret,
319 1397 453 1427 invenire
465 1407 525 1427 non
541 1397 652 1438 potuit,
669 1406 759 1438 atque
773 1397 847 1427 adeo
862 1406 900 1426 ne
910 1396 991 1426 unde
1006 1407 1056 1426 ar<

160 1439 273 1470 bitratu
286 1439 410 1480 quidem
420 1450 474 1470 suo
484 1440 649 1481 postularet
662 1451 671 1477 3
696 1440 747 1470 sed
758 1451 795 1470 ne
805 1440 917 1470 amicos
928 1439 1054 1480 quidem

161 1482 233 1513 Sex.
256 1482 378 1519 Naevii;
408 1493 539 1524 quorum
561 1494 639 1523 saepe
659 1489 688 1513 et
708 1483 761 1513 diu
785 1483 823 1513 ad
846 1482 937 1524 pedes
958 1482 1056 1522 jacuit

162 1531 284 1563 stratus,
301 1526 459 1556 obsecrans
479 1537 532 1566 per
552 1526 635 1556 Deos
655 1526 852 1563 immortales,
874 1532 910 1556 ut
928 1532 983 1556 aut
1005 1535 1052 1555 se-

159 1578 231 1598 cum
244 1569 312 1607 jure
327 1568 552 1605 contenderent,
574 1575 627 1599 aut
642 1569 787 1608 injuriam
804 1569 867 1599 sine
881 1568 1052 1609 ignominia

161 1611 219 1642 sibi
234 1611 434 1651 imponerent.
459 1611 602 1653 Denique
622 1612 716 1652 ipsius
736 1612 852 1642 inimici
867 1612 987 1642 vultum
1000 1622 1052 1641 su-

162 1654 376 1695 perbissimum
402 1655 513 1685 subiit:
538 1655 632 1696 ipsius
657 1657 728 1686 Sex.
753 1655 855 1685 Naevii
879 1655 1051 1695 lacrymans

160 1707 290 1728 manum
311 1698 481 1738 prehendit,
502 1698 535 1728 in
554 1698 797 1739 propinquorum
817 1697 904 1728 bonis
924 1697 1053 1738 proscri-

160 1739 268 1771 bendis
277 1740 480 1771 exercitatam.
504 1741 693 1779 Obsecravit,
706 1751 759 1782 per
770 1740 870 1771 fratris
882 1739 929 1771 sui
940 1739 1053 1770 mortui

160 1782 302 1825 cinerem,
317 1793 371 1826 per
385 1793 496 1815 nomen
512 1783 757 1826 propinquitatis,
769 1794 822 1826 per
836 1783 932 1825 ipsius
945 1783 1054 1823 conju-
