1181 1902
152 99 194 130 28
319 99 412 131 PRO
437 101 474 131 P.
491 99 705 138 QUINTIO.
722 99 807 132 CAP.
823 99 876 132 252

152 184 226 223 sius,
243 190 273 216 et
287 196 360 216 cum
374 192 450 217 esset
464 192 577 218 attente
591 186 750 218 auditurus
770 187 944 228 Philippus,
965 185 1042 224 fore,

153 228 211 265 uti,
227 230 386 269 permultis
401 230 433 260 in
447 232 548 269 rebus,
564 231 672 261 timore
686 231 866 271 prolaberer.
891 230 1040 260 Dicebam

154 270 225 301 huic
241 272 282 310 Q.
299 273 420 311 Roscio,
437 274 523 313 cujus
539 284 620 304 soror
632 280 675 304 est
690 285 759 304 cum
771 274 807 303 P.
819 273 959 311 Quintio,
972 282 1044 302 cum

153 324 172 343 a
187 324 237 344 me
257 321 381 356 peteret,
398 323 427 347 et
445 327 564 347 summe
585 317 786 353 contenderet,
808 322 843 346 ut
863 326 953 346 suum
974 325 1045 356 pro-

154 356 307 398 pinquum
328 359 532 397 defenderem,
557 360 633 389 mihi
653 360 827 401 perdifficile
848 369 920 396 esse,
943 364 1046 389 contra

155 400 229 431 tales
252 407 392 440 oratores,
416 413 477 433 non
499 403 590 433 modo
612 409 729 433 tantam
752 412 872 433 causam
894 411 1046 442 perorare⁷

154 443 208 473 sed
223 445 348 475 omnino
363 447 490 476 verbum
506 446 602 476 facere
618 446 727 476 conari.
752 446 832 476 Cum
845 444 984 485 cupidius
999 444 1046 473 in-

156 492 267 524 staret3
292 488 409 518 homini
430 499 484 529 pro
505 489 639 519 amicitia
664 489 845 519 familiarius
871 488 946 524 dixi,
966 486 1044 517 mihi

156 529 252 560 videri
273 541 323 561 ore
343 531 504 562 durissimo
520 543 592 569 esse,
610 533 674 573 qui,
695 537 842 573 praesente
863 541 909 568 eo,
925 535 1046 571 gestum

156 583 245 613 agere
267 581 443 605 conaretur:
469 575 523 616 qui
546 586 615 605 vero
638 586 709 605 cum
732 575 797 615 ipso
820 574 1046 609 contenderent,

156 626 218 655 eos,
236 617 353 647 etiamsi
369 618 444 658 quid
459 624 548 648 antea
563 618 635 649 recti
659 624 712 648 aut
732 617 850 648 venusti
865 618 976 647 habere
991 616 1048 646 visi

157 665 240 696 sunt,
256 660 288 690 id
304 661 460 691 amittere:
486 671 524 691 ne
539 661 613 702 quid
630 661 706 691 mihi
722 660 872 700 ejusmodi
887 659 1046 697 accideret,

156 712 228 733 cum
238 709 341 733 contra
351 704 443 734 talem
459 704 604 735 artificem
617 704 751 735 dicturus
764 714 869 739 essem,
877 713 927 733 me
942 701 1046 733 vereri.

162 772 164 774 ,
199 746 309 777 XXV.
334 747 419 777 Tum
434 747 511 777 mihi
533 747 660 778 Roscius
682 754 711 777 et
731 747 791 777 alia
810 746 920 783 multa,
937 745 1047 775 confir-

157 789 263 819 mandi
278 789 338 819 mei
354 789 453 825 causa,
467 790 564 821 dixit:
589 797 629 827 et,
647 791 829 827 mehercule,
841 790 865 820 si
877 789 954 819 nihil
969 788 1050 818 dice-

156 839 213 870 ret,
229 832 319 862 tacito
333 833 398 873 ipso
414 833 511 863 officio
534 839 563 864 et
584 833 694 872 studio,
717 833 799 874 quod
821 833 953 862 habebat
974 841 1046 871 erga

155 876 364 916 propinquum
386 887 487 913 suum,
505 877 643 916 quemvis
663 881 875 907 commoveret.
907 874 1046 912 Etenim,

156 928 229 949 cum
249 918 358 948 artifex
380 919 529 958 ejusmodi
550 920 598 958 sit,
623 928 657 949 ut
677 920 759 949 solus
779 919 891 959 (lignus
913 918 1051 949 videatur

157 971 230 998 esse,
248 961 301 1002 qui
316 961 347 991 in
369 963 457 992 scena
477 968 646 1003 spectetur;
670 968 738 992 tum
754 962 798 992 vir
819 961 968 1001 ejusmodi
989 966 1045 997 est,

157 1010 193 1034 ut
208 1005 289 1034 solus
309 1004 420 1045 dignus
439 1005 587 1043 videatur,
610 1005 665 1046 qui
685 1015 720 1036 eo
741 1015 802 1035 non
823 1004 952 1035 accedat.
985 1003 1050 1034 Ve-

157 1054 343 1085 rumtamen,
361 1048 435 1089 quid
451 1048 487 1085 si,
503 1048 615 1089 inquit,
632 1049 724 1079 habes
744 1047 893 1088 ejusmodi
913 1057 1047 1084 causam,

158 1096 194 1120 ut
208 1091 265 1120 hoc
281 1090 336 1121 tibi
351 1092 480 1132 planum
492 1091 530 1122 sit
544 1091 729 1129 faciendum,
742 1091 897 1121 neminem
908 1101 981 1127 esse,
994 1089 1050 1130 qui

157 1133 253 1175 possit
267 1134 372 1171 biduo,
386 1140 439 1164 aut
455 1145 611 1165 summum
624 1134 736 1172 triduo,
748 1134 938 1175 septingenta
952 1133 1051 1163 millia

158 1187 304 1218 passuum
321 1178 501 1207 ambulare?
526 1184 667 1208 tamenne
682 1178 801 1215 vereris,
821 1183 856 1206 ut
876 1176 970 1217 possis
985 1176 1051 1205 haec

159 1225 263 1250 contra
287 1220 488 1250 Hortensium
515 1220 718 1251 contendere?
743 1220 887 1257 Minime,
911 1219 1048 1260 inquam.

160 1262 220 1293 Sed
236 1262 310 1303 quid
325 1263 356 1292 id
371 1263 410 1293 ad
430 1264 517 1293 rem?
543 1264 713 1300 Nimirum,
729 1263 840 1304 inquit,
856 1263 888 1292 in
910 1272 944 1292 eo
960 1272 1052 1292 causa

160 1306 305 1336 consistit.
339 1306 527 1344 Quomodo?
551 1306 649 1337 Docet
672 1317 722 1336 me
746 1305 895 1345 ejusmodi
921 1315 997 1343 rem,
1021 1310 1052 1334 et

160 1349 276 1379 factum
287 1348 378 1379 simul
389 1350 460 1379 Sex.
473 1350 504 1379 N
509 1350 586 1386 aevii,
599 1349 692 1390 quod,
705 1349 729 1379 si
742 1350 840 1379 solum
853 1348 1049 1389 proferretur,

160 1391 232 1422 satis
247 1402 309 1422 esse
325 1392 454 1422 deberet.
479 1392 572 1430 Quod
588 1394 640 1422 abs
657 1398 696 1430 te,
714 1392 750 1422 G.
767 1392 901 1432 Aquini,
918 1397 948 1421 et
966 1401 984 1421 a
998 1401 1052 1420 vo-

161 1434 208 1465 bis
223 1435 277 1475 qui
293 1435 401 1465 adestis
413 1435 444 1465 in
457 1436 592 1471 consilio,
606 1446 719 1475 quaeso,
733 1442 767 1465 ut
783 1435 942 1475 diligenter
954 1439 1052 1464 atten-

160 1477 248 1507 datis.
281 1478 420 1508 Profecto
435 1478 620 1518 intelligetis,
636 1478 720 1508 illinc
741 1480 778 1508 ab
799 1478 886 1508 initio
901 1477 1052 1518 cupidita-

161 1525 224 1550 tem
240 1521 391 1561 pugnasse
406 1527 435 1551 et
450 1522 606 1552 audaciam
619 1532 627 1557 3
652 1521 723 1551 hinc
739 1521 894 1551 veritatem
911 1527 940 1550 et
954 1519 1052 1560 pudo-

161 1574 237 1599 rem,
255 1564 355 1604 quoad
370 1565 512 1604 potuerit,
525 1564 672 1594 restitisse.
698 1565 797 1601 Bona,
811 1564 956 1604 postulas,
967 1568 1002 1592 ut
1014 1573 1052 1593 ex

162 1606 258 1636 edicto
278 1607 428 1647 possidere
448 1608 544 1638 liceat.
578 1608 650 1645 Quo
670 1607 743 1637 die?
767 1613 796 1637 te
816 1608 930 1647 ipsum,
948 1606 1050 1641 Naevi,

162 1649 231 1679 volo
246 1650 369 1680 audire:
395 1651 473 1687 volo,
490 1650 663 1680 inauditum
679 1650 807 1687 facinus,
824 1650 930 1690 ipsius,
947 1649 1001 1689 qui
1021 1648 1053 1678 id

162 1692 327 1729 commisit,
341 1704 412 1724 voce
427 1694 573 1724 convinci.
598 1694 670 1731 Dic,
688 1694 789 1730 Naevi,
807 1693 898 1723 diem.
924 1692 1009 1722 Ante
1020 1691 1051 1721 V

165 1734 316 1766 Calendas
338 1735 538 1767 intercalares.
571 1737 657 1767 Bene
677 1737 762 1776 agis:
787 1747 882 1776 quam
902 1736 992 1775 longe
1012 1739 1057 1764 est

161 1776 236 1808 hinc
250 1778 282 1809 in
298 1779 409 1810 saltum
426 1785 561 1811 vestrum
578 1779 794 1810 Gafficanum?
813 1778 914 1816 Naevi,
931 1784 960 1811 te
972 1786 1058 1818 rogo-
