1181 1902
302 34 355 67 IN
378 33 576 66 VERREM
601 33 660 67 1v.
677 33 762 65 cru».
779 36 832 64 55.
949 36 1010 66 341

121 125 232 162 praetor
255 130 310 162 per
329 120 431 152 literas
454 121 648 162 supplicaret,
668 130 768 162 neque
790 130 862 151 eum
885 130 1017 162 praesens

109 169 230 200 'oraret,
253 170 287 193 ut
307 164 573 204 quamplun'mum
594 169 719 199 sereret,
744 173 826 194 nunc
847 170 961 201 autem,
978 174 1016 194 ne

120 212 189 255 post
209 206 327 236 abitum
352 207 477 247 quidem
501 207 596 246 hujus
620 206 888 247 importunissimae
912 207 1016 248 pestis,

121 249 285 290 quisquam
315 249 505 290 reperiretur,
537 250 590 290 qui
620 260 674 279 sua
704 250 859 280 voluntate
893 252 1016 280 araret?

120 292 211 332 pauci
231 299 328 323 essent
352 292 473 332 reliqui,
499 292 563 333 qui,
589 292 627 321 L.
645 292 766 322 Metelli
782 293 970 330 auctoritate,
984 293 1016 323 in

121 345 220 375 agrOS,
244 341 335 376 atque
351 335 390 365 ad
411 345 501 364 suum
520 335 631 364 Larem
648 335 842 372 familiarem,
859 336 1016 366 redirent?

165 378 225 408 His
241 385 269 408 te
291 378 396 415 literis,
413 378 505 408 homo
520 377 718 408 audacissime
734 385 825 419 atque
848 379 1018 409 amentissi-

120 421 188 451 me!
211 421 389 461 jugulatum
405 431 466 451 esse
481 430 542 450 non
555 420 646 451 sentis
659 422 673 451 ἓ
698 421 771 450 Non
794 421 888 458 vides,
905 432 976 452 cum
992 421 1017 452 is

121 463 175 504 qui
191 464 245 494 tibi
261 463 412 501 successit,
429 470 559 493 aratores
574 463 705 504 reliquos
717 464 860 504 appellet,
873 464 930 495 hoc
946 475 1017 495 eum

121 506 230 537 diserte
251 507 389 543 scribere,
409 506 542 547 reliquos
557 506 613 536 hos
629 517 702 545 esse,
725 516 785 536 non
802 517 839 537 ex
855 507 948 545 bello,
965 517 1018 537 ne-

120 559 180 589 que
195 559 232 579 ex
249 549 353 590 aliqua
368 549 547 588 hujusmodi
562 550 744 586 calamitate,
762 549 813 579 sed
834 560 871 579 ex
887 556 940 580 tuo
956 560 1018 580 sce-

119 592 192 630 lere,
219 592 462 633 importunitate,
494 593 632 631 avaritia,
663 592 839 623 crudelitate
857 594 871 623 ?
909 592 1019 623 Recita

119 641 235 665 caetera.

117 679 266 716 (Tamen,
271 688 333 719 pro
342 688 386 719 eo,
398 682 433 708 ut
444 679 589 719 temporis
605 679 780 719 dzfficultas,
796 682 1018 720 aratorumque

418 724 555 762 penuria
572 723 645 751 tulit
663 727 716 759 ...)

158 763 341 802 Aratorum,
366 764 479 806 inquit,
504 765 640 806 penuria.
671 765 704 796 Si
725 775 781 806 ego
799 770 956 795 accusator
971 770 1018 795 to-

117 806 172 838 ties
187 807 225 838 de
240 818 272 838 re
287 808 393 838 eadem
409 808 551 847 dicerem,
568 818 695 846 vererer,
712 818 750 838 ne
765 808 884 838 animos
905 815 1018 839 vestros

116 850 312 888 offenderem,
331 851 469 890 judices:
503 851 615 881 clamat
631 851 798 881 Metellus:
829 853 852 868 “
868 850 927 881 11151
949 851 1018 882 lite-

116 903 165 924 ras
187 893 371 924 misissem.”
405 894 479 924 Non
504 900 549 924 est
572 894 653 924 satis.
679 896 702 912 ‘⁸
715 894 786 925 Nisi
801 903 931 935 praesens
946 904 1018 925 con-

116 936 320 967 firmassem?
344 937 396 967 Ne
422 937 455 967 id
478 937 603 978 quidem
626 936 698 967 satis
725 944 778 968 est.
813 937 1017 978 “reliquos,'‘

116 978 230 1020 inquit,
256 982 278 997 “
295 980 448 1010 111-3101653
451 980 660 1028 'Reliquos?
683 990 779 1021 prope
802 980 929 1020 lugubri
950 991 1017 1011 ver-

116 1023 156 1053 bo
171 1022 376 1053 calamitatem
395 1022 559 1064 provinciae
580 1023 691 1054 Siciliae
712 1023 870 1064 significat.
903 1023 1016 1062 Addit,

116 1067 139 1083 “
155 1066 326 1096 Aratorum
341 1066 504 1107 penuria.”

161 1108 232 1138 LV.
256 1108 442 1150 Exspectate
458 1109 562 1147 etiam,
576 1109 706 1149 judices,
724 1115 906 1151 exspectate,
924 1110 949 1141 si
963 1120 1018 1151 po-

115 1151 210 1189 testis,
228 1152 439 1182 auctoritatem
456 1153 653 1183 accusationis
669 1163 755 1183 meae.
791 1153 869 1183 Dico
886 1160 1017 1184 aratores

114 1194 138 1224 i
136 1195 201 1224 tius
217 1195 343 1225 avaritia
359 1196 488 1234 ejectos:
525 1195 627 1226 scribit
642 1196 802 1234 Metellus,
824 1196 956 1237 reliquos
977 1198 1016 1227 ab

115 1248 146 1267 se
158 1248 220 1268 esse
235 1238 437 1268 confirmatos.
461 1237 541 1269 Dico
557 1249 644 1279 agros
659 1239 789 1276 relictos,
806 1240 1016 1281 arationesque

113 1280 244 1311 desertas
265 1291 343 1311 esse:
370 1281 473 1311 scribit
493 1281 641 1312 Metellus
660 1288 814 1312 aratorum
831 1292 894 1313 esse
917 1292 1016 1324 penu-

113 1323 201 1354 riam.
226 1324 296 1354 Hoc
311 1334 382 1354 cum
398 1324 512 1362 scribit,
529 1325 607 1354 inud
622 1325 764 1362 ostendit,
781 1325 922 1364 dejectos,
939 1327 1016 1365 ejec-

114 1373 172 1405 ωε,
197 1367 327 1397 fortunis
347 1368 491 1398 omnibus
515 1368 657 1408 expulsos
678 1378 741 1398 esse
756 1368 863 1409 populi
878 1369 1015 1400 Romani

115 1410 209 1440 socios
225 1416 317 1451 atque
333 1411 462 1441 amicos:
481 1411 593 1452 quibus
609 1411 634 1441 si
643 1421 711 1459 *qua
726 1411 881 1442 calamitas
892 1418 1016 1453 propter

114 1452 220 1490 istum,
237 1453 327 1484 salvis
343 1453 542 1494 vectigalibus
557 1454 677 1492 nostris,
695 1454 860 1492 accidisset,
876 1454 1016 1485 animad-

113 1502 230 1526 vertere
255 1496 287 1526 in
313 1506 385 1527 eum
409 1507 462 1527 vos
488 1498 665 1545 oportebat,
689 1498 857 1538 praesertim
882 1508 953 1528 cum
979 1508 1016 1528 ea

113 1539 180 1579 lege
193 1539 379 1579 judicaretis,
397 1550 467 1580 quae
480 1540 629 1571 sociorum
645 1550 736 1571 causa
750 1546 826 1571 esset
841 1541 1014 1571 constituta.

116 1581 199 1612 Cum
222 1593 304 1620 vero,
329 1582 454 1623 perditis
478 1583 707 1624 profligatisque
733 1583 830 1621 506115,
857 1584 1016 1625 vectigalia

116 1625 224 1666 populi
255 1625 393 1656 Romani
424 1626 483 1656 sint
513 1626 693 1663 deminuta;
731 1636 777 1657 res
802 1626 1014 1665 frumentaria,

116 1674 317 1706 commeatus,
328 1668 434 1709 copiae,
448 1669 529 1700 salus
539 1669 635 1700 Urbis
647 1675 739 1711 atque
749 1670 939 1700 exercituum
945 1680 1015 1700 nos-

117 1715 236 1741 trorum
259 1711 291 1742 in
307 1712 514 1753 posteritatem
527 1712 614 1744 istius
628 1711 754 1744 avaritia
769 1712 933 1751 interierit;
957 1713 1017 1744 sal-

702 1757 722 1786 2
735 1765 757 1786 G
774 1756 794 1786 3
