1181 1902
278 73 332 105 IN
354 74 551 106 VERREM
575 75 637 107 1v.
659 74 744 107 CAP.
760 74 813 111 72.
930 73 996 106 350

104 157 211 190 reddas
223 160 365 191 societati.
379 161 546 192 Possumus
554 161 612 192 hoc
621 166 706 199 teste,
713 171 875 202 possumus
882 160 919 192 P.
927 161 998 192 Ser-

105 202 169 233 vilii
181 208 210 233 et
223 203 258 233 C.
269 204 398 233 Antistii
418 204 632 245 magistrorum
648 204 752 243 literis,
763 205 932 246 primorum
940 204 998 235 ho-

104 246 224 276 minum
240 253 331 287 atque
345 246 636 286 honestissimorum,
649 258 810 289 possumus
822 248 999 278 auctoritate

105 289 263 326 societatis,
291 290 378 328 cujus
398 290 492 320 literis
518 290 646 329 utimur,
671 291 753 332 quod
778 291 917 328 dicimus,
942 291 999 320 ob-

105 332 224 363 tinere?
248 342 287 363 an
310 333 415 374 aliqua
438 333 573 364 firmiora
596 340 649 364 aut
672 334 811 374 graviora
834 334 1000 375 quaerenda

106 383 177 406 sunt
191 377 205 406 ἓ

149 418 294 449 LXXII.
318 418 452 455 Vettius,
476 425 547 450 tuus
570 418 837 457 familiarissimus,
860 419 998 459 Vettius,

106 467 177 492 tuus
192 461 302 499 affinis,
315 462 403 501 cujus
417 472 548 493 sororem
563 462 656 493 habes
670 462 702 492 in
718 463 925 500 matrimonio,
937 469 1000 494 tuae

104 504 196 535 frater
205 504 308 535 uxoris
318 505 452 543 Vettius,
462 505 554 536 frater
562 506 608 536 tui
620 506 788 546 quaestoris,
800 511 926 536 testatur
939 507 1000 537 im-

106 547 360 588 pudentissimum
377 556 467 578 tuum
482 548 612 586 furtum,
629 549 892 589 certissimumque
907 559 1000 589 pecu·-

106 591 204 621 latum
217 602 224 620 :
243 593 328 624 (nam
339 601 400 631 quo
412 591 471 621 alio
480 592 604 622 nomine
615 592 752 632 pecuniae
760 592 892 632 publicae
903 592 1000 623 foene-

104 634 179 664 ratio
191 639 235 664 est
250 634 469 674 appeuanda?)
487 635 594 665 Recita
606 635 732 675 reliqua.
758 635 895 665 Scribam
907 641 998 666 tuum

104 677 221 713 dicunt,
254 677 378 714 Verres‚·
408 677 501 717 hujus
535 678 765 718 perscriptorem
794 678 999 709 foenerationis

105 720 216 750 fuisse:
242 719 269 750 ei
284 730 407 760 quoque
421 720 559 761 magistri
584 721 742 751 minantur
762 722 793 751 in
814 721 917 751 literis.
941 721 1000 752 Et-

106 763 189 793 enim
205 773 275 793 casu
299 762 436 804 [scribae]
458 770 525 794 tum
544 764 606 794 duo
625 764 764 804 magistri
787 764 912 794 fuerunt
928 775 999 795 cum

106 806 220 837 Vettio.
244 806 340 836 Binas
364 807 542 837 centesimas
568 809 607 838 ab
637 818 668 838 se
697 808 812 838 ablatas
839 807 1000 838 ferendum

107 859 169 879 non
193 855 327 890 putant;
357 855 387 880 et
410 856 488 880 recte
508 860 568 880 non
587 856 706 891 putant.
736 850 817 888 Quis
840 851 921 881 enim
942 851 1000 881 hoc

106 893 177 923 fecit
192 894 355 933 unquam?
379 893 447 933 quis
466 893 598 934 denique
616 899 740 924 conatus
756 900 801 924 est
821 893 928 931 facere,
946 899 1000 924 aut

106 946 193 976 posse
222 935 286 965 fieri
315 936 468 975 cogitavit,
499 942 545 974 ut,
576 947 646 967 cum
672 943 792 967 senatus
822 937 1001 977 publicanos

106 979 200 1009 usura
215 989 294 1019 saepe
312 979 450 1018 juvisset,
472 979 666 1020 magistratus
682 990 701 1009 a
722 980 893 1021 publicanis
908 991 1001 1021 pecu-

107 1022 190 1052 niam
206 1032 262 1062 pro
278 1021 376 1052 usuris
391 1022 515 1053 auderet
530 1023 647 1053 auferre
659 1024 674 1053 ?
697 1024 786 1054 Certe
798 1023 869 1053 huic
881 1023 1000 1054 homini

106 1075 173 1106 spes
188 1065 274 1095 nulla
289 1065 394 1095 salutis
409 1071 495 1104 esset,
512 1065 537 1096 si
551 1066 717 1107 publicani,
734 1066 792 1097 hoc
803 1071 859 1106 est,
875 1066 900 1096 si
915 1067 1002 1108 equi-

107 1114 152 1138 tes
169 1108 314 1145 Romani,
327 1108 508 1147 judicarent.

148 1151 255 1181 Minor
269 1162 331 1182 esse
349 1150 452 1193 [cura]
470 1161 562 1190 nunc,
581 1152 711 1192 judices,
727 1152 813 1183 vobis
828 1152 1001 1194 disceptan-

108 1195 190 1225 tibus
210 1194 323 1230 debet3
346 1200 376 1224 et
399 1200 485 1225 tanto
502 1196 614 1233 minor,
631 1201 746 1237 quanto
771 1202 816 1226 est
833 1196 1001 1235 honestius,

109 1238 215 1268 alienis
239 1237 369 1276 injuriis,
391 1248 486 1279 quam
504 1249 536 1269 re
551 1239 617 1276 sua,
634 1240 827 1270 commoveri.
852 1239 938 1278 Quid
962 1239 1002 1269 ad

110 1281 176 1312 haec
199 1280 378 1321 respondere
407 1280 544 1322 cogitas?
568 1282 684 1313 Utrum
709 1282 825 1312 factum
848 1282 972 1324 negabis
986 1284 1001 1313 ?

108 1335 148 1354 an
163 1324 218 1355 tibi
230 1324 287 1354 hoc
296 1324 415 1354 licitum
427 1334 490 1354 esse
501 1324 643 1355 defendes
653 1328 667 1356 Ρ
691 1326 814 1366 Negare
824 1327 878 1366 qui
890 1331 975 1367 potes
986 1327 1001 1356 ?

108 1377 148 1397 an
172 1374 207 1398 ut
231 1368 317 1397 tanta
338 1367 516 1398 auctoritate
539 1368 707 1406 literarum,
729 1374 775 1399 tot
794 1369 920 1400 testibus
943 1379 1003 1410 pu-

110 1410 248 1449 blicanis,
276 1410 481 1441 convincare?
504 1412 641 1442 Licuisse
664 1422 734 1443 vero
761 1413 844 1453 qui?
867 1412 912 1449 Si,
937 1422 1004 1442 me-

108 1453 242 1489 hercule,
258 1459 288 1484 te
308 1454 470 1494 pecuniam
485 1460 583 1492 tuam,
606 1465 667 1486 non
683 1455 790 1496 populi
806 1455 953 1493 Romani,
969 1455 1002 1485 in

108 1496 262 1537 provincia
285 1497 465 1527 foeneratum
486 1498 635 1535 docerem,
658 1504 759 1528 tamen
781 1498 914 1539 effugere
940 1508 1003 1528 non

110 1540 250 1581 possesz*
266 1540 318 1570 sed
329 1540 496 1581 publicam,
510 1541 562 1571 sed
577 1543 616 1571 ob
632 1541 821 1571 frumentum
837 1542 1002 1578 decretam,

110 1583 162 1613 sed
186 1593 204 1613 a
227 1583 397 1624 publicanis
421 1583 533 1614 foenore
552 1591 696 1625 accept03
717 1585 776 1615 hoc
795 1585 915 1615 licuisse
940 1585 1006 1615 cui-

110 1637 204 1667 quam
220 1627 387 1667 probabis?
411 1638 474 1668 quo
497 1637 557 1658 non
579 1628 671 1658 modo
692 1628 801 1665 caeteri,
818 1628 871 1658 sed
890 1634 923 1658 tu
939 1628 1005 1668 ipse

110 1669 190 1699 nihil
211 1669 355 1700 audacius
376 1669 606 1712 improbiusque
630 1671 735 1701 fecisti.
775 1671 860 1709 Non,
884 1671 1004 1701 meher-

112 1712 190 1749 cule,
207 1712 275 1751 hoc,
299 1712 383 1754 quod
406 1713 549 1744 omnibus
568 1714 721 1755 singulare
736 1713 867 1752 videtur,
889 1714 927 1745 de
942 1722 1005 1754 quo

111 1755 188 1787 mihi
203 1755 344 1798 deinceps
358 1756 522 1789 dicendum
534 1763 590 1797 est,
605 1768 743 1800 possum,
756 1757 885 1798 judices,
907 1757 1013 1789 dicerer
