1181 1902
246 120 298 151 IN
321 122 519 154 VERREM
549 122 615 154 ΙΙΙ.
637 123 723 154 CM».
739 123 793 159 67.
901 123 966 158 275

73 217 141 239 rum
164 218 337 246 commune,
360 214 389 239 et
409 211 573 240 conventus
590 209 685 246 iilius,
703 219 738 240 ac
758 219 852 250 prope
872 208 966 239 totius

71 252 252 292 provincize':
276 259 391 293 quanta
403 253 474 282 illuc
490 252 666 290 multitudo,
684 258 798 293 quanta
808 253 852 282 vis
865 251 965 282 homi-

69 305 156 329 num,
174 297 345 326 convenisse
361 295 516 325 dicebatur
532 303 610 332 tum,
631 306 701 326 cum
718 302 825 325 statuae
841 301 912 325 sunt
926 295 964 324 il-

68 338 126 368 lius
144 338 266 377 dejectae
281 345 372 379 atque
389 340 518 368 eversae?
542 345 572 368 at
585 349 646 379 quo
658 339 745 369 loco?
770 338 964 369 celeberrimo

68 391 102 411 ac
118 381 356 419 reliuiosissimm
381 387 451 411 ante
466 381 566 422 ipsum
578 382 728 422 Serapim,
742 381 773 411 in
789 382 889 422 primo
909 380 965 410 ad-

65 423 109 454 itu
134 425 311 465 vestibuloq·
308 435 343 454 le
371 424 488 465 templi.
531 424 625 461 Quod
647 424 706 454 nisi
731 424 878 454 Metellus
904 424 962 454 hoc

65 472 128 497 tam
145 478 218 508 grav
219 467 274 497 iter
295 467 412 507 egisset,
435 473 528 508 atque
549 467 635 497 illam
659 477 723 497 rem
740 467 868 508 imperio
883 467 964 497 edic-

67 516 160 551 toque
184 510 399 551 prohibuisset
423 510 585 550 vestigium
613 516 785 540 statuarum
815 510 902 540 istius
931 509 964 540 in

64 554 129 583 tota
141 553 245 584 Sicilia
260 554 382 583 nullum
395 559 469 584 esset
485 554 634 583 relictum.

104 598 212 637 Atque
235 607 290 636 ego
313 596 370 626 hoc
390 607 450 626 non
473 607 586 633 vereor,
606 606 645 626 ne
665 596 740 637 quid
761 596 872 626 horum
900 605 961 626 non

62 639 154 669 modo
170 639 316 680 impulsu,
334 650 439 669 verum
456 640 580 669 omnino
595 639 727 669 adventu
744 649 824 675 meo,
844 638 960 669 factum

64 692 127 712 esse
140 683 284 713 videatur.
310 682 426 712 Omnia
442 682 498 712 ista
514 689 583 712 ante
595 682 674 713 facta
689 689 770 719 sunt,
784 691 845 711 non
855 681 959 718 modo,

64 736 159 766 quam
180 736 235 766 ego
256 726 402 763 Siciliam,
425 736 531 756 verum
547 726 638 756 etiam
655 736 749 766 quam
765 725 820 755 iste
836 724 961 755 Italiam

64 769 234 810 attingeret.
259 768 346 798 Dum
362 779 418 809 ego
433 768 464 798 in
482 769 584 799 Sicilia
600 779 681 805 sum,
697 768 784 798 nulla
794 774 894 798 statua
908 767 961 798 de-

61 812 142 851 jecta
153 818 206 842 est.
232 812 436 853 Posteaquam
452 811 536 842 iuinc
551 812 683 849 discessi,
700 822 769 852 quae
781 817 852 841 sunt
863 817 959 851 gesta,

63 855 240 895 cognoscite.

107 898 252 929 LXVII.
277 897 547 939 Centuripinorum
563 904 683 928 senatus
698 897 840 935 decrevit,
858 907 959 938 popu-

61 941 173 982 lusque
185 942 286 980 jussit,
303 947 348 978 ut,
362 952 431 982 quae
447 947 553 971 statuae
569 942 604 972 C.
619 941 723 971 Verris
737 941 843 981 ipsius,
860 946 890 971 et
904 950 959 981 pa-

62 984 128 1022 tris,
142 990 171 1015 et
186 985 254 1021 filii,
272 990 380 1022 essent,
397 995 446 1014 eas
467 990 630 1024 quaestores
651 983 857 1014 demoliendas
877 983 960 1013 loca-

62 1034 145 1063 rent;
170 1027 307 1068 dumque
319 1038 354 1058 ea
369 1027 525 1057 demolitio
537 1027 631 1064 fieret,
645 1033 794 1057 senatores
806 1037 844 1057 ne
856 1026 958 1057 XXX

60 1070 163 1101 minus
179 1070 324 1101 adessent.
349 1070 460 1101 Videte
475 1071 655 1110 gravitatem
671 1070 799 1100 civitatis
814 1075 844 1100 et
858 1069 959 1109 digni-

62 1119 172 1144 tatem·
198 1123 296 1155 neque
311 1124 360 1144 eas
375 1113 406 1143 in
423 1114 499 1143 urbe
511 1124 566 1143 sua
582 1120 695 1143 statuas
708 1124 770 1144 esse
782 1113 956 1149 voluerunt,

61 1167 138 1197 quas
153 1156 251 1193 inviti,
267 1167 321 1198 per
336 1156 399 1187 vim
415 1162 507 1197 atque
519 1157 696 1197 imperium,
712 1156 881 1192 dedissent·
905 1165 959 1186 ne-

60 1210 121 1241 que
137 1200 201 1239 ejus
216 1199 385 1237 hominis,
377 1209 408 1229 m
425 1210 517 1240 quem
534 1199 603 1241 ipsi,
620 1210 690 1230 cum
706 1199 884 1240 gravissimo
899 1205 959 1229 tes-

60 1243 199 1281 timonio,
221 1243 344 1284 publice
373 1243 475 1291 (quod
496 1253 657 1284 nunquam
688 1249 789 1278 antea)
821 1243 956 1273 Romam

59 1286 204 1316 mandata
218 1287 396 1327 legatosque
408 1286 574 1316 misissent:
600 1292 629 1316 et
644 1286 675 1316 id
691 1286 812 1326 gravius
824 1295 887 1316 esse
898 1296 957 1326 pu-

59 1335 211 1367 taverunt,
229 1330 253 1360 si
268 1329 392 1370 publico
413 1329 548 1367 consilio,
565 1340 660 1370 quam
675 1330 700 1359 si
714 1339 768 1370 per
789 1329 851 1359 vim
874 1328 957 1358 mul-

59 1372 209 1410 titudinis,
225 1373 342 1403 factum
358 1372 519 1403 videretur.

103 1416 198 1453 Cum,
225 1416 282 1446 hoc
309 1415 444 1452 consilio,
471 1421 584 1446 statuas
615 1414 807 1456 Centuripini
833 1414 956 1455 publice

59 1459 263 1496 sustulissent,
290 1458 376 1488 audit
402 1458 567 1489 Metellus:
592 1459 723 1499 graviter
749 1458 821 1488 fert:
852 1464 957 1488 evocat

58 1502 98 1532 ad
113 1513 144 1532 se
161 1501 397 1543 Centuripinum
414 1502 640 1542 magistratum,
655 1508 684 1532 et
699 1501 954 1542 Decem-primos.

59 1545 130 1575 Nisi
156 1545 356 1576 restituissent
379 1550 504 1582 statuas,
530 1545 724 1575 vehementer
749 1545 785 1575 iis
811 1544 955 1575 minatur.

59 1588 111 1619 Illi
127 1587 166 1618 ad
183 1594 322 1618 senatum
338 1588 524 1618 renuntiant.
550 1589 677 1626 Statuae,
695 1599 763 1629 quae
777 1588 864 1618 istius
884 1598 956 1618 cau-

58 1642 98 1662 sae
113 1631 191 1661 nihil
206 1631 392 1672 prodessent,
414 1638 623 1671 reponuntur:
649 1631 767 1662 decreta
782 1630 957 1671 Centuripi-

58 1684 182 1712 norum,
206 1685 275 1716 quae
299 1674 336 1704 de
361 1674 468 1704 statuis
492 1681 576 1704 erant
600 1674 690 1711 facta,
712 1684 772 1704 non
794 1674 954 1704 tolluntur.

58 1717 123 1747 Hic
134 1727 190 1758 ego
203 1717 287 1748 aliud
300 1717 352 1747 alii
364 1717 511 1748 concedo:
537 1717 676 1755 Metello,
687 1717 806 1748 homini
815 1717 954 1758 sapienti,

56 1769 179 1801 prorsus
194 1770 256 1791 non
277 1771 403 1801 possum
427 1760 592 1801 ignoscere,
614 1761 640 1791 si
663 1761 738 1802 quid
759 1761 849 1791 stulte
874 1759 955 1790 facit.

50 1803 169 1841 Quid?
193 1803 245 1834 ille
269 1803 327 1834 hoc
350 1805 479 1845 putabat
503 1804 594 1834 Verri
618 1804 816 1835 criminosum
833 1803 907 1841 fore,
930 1802 955 1833 si

57 1846 122 1885 ejus
136 1852 244 1877 statuae
261 1853 359 1877 essent
374 1847 509 1886 dejectae,
526 1846 609 1888 quod
622 1858 701 1888 saepe
717 1853 818 1885 vento,
831 1851 884 1876 ant
900 1845 955 1876 ali-

1174 1233 1181 1375 Δ-Α-ῌ-ιγιω
