1181 1902
206 107 269 136 448
390 106 441 137 IN
464 107 661 138 VERREM
685 107 725 138 V.
750 106 835 138 CAP.
852 107 903 137 6-1.

197 201 268 220 cum
280 203 298 222 a
308 192 403 223 Verre
417 193 522 231 literae,
533 193 689 234 aliquanto
704 198 774 224 ante
789 192 954 223 adventum
970 202 1086 229 meum,

195 233 233 263 de
247 235 419 266 laudatione
428 236 589 273 venissent,
606 236 682 266 nihil
692 247 755 267 esse
770 235 925 266 decretum
938 246 946 265 ε
964 234 1085 272 deinde,

195 286 266 306 cum
287 278 412 318 quidam
427 289 465 308 ex
480 279 562 309 illius
577 279 681 309 amicis
697 284 934 315 commonerent,
950 283 1087 318 oportere

192 318 331 356 decerni;
356 321 492 351 maximo
515 332 577 352 esse
597 323 727 352 clamore
743 328 773 351 et
793 321 927 352 convicio
945 319 1087 361 repudia-

193 368 240 391 tos
253 373 260 392 :
278 369 476 405 posteaquam
491 375 577 395 meus
592 364 738 395 adventus
750 363 1013 405 appropinquarit,
1027 363 1087 392 im-

194 405 313 444 perasse
328 417 410 443 eum,
424 407 477 447 qui
488 418 641 437 summam
652 413 831 448 potestatem
843 407 978 443 haberet,
992 412 1026 436 ut
1035 405 1088 435 de-

194 455 367 480 cernerent:
392 450 547 480 decretum
562 450 604 481 ita
619 461 692 488 esse⁷
704 457 739 480 ut
753 450 852 480 multo
867 450 937 490 plus
952 449 1006 478 illa
1020 448 1088 478 lau-

195 490 277 521 datio
299 493 385 529 mali,
402 503 495 534 quam
511 493 594 528 boni,
610 499 710 533 posset
736 493 849 523 afferre.
874 492 913 522 ld
936 491 1020 525 adeo,
1037 492 1090 530 ju-

194 533 285 570 dices,
303 541 337 565 ut
351 536 427 566 mihi
449 537 488 566 ab
502 536 562 566 illis
579 536 820 567 demonstratum
841 541 896 573 est,
913 534 954 565 sie
975 544 1027 565 vos
1047 544 1085 564 ex

201 586 251 606 me
267 579 445 618 cognoscite.

238 620 361 651 LXiv.
384 622 457 652 Mos
472 628 516 652 est
529 622 694 663 Syracusis,
710 627 756 659 ut,
770 622 795 652 si
811 620 873 662 qua
889 620 926 650 de
941 630 972 650 re
987 619 1026 650 ad
1038 630 1085 650 se-

194 668 301 693 natum
317 664 473 702 referatur,
497 665 576 695 dicat
592 665 782 702 sententiam,
799 664 852 705 qui
869 663 958 693 velit:
984 662 1085 692 norni-

192 705 289 736 natim
305 716 394 737 nemo
417 714 549 748 rogatur.
577 709 620 738 Et
635 714 749 744 tamen,
766 713 801 737 ut
823 706 951 746 quisque
972 705 1086 735 honore

194 754 224 778 et
249 755 335 779 aetate
359 751 518 788 antecedit,
546 751 588 780 ita
602 751 720 791 primus
738 751 813 780 solet
834 748 888 778 su&
911 756 1015 789 sponte
1039 747 1086 777 di-

194 801 259 822 cere
272 804 279 822 :
304 792 396 833 idque
410 804 429 823 a
440 794 552 824 caeteris
568 793 594 823 ei
609 793 790 824 conceditur.
816 791 849 822 Si
864 791 986 832 quando
1007 797 1086 821 tace-

193 840 246 864 ant
269 845 384 873 omneS‚
409 842 481 866 tunc
505 837 609 867 sortito
629 842 779 876 coguntur
799 834 905 864 dicere.
930 834 1012 864 Cum
1036 834 1087 863 hic

193 886 259 907 mos
275 884 361 915 esset,
378 879 506 909 refertur
521 879 559 909 ad
572 885 710 909 senatum
726 878 763 909 de
777 877 951 908 laudatione
967 876 1082 906 Verris.

194 920 234 949 ln
251 931 312 960 quo
332 921 468 962 primum
490 928 525 952 ut
540 922 655 963 aliquid
672 927 747 952 esset
761 931 866 956 morae,
887 920 977 949 multi
993 920 1086 949 inter-

192 963 328 1002 pellant:
353 964 390 994 de
406 967 476 995 Sex.
495 965 654 1001 Peducaeo,
677 965 731 1005 qui
749 964 786 993 de
801 964 855 993 illa
869 962 991 993 civitate
1006 963 1084 992 tot-22-

193 1016 253 1045 que
269 1006 423 1046 provincia
442 1008 556 1048 optime
571 1008 697 1038 meritus
712 1014 800 1044 esset,
821 1016 883 1036 sese
898 1011 996 1041 antea,
1014 1015 1084 1035 cum

192 1048 347 1081 audissent
370 1051 396 1080 ei
412 1051 568 1091 negotium
591 1050 774 1087 facessstum,
791 1059 923 1089 eumque
940 1058 1010 1078 eum
1026 1059 1084 1088 pu-

192 1091 279 1128 blice,
296 1103 351 1133 pro
371 1094 512 1134 plurimis
528 1095 593 1133 ejus
608 1100 637 1124 et
657 1093 800 1123 maximis
816 1091 942 1127 meritis,
959 1091 1084 1121 laudare

191 1142 346 1175 cuperent,
361 1147 378 1166 a
399 1137 435 1167 C.
453 1136 549 1167 Verre
564 1136 730 1177 prohibitos
746 1146 826 1166 esse:
851 1134 993 1177 iniquum
1010 1144 1082 1169 esse,

191 1179 310 1208 tametsi
328 1179 493 1210 Peducaeus
516 1190 621 1210 eorum
642 1179 815 1209 laudatione
827 1179 892 1216 jam
909 1186 969 1206 non
982 1182 1082 1206 utere-

191 1225 251 1257 tur,
268 1228 370 1252 tamen
386 1233 446 1252 uon
469 1222 501 1252 id
521 1223 605 1264 prius
627 1223 795 1258 decernere,
820 1220 901 1261 quod
917 1219 1082 1260 aliquando

191 1264 365 1301 voluissent,
383 1276 475 1306 quam
492 1266 574 1307 quod
589 1272 655 1296 tum
672 1270 857 1305 cogerentur.

233 1306 433 1338 Conclamant
448 1319 564 1345 omnes,
581 1315 610 1339 et
619 1310 787 1349 approbant
799 1307 841 1337 ita
856 1305 919 1335 fieri
934 1311 1079 1346 oportere.

193 1349 335 1380 Refertur
354 1351 391 1381 de
414 1352 571 1382 Peducaeo.
595 1352 640 1382 Ut
660 1351 789 1392 quisque
812 1355 897 1379 aetate
918 1354 947 1378 et
967 1349 1080 1378 honore

191 1393 396 1431 antecedebat,
410 1394 452 1424 ita
467 1394 644 1424 sententiam
660 1394 739 1423 dixit
754 1404 791 1423 ex
814 1392 926 1422 ordine.
952 1392 965 1420 Ι
970 1391 989 1420 d
1006 1391 1080 1421 adeo

191 1446 227 1465 ex
244 1435 308 1475 ipso
325 1438 595 1467 senatus-consulto
610 1436 796 1476 cognoscite:
821 1445 893 1465 nam
908 1434 1080 1475 principum

190 1479 344 1509 sententiae
359 1480 502 1520 perscribi
517 1481 624 1511 solent.
646 1479 763 1510 Recita.

252 1544 359 1584 (Quod
377 1546 565 1586 rerbafacea
580 1550 653 1575 sunt
667 1545 704 1574 de
720 1546 809 1574 Serto
824 1543 976 1573 Peducceo
989 1540 1017 1579 :)

189 1609 284 1647 Dicit,
296 1610 349 1650 qui
366 1611 457 1651 primi
474 1611 641 1641 suaserint:
666 1609 845 1640 decernitur.
867 1607 1011 1638 Refertur
1023 1606 1075 1637 de-

191 1652 261 1683 inde
275 1653 312 1683 de
330 1653 442 1684 Verre:
467 1654 526 1692 dic,
543 1665 656 1695 quanm,
673 1652 846 1694 quomodo?

298 1718 406 1759 (Quod
421 1720 509 1749 verba
515 1718 610 1759 facta
630 1723 701 1749 sunt
717 1719 755 1749 de
772 1719 803 1749 C.
829 1718 918 1747 Verre
929 1715 959 1755 :)

190 1781 276 1819 Quid
293 1789 395 1824 postea
410 1784 557 1826 scriptum
573 1790 617 1816 est
631 1787 645 1815 Ρ
