1181 1902
347 402 528 435 ORATIO
552 403 652 435 vm.

223 573 475 612 ACTIONIS
505 574 770 613 SECUNDAE

275 671 344 713 ΙΝ
384 672 434 712 C.
465 671 731 713 VERREM

313 756 455 787 LIBER
477 756 687 789 TERTIUS.

376 844 427 873 Dc
445 845 630 874 Frumento.

439 956 559 979 -4-

319 1059 672 1091 ARGUMENTUM.

57 1147 261 1177 CoxTerT
287 1146 337 1177 hic
368 1147 446 1177 liber
478 1146 560 1176 furta
579 1145 684 1176 Verris
716 1145 748 1175 in
773 1145 857 1175 omni
879 1144 943 1175 sm·-

55 1191 150 1220 menti
165 1200 282 1230 genere.
308 1189 468 1220 Frumenti
484 1196 598 1225 autem,
616 1188 698 1229 quod
716 1194 825 1229 praetor
846 1188 945 1219 Sicili-

54 1233 132 1264 ensis
147 1235 185 1263 ab
209 1233 376 1263 aratoribus
392 1233 511 1273 exigere
526 1238 643 1273 poterat
663 1238 693 1261 et
716 1231 856 1268 debebat,
882 1237 946 1262 erat

54 1277 154 1317 primo
169 1276 385 1313 decumanum,
403 1276 486 1317 quod
501 1282 630 1305 aratores
646 1285 700 1315 pro
716 1274 795 1314 agris
819 1274 876 1304 sibi
899 1280 946 1304 at·

53 1320 174 1350 tributis
189 1319 322 1355 dabant,
314 1330 321 1337 ·
347 1320 477 1349 alterum
504 1325 567 1348 erat
592 1324 721 1354 emtum,
747 1317 840 1358 quod,
857 1317 886 1347 η’
901 1317 945 1347 le-

54 1363 99 1403 gis
115 1363 262 1403 Rupiliae,
279 1364 459 1392 tenebantur
474 1361 580 1402 populi
597 1361 706 1392 Sicffiae
716 1360 874 1400 vectigales
889 1370 944 1401 po-

53 1406 127 1447 pulo
143 1406 285 1436 Romano
301 1412 380 1436 certo
395 1405 497 1454 pretio.
507 1404 643 1435 vendere.
669 1403 708 1433 Id
720 1409 783 1434 erat
794 1403 842 1433 vel
853 1403 944 1434 decu-

54 1459 182 1479 manum
198 1449 339 1485 alterurn,
358 1449 406 1478 cui
423 1448 554 1489 pretium
571 1452 633 1477 erat
648 1457 666 1476 a
681 1452 786 1477 senatu
802 1446 944 1477 Romano

54 1493 263 1529 constitutum,
288 1492 320 1521 in
341 1491 457 1521 modios
478 1490 612 1531 singulos
629 1490 685 1521 Hs
701 1488 798 1525 terni3
823 1489 894 1519 vel
885 1499 945 1519 xm-

52 1542 204 1576 peratum‚
230 1535 279 1565 cui
300 1534 356 1566 HS
372 1534 511 1575 quaterni
526 1533 680 1564 constituti
696 1538 789 1563 erant.
823 1531 945 1563 Consti-

52 1580 194 1609 tuebatur
209 1584 310 1608 autem
323 1588 340 1607 a
355 1584 460 1608 senatu
472 1577 503 1607 in
520 1586 614 1606 annos
624 1576 758 1616 singulos
773 1586 788 1605 e
803 1575 869 1615 lege
882 1575 945 1606 Te-

54 1620 149 1652 rentia
165 1627 194 1651 et
210 1621 313 1652 Cassia
323 1620 534 1657 frumentaria,
547 1626 661 1660 quanta
675 1618 812 1660 pecuniae
823 1628 945 1649 summa

53 1664 84 1694 in
109 1671 275 1705 utrumque
295 1664 368 1694 emti
391 1674 487 1704 genus
511 1673 548 1693 ex
570 1662 673 1692 aerario
696 1661 942 1702 impenderetur:

53 1707 176 1737 tertium
187 1714 250 1737 erat
260 1707 455 1743 aestimatum,
464 1707 507 1736 siv
510 1716 525 1736 e
540 1706 571 1735 in
584 1706 703 1742 cellam,
714 1704 808 1746 quod,
820 1715 857 1734 ex
867 1705 898 1735 S.
906 1705 942 1735 C.

50 1756 80 1780 et
94 1751 224 1791 lenibus,
244 1751 364 1791 praetori
387 1750 419 1779 in
445 1749 553 1780 ceUam
579 1749 618 1779 ad
639 1759 713 1779 usus
728 1758 797 1779 suos
812 1748 944 1788 impera-

51 1794 148 1824 batur.
180 1794 285 1825 Dabat
308 1798 428 1824 senatus
451 1792 593 1834 quaestori
613 1791 750 1833 praetoris
770 1796 883 1823 certam
903 1802 942 1823 ex

1163 1655 1181 1902 amec
1172 1631 1173 1634 „
1162 859 1181 1621 mmmmm.-
