1181 1902
228 92 291 127 374
402 90 451 121 IN
475 90 671 122 VERREM
696 90 755 122 IV.
777 90 861 121 CAP.
877 91 929 126 87.

229 178 337 218 genda.
362 178 457 213 Nam,
471 176 524 218 qui
539 177 624 207 mille
639 177 776 207 modium
791 176 881 207 Verri
896 187 957 206 suae
972 177 1064 217 partis
1077 178 1110 209 iu

231 222 338 251 cellam
364 221 455 261 gratis
480 220 618 257 dedisset,
644 220 704 249 duo
729 219 825 249 millia
848 222 1021 257 nummum,
1046 228 1111 258 aut,

234 274 402 301 sumtnum,
416 264 472 293 tria
487 263 634 297 dedissem
658 262 739 292 idem
760 272 851 297 nunc,
868 272 922 302 pro
938 263 1041 293 eodem
1056 274 1114 293 nu-

232 316 315 336 mero
336 306 491 342 frumenti,
518 305 574 335 Hs
595 305 683 335 VIII
708 305 805 334 millia
827 304 898 334 dare
921 311 1038 336 coactus
1062 312 1114 336 est.

233 349 302 379 Hoc
318 355 415 379 arator
430 348 548 389 assequi
562 359 614 388 per
635 348 809 385 triennium,
834 353 912 377 certe
935 348 1034 378 fructu
1050 359 1115 386 suo,

232 402 292 421 non
319 392 436 432 potuit:
462 391 627 421 vendiderit
651 391 899 427 instrumentum,
925 400 1042 421 necesse
1062 398 1115 422 est.

233 435 327 473 Quod
350 435 373 464 si
395 435 452 464 hoc
475 444 587 464 munus
603 439 632 463 et
646 434 702 463 hoc
718 433 845 473 vectigal
860 433 953 463 aratio
978 434 1114 471 tolerare,

231 478 288 508 hoc
304 484 358 513 est,
376 477 477 508 Sicilia
492 477 567 506 ferre
583 486 616 506 ac
631 476 693 516 pati
708 482 826 516 potest3
850 476 963 515 populo
975 477 1116 507 Romano

232 521 308 551 ferat
324 521 434 561 potius,
452 530 544 560 quam
560 519 666 549 nostris
683 518 914 558 magistratibus.
940 518 1058 558 Magna
1073 526 1117 550 est

232 564 371 604 pecunia,
387 573 535 603 magnum
551 562 789 602 praeclarumque
805 561 940 600 vectigal.
973 562 1006 592 Si
1026 562 1117 592 modo

232 607 275 643 id,
293 606 375 636 salva
390 604 552 646 provincia,
566 605 589 634 si
602 605 664 634 sine
674 604 785 642 injuria
795 604 953 641 sociorum,
967 605 1117 644 percipere

231 649 370 690 possitis3
403 648 480 678 nihil
499 648 632 677 detraho.
671 646 901 686 Magistratibus
925 647 1116 678 tantumdem

232 693 319 722 detur
335 692 365 721 in
381 692 499 728 cellam,
517 696 667 731 quantum
683 700 799 729 semper
814 689 919 718 datum
932 696 984 720 est.
1022 690 1116 727 Quod

230 740 373 776 praeterea
388 734 497 764 Verres
512 733 652 773 imperat,
675 732 717 767 id,
744 732 767 761 si
785 731 878 761 facere
893 742 953 761 non
977 739 1114 772 possunt,

233 783 368 807 recusent
382 788 390 806 ι
416 776 440 806 si
455 781 592 816 possunt,
617 775 722 815 populi
745 774 878 804 Romani
893 775 992 814 potius
1007 775 1064 806 hoc
1079 776 1117 806 sit

233 820 371 859 vectigal,
389 829 483 859 quam
497 818 599 858 praeda
610 817 754 857 praetoris.

275 862 405 899 Deinde,
422 861 517 891 curin
533 871 594 890 uno
609 870 716 900 genere
731 860 793 889 solo
805 859 949 890 frumenti
965 860 1021 890 ista
1036 862 1114 891 aesti-

232 906 325 936 matio
342 904 531 935 constituitur
545 905 558 933 P
583 903 615 933 Si
627 909 670 933 est
682 913 769 943 aequa
780 908 809 932 et
820 902 952 939 ferenda,
964 903 1051 934 debet
1062 915 1117 944 po.¹

232 949 306 990 pulo
323 949 463 978 Romano
478 946 580 977 Sicilia
595 946 735 975 decumas
748 957 756 974 ι
781 945 841 982 det,
858 955 912 985 pro
927 945 1052 986 singulis
1065 947 1116 977 tri-

233 992 284 1022 tici
296 991 415 1028 modiis,
433 996 532 1019 ternos
547 988 703 1023 denarios3
727 988 783 1018 sibi
794 988 903 1018 habeat
918 988 1116 1020 frumentum.

234 1035 318 1064 Data
333 1034 387 1063 tibi
403 1032 531 1074 pecunia
545 1038 599 1068 est,
617 1031 744 1061 Verres:
769 1041 840 1067 una,
854 1031 915 1071 qua
930 1031 1118 1063 frumentum

232 1077 289 1107 tibi
304 1087 416 1107 emeres
427 1076 458 1105 in
469 1075 575 1106 cellam
587 1085 596 1109 3
620 1074 723 1110 altera,
737 1074 798 1114 qua
807 1073 994 1103 frumentum
1007 1085 1118 1105 emeres

236 1131 254 1150 a
269 1119 448 1155 civitatibus,
460 1117 542 1158 quod
554 1118 688 1147 Romam
702 1117 844 1147 mitteres.
868 1116 941 1146 Tibi
953 1116 1054 1147 datam
1066 1128 1118 1158 pe.

235 1163 356 1193 cuniam
372 1161 454 1192 domi
469 1160 588 1197 retines,
605 1165 634 1190 et
649 1165 790 1200 praeterea
805 1159 964 1199 pecuniam
980 1170 1118 1201 permag-

234 1216 306 1236 nam
322 1211 374 1235 tuo
389 1204 511 1234 nomine
526 1203 633 1233 aufers.
672 1203 732 1232 Fac
746 1202 827 1232 idem
842 1202 873 1231 in
897 1213 930 1232 eo
954 1202 1116 1241 frumento,

234 1248 317 1289 quod
332 1248 370 1278 ad
384 1247 534 1288 populum
547 1246 723 1275 Romanum
739 1244 886 1285 pertinen
911 1245 996 1285 exige
1011 1245 1116 1276 eadem

235 1291 431 1321 aestimatione
440 1288 599 1330 pecuniam
611 1299 629 1318 a
640 1288 820 1324 civitatibus,
832 1294 860 1317 et
872 1287 957 1323 refer,
966 1298 1058 1328 quam
1069 1299 1117 1319 ac-

233 1334 345 1374 cepisti.
370 1333 455 1363 Tum
471 1331 607 1362 refertius
622 1331 677 1361 erit
697 1331 835 1362 aerarium
849 1330 955 1371 populi
970 1331 1115 1369 Romani,

237 1387 329 1417 quam
346 1386 483 1416 unquam
498 1375 565 1404 fuit.

278 1422 325 1449 At
340 1419 421 1449 enim
436 1418 524 1448 istam
534 1427 598 1447 rem
609 1417 640 1447 in
650 1417 771 1457 publico
781 1416 933 1447 frumento
943 1416 1045 1447 Sicilia
1053 1426 1114 1448 non

235 1462 344 1492 ferret:
368 1462 447 1491 hane
470 1471 533 1490 rem
558 1460 589 1489 in
610 1470 677 1490 meo
696 1460 849 1489 frumento
872 1459 950 1490 tulit.
986 1459 1117 1490 Proinde

237 1505 323 1545 quasi
344 1510 396 1534 aut
412 1504 525 1544 aequior
540 1503 577 1533 sit
592 1502 649 1533 ista
664 1503 820 1533 aestimatio
840 1502 871 1531 in
887 1508 950 1540 tuo,
973 1512 1067 1542 quam
1083 1503 1115 1532 in

237 1547 344 1588 populi
368 1546 501 1577 Romani
527 1545 705 1581 commodo3
734 1551 786 1575 aut
806 1555 840 1575 ea
864 1555 920 1581 res,
943 1554 1036 1586 quarn
1061 1555 1117 1585 ego

235 1591 312 1627 dico,
324 1596 352 1619 et
363 1600 406 1625 ea,
418 1599 511 1629 quam
520 1595 551 1618 tu
564 1588 669 1623 fecisti,
680 1589 757 1618 inter
766 1598 796 1618 se
804 1597 911 1627 genere
920 1588 1048 1626 injuffie,
1056 1597 1116 1618 non

235 1632 444 1673 magnitudine
462 1631 608 1671 pecuniae,
627 1631 754 1661 differat.
777 1630 893 1660 Verum
913 1630 1002 1660 istam
1020 1630 1117 1670 ipsam

237 1676 344 1706 cellam
360 1675 435 1704 ferre
450 1675 534 1704 nullo
549 1674 640 1704 modo
655 1679 788 1714 possunt.
827 1673 871 1703 Ut
890 1673 992 1703 omnia
1013 1673 1117 1703 remit-

236 1724 349 1755 tantur,
367 1723 401 1747 ut
415 1717 555 1747 omnibus
570 1717 688 1755 injuriis
703 1722 732 1746 et
746 1715 976 1752 calamitatibus,
998 1725 1072 1755 quas
1088 1722 1117 1745 te

234 1767 360 1802 praetore
379 1760 524 1797 tulerunt,
545 1760 575 1789 in
601 1765 754 1801 posterum
774 1759 958 1794 liberentur;
982 1758 1070 1789 istam
1088 1768 1119 1789 se
