1181 1902
213 147 304 180 PRO
328 146 493 181 ROSCIO
516 145 736 180 COMOEDO.
753 145 837 178 cim.
857 146 906 177 16.
940 145 1001 176 103

109 233 185 265 Tibi
199 244 280 272 vero,
297 234 380 272 Piso,
393 234 446 265 diu
461 233 690 265 deliberandum
706 239 736 265 et
749 231 1000 274 concoquendum

109 283 165 315 oet,
189 283 293 308 utrum
314 278 415 318 potius
436 277 570 309 Chaereae
591 277 723 316 injurato
743 277 776 306 in
796 277 852 307 sua
872 276 936 313 lite,
960 285 1001 306 an

109 319 243 350 Manilio
258 326 287 351 et
302 321 413 351 Luscio
425 320 533 360 juratis
548 320 579 350 in
595 320 693 350 alieno
705 320 831 359 judicio,
848 319 959 350 credas.

153 363 323 403 Reliquum
339 369 393 401 est,
409 369 445 394 ut
459 363 605 394 Cluvium
626 363 737 393 falsum
758 363 869 393 dixisse
885 360 998 392 Luscio

109 411 139 436 et
155 406 286 437 Manilio
301 406 479 437 contendat:
501 406 583 447 quod
595 406 619 436 si
630 406 701 436 facit
716 406 792 446 (qua
807 404 1000 446 impudentia

109 454 178 485 est),
196 459 306 479 eumne
321 455 427 480 testem
448 449 643 490 improbabit,
661 448 753 490 (1110111
771 448 906 488 judicem
925 457 997 489 pro-

107 492 208 522 barit?
230 492 271 522 Ei
287 493 409 533 negabit
420 492 500 523 credi
512 498 659 533 oportere,
673 491 722 522 cui
734 491 801 532 ipse
814 491 1006 523 crediderit?

106 533 187 574 Ejus
201 535 284 565 testis
299 536 337 565 ad
350 535 484 574 judicem
501 535 592 566 fidem
608 535 786 573 infirmabit,
802 535 889 573 cujus
903 544 996 574 prop-

106 582 150 608 ter
171 578 263 608 fidem
284 584 313 608 et
333 578 508 619 religionem
528 578 649 617 judicis,
670 584 758 608 testes
773 578 995 618 comparabat?

105 620 209 658 Quem
225 631 280 661 ego
295 621 319 652 si
335 621 443 651 ferrem
449 621 596 661 judicem,
613 621 750 662 refugere
769 630 830 651 non
850 620 994 656 deberet3

103 673 175 694 cum
190 670 297 694 testem
312 664 489 713 producam,
506 664 722 705 reprehendere
736 663 885 694 audebit?

148 706 242 738 XVI.
274 707 364 737 Dixit
389 708 483 744 enim,
512 707 623 748 inquit,
650 708 800 747 injuratus
826 706 938 738 Luscio
964 711 995 737 et

103 747 246 781 Manilio.
276 751 312 782 Si
331 750 442 781 diceret
458 751 590 790 juratus,
608 750 764 781 crederes?
795 750 842 780 At
857 749 955 790 (1111(1
946 759 995 779 111-

102 798 192 823 terest
212 793 291 823 inter
313 795 471 833 perjurum
494 800 523 824 et
543 793 748 824 mendacem?
780 793 846 831 Qui
869 792 994 823 mentiri

101 835 188 873 solet,
204 837 338 877 pejerare
352 836 515 867 consuevit.
548 836 652 874 Quem
673 847 740 877 ego,
759 842 795 867 ut
814 835 992 875 mentiatur,

101 877 244 910 inducere
261 890 406 928 possum;
432 886 467 910 ut
486 880 610 920 pejeret,
627 890 750 910 exorare
769 879 858 910 facile
877 885 992 929 potero.

102 921 200 960 Nam,
216 922 270 964 qui
284 923 379 953 semel
393 933 411 953 a
427 923 552 953 veritate
571 922 705 961 deflexit,
726 922 776 953 hic
795 932 857 953 non
876 923 993 962 majore

101 965 247 1005 religione
267 965 306 995 ad
326 965 506 1014 perjurium,
523 976 617 1014 qtuam
637 965 676 995 ad
696 965 902 1003 mendacium,
923 976 993 1006 per-

101 1007 172 1038 duci
197 1009 360 1039 consuevit.
397 1008 478 1046 Quis
501 1009 583 1039 enim
607 1008 816 1049 deprecatione
838 1009 992 1047 Deorum,

101 1060 163 1081 non
179 1051 367 1083 conscientiae
381 1051 452 1089 fide,
473 1053 704 1082 commovetur?
732 1052 906 1092 Propterea,
923 1062 993 1093 quae

101 1104 192 1135 poena
220 1097 258 1126 ab
284 1095 353 1125 Diis
382 1094 606 1124 immortalibus
634 1094 767 1135 perjuro,
794 1095 858 1126 haec
884 1095 991 1126 eadem

101 1137 251 1177 mendaci,
268 1138 429 1168 constituta
444 1143 497 1167 est.
521 1138 594 1167 Non
609 1137 691 1167 enim
707 1147 744 1167 ex
765 1138 904 1178 pactione
925 1149 992 1169 ver-

101 1181 223 1217 borum,
240 1181 351 1222 quibus
363 1180 580 1220 jusjurandum
596 1180 871 1220 comprehenditur,
888 1181 940 1211 sed
951 1191 990 1212 ex

100 1224 228 1264 perfidia
243 1231 272 1255 et
286 1224 415 1260 malitia,
430 1233 484 1264 per
504 1233 598 1264 quam
618 1223 736 1253 insidiae
750 1224 917 1254 tenduntur
934 1224 991 1255 afi-

100 1267 161 1305 cui,
184 1267 239 1297 Dii
260 1267 446 1298 immortales
466 1266 640 1297 hominibus
659 1266 747 1298 irasci
768 1272 798 1298 et
817 1277 991 1299 succensere

100 1312 294 1341 consuerunt.

143 1354 190 1384 At
212 1364 268 1394 ego
289 1354 347 1384 hoc
368 1364 406 1385 ex
428 1354 575 1385 contrario
596 1353 755 1386 contendo.
777 1354 889 1387 Levior
914 1361 992 1386 esset

100 1397 261 1427 auctoritas
277 1397 390 1435 Cluvii,
408 1398 433 1428 si
447 1398 557 1428 diceret
571 1399 702 1447 juratus,
726 1409 821 1439 quam
836 1409 918 1429 nunc
932 1404 989 1436 est,

100 1450 172 1470 cum
189 1440 262 1470 dicit
283 1441 442 1480 injuratus.
475 1441 561 1471 Tum
584 1441 666 1472 enim
692 1441 817 1472 forsitan
842 1442 990 1483 improbis

102 1482 193 1513 nimis
208 1483 335 1524 cupidus
350 1484 511 1522 videretur,
528 1484 593 1525 qui,
614 1495 677 1525 qua
693 1484 731 1515 de
744 1495 777 1515 re
795 1485 893 1524 judex
914 1485 990 1516 fuis-

101 1532 156 1564 set,
173 1526 255 1557 testis
266 1532 362 1557 esset:
386 1536 468 1557 nunc
483 1527 647 1558 omnibus
639 1527 781 1564 mimicis,
799 1538 917 1559 necesse
932 1534 988 1566 est,

100 1569 284 1600 castissimus
306 1576 336 1600 et
355 1570 613 1601 constantissimus
635 1581 697 1601 esse
712 1570 859 1609 videatur,
876 1571 930 1612 (1111
945 1571 989 1609 id,

101 1612 185 1661 (111οᾶ
200 1613 265 1662 scit,
281 1612 482 1644 familiaribus
491 1613 553 1644 suis
567 1613 649 1645 dicit.
674 1613 735 1644 Dic
746 1624 838 1652 nunc,
852 1614 877 1644 si
891 1620 989 1663 potes,

99 1655 125 1685 si
153 1666 211 1692 res,
236 1656 261 1686 si
285 1666 375 1686 causa
402 1656 527 1697 patitur,
555 1656 701 1687 Cluvium
730 1667 793 1687 esse
814 1658 991 1687 mentitum.

102 1697 255 1729 Mentitus
280 1705 325 1730 est
346 1698 502 1730 Cluvius?
534 1699 608 1740 Ipsa
632 1700 709 1730 mihi
733 1700 841 1730 veritas
861 1710 991 1731 manum

101 1740 215 1780 injecit,
239 1748 270 1773 et
289 1742 443 1783 paulisper
464 1742 624 1774 consistere
646 1749 675 1773 et
696 1743 876 1773 commorari
899 1743 990 1784 cogit.

102 1783 195 1816 Unde
208 1785 266 1816 hoc
287 1791 387 1816 totum
408 1785 537 1816 ductum
558 1792 588 1816 et
608 1786 774 1817 conflatum
796 1785 990 1817 mendacium

102 1833 164 1858 est.
158 1829 171 1848 '³
196 1828 324 1860 Roscius
336 1834 381 1860 est
395 1828 532 1860 videlicet
547 1829 639 1860 homo
655 1829 782 1860 callidus
797 1835 827 1860 et
841 1835 989 1860 versutus.
