1181 1902
200 68 261 99 156
391 68 442 100 IN
466 68 663 101 VERREM
687 69 733 101 11.
757 69 841 101 CAP.
858 69 888 100 4.

193 154 286 195 plexu
301 161 462 195 parentum
478 157 617 197 abreptos
632 156 709 187 fflios
724 155 763 186 ad
780 165 885 186 necem
900 154 1032 192 duceret,
1049 159 1080 185 et

192 204 331 237 parentes
359 199 491 239 pretium
521 209 575 240 pro
601 199 756 248 sepultura
781 199 911 228 liberum
935 203 1079 239 posceret.

193 240 367 281 Religiones
394 252 462 272 vero
491 242 729 283 caerimoniaeque
758 241 896 272 omnium
925 249 1079 271 sacrorum

192 283 395 325 fanorumque
424 285 552 321 violatae,
582 285 803 325 simulacraque
832 284 983 321 Deorum,
1009 293 1080 324 quae

191 335 253 356 non
269 327 359 357 modo
375 338 411 358 ex
427 328 488 358 suis
503 328 624 376 templis
639 328 741 358 ablata
756 332 838 364 sunt,
854 326 906 357 sed
921 326 1013 356 etiam
1030 326 1080 365 ja-

191 374 260 399 cent
274 369 305 399 in
321 370 461 408 tenebris,
478 372 516 401 ab
532 371 589 400 isto
604 378 719 401 retrusa
733 377 825 411 atque
839 370 952 407 abdita,
969 369 1081 399 consis-

191 417 254 442 tere
278 413 343 451 ejus
367 413 417 443 ani
419 423 505 444 mum
532 414 596 444 s'me
621 414 722 444 furore
745 419 837 454 atque
862 410 994 443 amentia
1018 420 1080 441 non

194 454 309 486 sinunt.

235 498 346 539 Neque
360 498 415 529 iste
426 499 503 529 mihi
519 499 637 530 videtur
649 510 679 530 se
689 498 728 530 ad
738 497 965 529 damnationem
975 497 1082 528 offerre

191 541 303 579 solum,
325 552 424 582 neque
445 543 502 572 hoc
524 542 656 573 avaritiae
677 542 824 583 supplicio
842 541 1009 577 communi,
1025 540 1080 581 qui

189 593 221 613 se
237 589 281 613 tot
298 584 457 615 sceleribus
471 586 676 622 obstrinxerit,
696 590 854 616 contentus
869 595 950 614 esse:
975 584 1080 624 singu-

189 626 283 656 larem
306 628 472 667 quamdam
495 638 616 668 poenam
638 628 724 658 istius
744 627 887 657 immanis
907 633 999 667 atque
1020 626 1080 656 im-

188 675 320 710 portuna
339 677 448 701 natura
463 671 619 701 desiderat.
655 672 726 701 Non
747 671 779 700 id
798 671 897 700 solum
919 669 1076 711 quaeritur,

188 718 234 749 ut,
250 713 306 743 isto
322 713 476 750 damnato,
493 716 573 744 bona
588 714 783 744 restituantur
798 714 834 743 iis
849 713 960 754 quibus
976 718 1078 753 erepta

189 761 280 791 sunt;
305 757 355 786 sed
376 762 405 786 et
425 757 582 797 religiones
598 757 735 787 Deorum
753 756 975 786 immortalium
991 755 1078 796 expi-

188 798 286 835 andae,
300 805 329 829 et
338 799 450 829 civium
459 800 669 829 Romanorum
680 800 838 836 cruciatus,
846 799 1078 838 multorumque

185 840 393 872 innocentium
404 843 526 882 sanguis
537 843 623 872 istius
633 843 780 883 supplicio
789 842 919 871 luendus
932 847 984 871 est.
1002 841 1076 871 Non

186 883 269 913 enirn
284 885 396 922 furem,
413 885 463 915 sed
480 891 665 925 ereptorem3
690 895 749 915 non
762 885 946 921 adulterum,
960 884 1011 914 sed
1023 894 1076 914 ex-

186 933 386 966 pugnatorem
402 928 574 968 pudicitiae:
599 938 660 958 non
676 928 866 968 sacrilegum,
886 927 937 957 sed
958 927 1076 957 hostem

187 979 340 1000 sacrorum
356 971 618 1012 religionumque3
642 981 702 1001 non
724 971 876 1008 sicarium,
898 969 949 1000 sed
970 969 1077 1000 crude-

185 1012 335 1043 lissimum
352 1014 522 1044 carnificem
538 1014 648 1044 civium
662 1014 883 1054 sociorumque,
894 1013 926 1042 in
942 1018 1076 1043 vestrum

182 1055 335 1094 judicium
351 1057 555 1093 adduximus;
580 1063 615 1087 ut
636 1067 690 1097 ego
710 1057 792 1086 hunc
812 1066 910 1086 unum
926 1055 1076 1094 ejusmodi

186 1109 274 1128 reum
289 1105 357 1140 post
376 1099 538 1130 hominum
558 1100 738 1130 memoriam
758 1099 850 1130 fuisse
869 1099 1005 1137 arbitret,
1026 1098 1076 1129 cui

185 1141 325 1172 damnari
342 1142 508 1183 expediret.

230 1185 290 1215 IV.
319 1186 403 1215 Nam
420 1186 488 1226 quis
507 1186 564 1216 hoc
579 1196 640 1216 non
656 1184 810 1226 intelligit,
831 1185 936 1224 istum,
953 1184 1076 1215 absolu-

185 1232 264 1265 tum,
283 1228 351 1258 Diis
366 1229 602 1278 hominibusque
620 1229 732 1266 invitis,
750 1235 851 1259 tamen
873 1239 911 1258 ex
931 1228 1075 1258 manibus

184 1271 292 1311 populi
314 1272 448 1301 Romani
469 1272 543 1312 eripi
563 1272 648 1302 nullo
668 1272 758 1302 modo
780 1273 890 1312 posse?
915 1271 995 1309 Quis
1016 1271 1074 1301 hoc

184 1323 245 1343 non
262 1314 412 1354 perspicit,
429 1316 571 1356 praeclare
585 1315 743 1345 nobiscum
759 1321 861 1345 actum
877 1314 924 1352 iri,
936 1314 960 1344 si
975 1324 1074 1354 popu-

183 1356 232 1386 lus
248 1357 408 1387 Romanus
423 1358 509 1388 istius
520 1357 611 1388 unius
619 1358 774 1406 'supplicio
787 1362 944 1388 contentus
959 1357 1071 1387 fuerit·
1060 1379 1072 1393 ,

183 1409 218 1429 ac
233 1409 293 1429 non
310 1400 351 1430 sic
367 1401 513 1438 statuerit,
536 1411 596 1431 non
617 1401 711 1430 istum
731 1401 832 1440 majus
852 1401 883 1429 in
899 1410 961 1430 sese
977 1400 1073 1430 scelus

183 1442 361 1482 concepisse,
379 1454 449 1473 cum
465 1444 535 1473 fana
556 1444 701 1484 spoliarit,
723 1454 793 1474 cum
814 1450 858 1473 tot
873 1443 1010 1473 homines
1025 1443 1073 1473 in-

182 1491 323 1515 nocentes
338 1485 460 1523 necarit,
471 1497 541 1517 cuni
552 1487 628 1516 cives
639 1487 795 1517 Romanos
805 1492 911 1523 morte,
923 1486 1069 1525 cruciatu,

182 1538 269 1579 cruce
281 1528 430 1565 affecerit3
456 1540 525 1560 cum
541 1530 719 1570 praedonum
731 1529 832 1566 duces,
846 1528 967 1570 accepta
978 1539 1071 1569 pecu-

181 1569 242 1607 nia,
259 1571 425 1608 dimiserit;
450 1583 544 1613 quam
566 1583 626 1610 eos,
648 1573 672 1602 si
688 1573 741 1613 qui
762 1572 866 1609 istum,
888 1578 943 1609 tot,
966 1572 1068 1610 tantis,

182 1620 245 1644 tam
272 1614 392 1645 nefariis
413 1616 572 1646 sceleribus
596 1624 782 1657 coopertum,
804 1615 900 1655 jurati
921 1615 1073 1645 sententia

183 1667 237 1687 sua
251 1657 339 1687 liber
329 1658 424 1688 rrint.
416 1658 430 1676 ²

224 1700 297 1730 Non
314 1706 368 1737 est,
386 1711 445 1732 non
462 1708 506 1732 est
520 1703 552 1732 in
567 1702 624 1733 hoc
638 1700 761 1733 homine
773 1701 915 1743 cuiquam
927 1700 1072 1742 peccandi

179 1742 275 1781 locus,
289 1743 424 1783 judices:
450 1755 510 1776 non
526 1746 551 1777 is
567 1752 611 1777 est
630 1756 709 1786 reus,
730 1755 791 1777 non
807 1746 839 1776 id
859 1752 992 1787 tempus,
1008 1754 1070 1775 non

1172 1291 1181 1659 :az-:mfflqn-v

1174 606 1181 1229 aee—‹v-‹o-ffi-ffiae-s—„w—‹R-aefflfflv-

1172 1684 1181 1789 -ΊὌὊ
