1181 1902
166 27 225 64 178
349 27 398 58 IN
422 26 618 59 VERREM
646 26 693 58 11.
709 26 794 58 Cn.
811 27 863 58 26.

160 113 320 155 relinquat.
358 113 464 144 Etiam
485 113 584 144 filium
599 123 701 151 suum,
719 112 917 144 lectissimum
932 110 1049 142 adoles-

160 162 289 195 centem,
306 157 385 188 foras
394 156 433 188 ad
447 156 655 198 propinquum
670 166 761 187 suum
776 155 941 197 quemdam
955 153 1051 184 mittit

161 199 200 229 ad
216 209 341 230 coenam.
376 200 512 230 Rubrius
532 199 618 230 istius
633 199 756 230 comites
769 199 895 229 invitat:
920 207 970 228 eos
983 206 1050 226 om-

161 251 214 272 nes
235 243 344 274 Verres
359 243 495 273 certiores
510 241 592 281 facit,
609 242 683 283 quid
703 252 779 283 opus
801 246 886 272 esset.
923 239 1050 270 Mature

162 285 288 315 veniunt
301 297 309 316 z
357 285 567 323 discumbitur.
612 285 664 315 Fit
694 295 791 315 sermo
826 284 903 314 inter
935 293 995 321 eos,
1019 287 1050 312 et

162 327 310 366 invitatio,
348 333 384 358 ut
420 329 525 359 Graeco
563 338 647 359 more
684 328 846 358 biberetur.
899 326 1049 356 Hortatur

161 370 287 419 hospes:
312 377 440 411 poscunt
460 371 626 410 majoribus
646 371 782 412 poculis·
807 370 972 401 celebratur
983 378 1050 398 om-

161 413 248 444 nium
275 424 410 445 sermone
429 413 593 454 laetitiaque
614 413 795 444 convivium.
846 413 1047 460 Posteaquam

161 456 231 487 satis
252 458 347 488 calere
372 467 418 488 res
442 457 560 487 Rubrio
590 457 655 487 visa
679 462 742 492 est;
782 456 906 494 Quaeso,
936 453 1049 495 inquit,

165 499 357 539 Philodame,
388 510 441 530 cur
463 500 502 529 ad
524 510 578 530 nos
593 499 688 529 filiam
710 505 795 529 tuam
816 508 876 529 non
898 498 978 528 intro
999 507 1053 527 vo-

161 542 221 572 cari
239 543 346 591 jubes
338 545 352 566 '³
392 543 507 580 Homo,
527 542 581 584 qui
598 548 627 573 et
643 552 763 573 summa
775 541 931 582 gravitate,
943 545 972 570 et
984 540 1049 578 jam

162 584 193 614 id
209 585 315 624 aetatis,
329 592 358 616 et
372 596 480 627 parens
496 591 582 624 esset,
601 585 758 625 obstupuit
772 584 903 615 hominis
918 582 1050 623 improbi

165 627 254 658 dicto.
279 628 396 659 Instare
412 629 557 659 Rubrius.
582 628 666 658 Tum
678 628 741 665 ille,
752 634 786 658 ut
801 627 917 668 aliquid
929 635 1051 666 respon-

162 671 256 709 deret,
273 672 393 712 negavit
413 672 504 701 moris
525 682 586 701 esse
610 672 798 706 Graecorum,
820 677 854 700 ut
869 670 900 699 in
916 667 1052 699 convivio

163 713 296 743 virorum
311 698 534 744 :accumberent
556 714 705 744 mulieres.
741 714 803 744 Hic
826 719 893 743 tum
915 712 992 741 alius
1015 721 1053 741 ex

164 756 224 786 alia
239 763 342 797 parte:
367 757 532 787 Enimvero
547 757 706 786 ferendum
719 756 777 786 hoc
797 766 857 786 non
879 761 941 785 est:
966 764 1051 784 voce-

165 805 215 829 tur
229 800 359 830 mulier:
384 806 413 830 et
429 799 521 829 simul
536 799 626 830 servis
642 799 702 830 suis
714 799 862 835 Rubrius,
878 803 912 827 ut
924 798 1051 836 januam

162 842 345 880 clauderent,
363 848 392 873 et
406 842 463 882 ipsi
478 842 517 872 ad
531 842 608 872 fores
623 842 803 878 assisterent,
819 842 956 881 imperat.

208 885 301 922 Quod
317 885 370 915 ubi
385 885 435 915 ille
450 885 600 915 intellexit
614 885 645 914 id
660 885 720 924 aui,
737 890 828 924 atque
842 884 873 913 id
889 882 998 924 parari,
1014 887 1049 912 ut

164 927 234 957 filiae
250 938 270 957 s
267 938 311 957 1ae
327 928 371 958 vis
386 928 552 976 afferretur,
568 937 667 958 servos
687 938 755 957 suos
770 926 808 956 ad
829 937 859 956 se
874 931 979 956 vocat:
1004 924 1051 954 his

164 970 304 1010 imperat,
328 976 362 1000 ut
384 981 414 1000 se
434 970 535 1011 ipsum
557 971 724 1010 negligant,
749 970 844 999 filiam
866 968 1048 998 defendant:

165 1024 180 1043 c
184 1019 303 1043 <currat
318 1013 438 1061 aliquis,
456 1013 509 1054 qui
524 1013 580 1043 hoc
596 1019 715 1043 tantum
730 1012 884 1042 domestici
900 1011 974 1041 mali
989 1010 1052 1040 filio

165 1066 219 1085 suo
239 1056 367 1086 nuntiet.
392 1056 516 1086 Clamor
537 1056 650 1086 interea
672 1056 705 1086 fit
725 1056 788 1085 tota
810 1055 921 1090 domo3
945 1063 1050 1095 pugna

165 1099 242 1128 inter
265 1109 364 1129 servos
388 1099 499 1128 Rubrii
523 1105 614 1139 atque
637 1098 771 1138 hospitis.
805 1098 945 1128 Jactatur
968 1096 1051 1126 domi

165 1153 185 1171 5
182 1152 208 1171 ι’
203 1153 227 1171 e
242 1142 286 1172 vir
302 1141 429 1181 primus,
446 1147 475 1171 et
489 1142 581 1172 homo
593 1141 826 1171 honestissimus.
852 1141 911 1170 Pro
924 1150 954 1169 se
970 1139 1052 1179 quis-

164 1195 197 1224 qi
189 1195 224 1214 1e
245 1194 315 1214 man
319 1195 354 1214 us
376 1184 481 1220 astert3
505 1195 574 1225 aqu
568 1184 585 1214 λ
600 1184 730 1225 denique
745 1183 881 1219 ferventi,
899 1194 917 1212 a
932 1181 1051 1212 Rubrio

164 1227 240 1267 ipso,
258 1227 457 1257 Philodamus
472 1227 634 1267 perfundit¹
630 1238 673 1257 ,.11·
698 1227 774 1256 Haec
783 1226 836 1255 ubi
851 1225 913 1255 filio
926 1224 1049 1254 nuntia—

164 1276 196 1299 ta
211 1276 292 1306 sunt,
310 1270 412 1299 statim
428 1270 617 1300 exanimatus
631 1269 670 1299 ad
686 1269 762 1299 aedes
777 1268 940 1302 contendit,
964 1274 999 1297 ut
1022 1272 1051 1297 et

166 1313 236 1342 vitae
251 1313 354 1352 patris,
368 1318 397 1342 et
411 1313 564 1353 pudicitiae
579 1313 695 1349 sororis,
712 1318 904 1342 succurreret.
933 1310 1051 1340 Omnes

166 1355 271 1386 eodem
287 1355 389 1385 animo
408 1356 619 1396 Lampsaceni,
636 1355 726 1385 simul
742 1361 776 1384 ut
787 1355 843 1384 hoc
858 1354 1049 1389 audiverunt,

167 1398 249 1438 quod
259 1408 307 1428 eos
323 1404 389 1427 tum
402 1398 576 1428 Philodami
593 1398 734 1438 dignitas,
752 1404 818 1427 tum
830 1396 949 1436 injuriae
963 1406 1050 1435 mag-

168 1441 274 1470 nitudo
300 1442 452 1478 movebat,
475 1441 513 1471 ad
539 1441 617 1471 aedes
639 1447 729 1470 noctu
751 1444 962 1470 convenerunt.
987 1438 1050 1467 Hic

165 1483 252 1514 lictor
267 1483 351 1513 istius
365 1483 533 1520 Cornelius,
547 1484 600 1524 qui
615 1494 685 1513 cum
698 1484 762 1522 ejus
773 1483 863 1512 servis
875 1488 937 1512 erat
949 1492 967 1511 a
982 1481 1050 1510 Ru-
1154 1445 1159 1515 i

168 1526 243 1563 brio,
271 1527 358 1566 quasi
384 1526 415 1555 in
439 1526 587 1566 praesidio,
613 1526 651 1556 ad
677 1525 871 1555 auferendam
893 1524 1051 1554 mulierem
1156 1517 1159 1601 Ι

167 1569 339 1605 collocatus,
365 1569 530 1603 occiditur;
563 1569 639 1599 servi
666 1567 805 1599 nonnulli
832 1568 1026 1597 vulnerantur
1039 1577 1048 1602 ;

166 1612 229 1651 ipse
245 1611 380 1641 Rubrius
401 1611 431 1641 in
447 1611 535 1642 turbir
550 1611 708 1641 sauciatur.
734 1611 805 1647 Iste,
827 1610 880 1651 qui
895 1610 950 1640 suf»
965 1609 1050 1648 cupi·
1156 1604 1160 1641 l

167 1654 260 1684 ditate
276 1659 372 1685 tantos
388 1654 538 1684 tumultus
553 1654 713 1685 concitatos
729 1653 851 1692 videret,
868 1663 975 1694 cupere
994 1651 1049 1681 ali-
1157 1646 1160 1688 ἶ

1150 1695 1162 1719 'V

1158 1737 1161 1751 V

1159 1784 1162 1799 l

168 1697 229 1738 quir
244 1697 371 1735 evolare,
389 1696 412 1727 si
427 1703 534 1737 posset.
1152 1711 1160 1725 a
