1181 1902
762 78 776 85 »
1023 0 1181 116 ἢ

194 135 255 167 120
310 134 361 166 IN
385 131 624 166 CAECILIUM
648 132 797 165 DIVIN.
820 132 973 165 022212.

195 227 354 253 testatem:
379 227 425 258 tu,
441 228 555 259 contra,
574 231 624 259 ne,
640 230 711 262 quae
721 220 773 251 ille
784 219 909 262 quidem
928 218 1010 257 fecit,
1031 219 1087 250 ob-

191 265 287 305 jicies,
304 275 342 295 ne
357 265 418 306 qua
434 275 470 295 ex
486 271 571 306 parte
586 266 764 304 conjunctus
779 274 849 294 cum
866 274 900 294 eo
914 263 1072 304 reperiare.

240 308 351 346 Quid?
373 308 437 345 ina,
460 308 574 345 Caecili,
591 306 850 338 contemnendane
869 307 925 337 tibi
948 306 1089 337 videntur

199 361 273 388 esse,
299 351 362 381 sine
386 351 497 392 quibus
519 361 608 382 causa
631 350 782 387 sustineri,
805 349 971 390 praesertim
992 355 1087 387 tanta,

198 394 286 425 nullo
301 394 392 425 modo
413 395 535 435 potest?
559 395 661 435 aliqua
682 393 808 423 facultas
829 392 962 434 agendi?
987 393 1090 433 aliqua

196 438 316 468 dicendi
331 438 540 468 consuetudo?
557 436 681 478 aliqua
674 447 705 466 m
720 436 796 474 foro,
809 436 942 476 judiciis,
958 436 1088 476 legibus,

198 487 252 511 aut
266 481 352 519 ratio,
369 487 422 511 aut
437 480 633 511 exercitatio?
658 480 814 520 Intelligo,
827 490 921 520 quam
934 479 1091 527 scopuloso

197 524 374 565 difficilique
396 524 427 554 in
451 524 516 555 loco
540 533 659 554 v:erser
684 532 768 560 nam,
793 533 864 553 cum
886 522 985 553 omnis
1008 531 1092 552 arro·

198 568 303 608 gantia
322 567 424 597 odiosa
444 573 498 605 est,
516 572 582 597 tum
598 566 652 596 illa
670 565 785 606 ingemi
800 572 892 606 atque
911 564 1091 606 eloquentiae

198 611 298 641 multo
312 610 533 641 molestissima.
566 609 777 647 Quamobrem
791 608 869 639 nihil
889 609 956 639 (1100
971 608 1008 638 (10
1022 617 1093 638 meo

198 653 341 694 ingenio;
365 662 464 694 neque
484 659 539 691 est,
561 652 644 701 quod
663 651 776 693 possim
792 651 909 689 dicere3
933 660 1043 693 neque,
1066 650 1092 681 si

200 702 287 734 esset,
304 696 444 727 dicerem.
477 696 547 726 Aut
562 696 643 726 enim
658 695 690 725 id
704 694 782 725 mihi
797 695 867 725 satis
880 701 935 734 est,
952 694 1034 736 quod
1049 699 1094 725 est

197 739 295 770 deme
310 739 471 789 opinionis,
489 738 639 781 quidquid
654 744 718 774 est3
742 743 807 775 aut,
823 738 850 768 si
864 738 895 768 id
910 748 1020 779 parum
1036 743 1092 777 est,

200 793 257 823 ego
271 784 372 822 majus
386 783 418 812 id
433 782 698 813 commemorando
708 761 810 812 'facere
825 791 886 812 non
901 791 1036 822 possum.

243 826 326 856 XII.
350 826 399 856 De
419 832 459 863 te,
476 826 590 863 Caecili,
609 826 675 864 jam
696 825 894 862 (mehercule)
915 824 984 862 hoc,
1006 829 1092 855 extra

202 868 281 899 hanc
307 869 529 899 contentionem
556 874 768 909 certamenque
789 873 939 903 nostrum,
963 868 1097 898 familia-
1153 879 1155 895 1

201 912 274 942 riter
294 918 395 942 tecum
415 912 532 953 loquar.
570 911 622 942 Tu
642 912 707 952 ipse
730 911 991 952 quemadmodum
1016 911 1096 943 exis-

204 955 305 993 times,
317 955 385 986 vide
401 955 494 986 etiam
515 961 607 996 atque
622 955 732 985 etiam:
757 960 786 984 et
806 960 840 984 tu
856 960 886 984 te
900 954 1027 995 collige;
1052 960 1093 993 et,

202 998 257 1039 qui
273 999 323 1035 sis,
340 1004 370 1029 et
385 999 459 1039 quid
474 998 570 1029 facere
585 998 691 1039 possis,
708 996 870 1028 considera.
899 997 1046 1035 Putasne,
1065 1003 1097 1028 te

201 1052 289 1082 posse
312 1041 349 1072 de
369 1041 513 1072 maximis
534 1040 800 1089 acerbissimisque
811 1042 912 1078 rebus,
933 1050 1005 1071 cum
1024 1050 1097 1071 cau-

201 1094 267 1115 sam
278 1084 442 1133 sociorum,
460 1085 657 1126 fortunasque
668 1083 840 1125 provinciae,
850 1084 901 1123 jus
912 1084 1019 1125 populi
1030 1084 1097 1115 Ro-

201 1128 298 1164 mani,
321 1128 500 1169 gravitatem
521 1127 629 1167 judicii
651 1128 828 1168 legumque,
852 1127 1027 1168 susceperis,
1051 1132 1097 1158 tot
1152 1125 1155 1184 ἰ

200 1181 259 1209 res,
276 1177 339 1201 tam
354 1181 471 1211 graves,
487 1176 551 1201 tam
564 1171 672 1209 varias,
689 1181 771 1207 voce,
787 1170 946 1208 memoria,
960 1170 1096 1209 consilio,

202 1214 336 1255 ingenio,
358 1214 528 1244 sustinere?
553 1214 697 1263 Putasne,
714 1219 744 1243 te
758 1223 856 1254 posse,
876 1224 944 1262 quae
965 1213 1001 1244 C.
1018 1213 1097 1244 Ver-

202 1267 250 1287 res
264 1257 295 1287 in
311 1257 476 1298 quaestura,
496 1268 566 1298 quae
586 1257 617 1287 in
638 1257 798 1298 legatione,
820 1267 889 1297 quae
904 1257 936 1286 in
951 1256 1096 1297 praetura,

202 1311 273 1341 quae
297 1301 417 1337 Romae,
440 1311 509 1341 quae
528 1300 559 1330 in
582 1300 683 1338 Italia,
705 1310 774 1341 quae
796 1299 828 1329 in
848 1299 981 1337 Achaia,
1005 1298 1096 1337 Asia,

204 1342 449 1384 Pamphyliaque
478 1343 615 1384 patrarit,
652 1353 698 1380 ea,
734 1342 996 1384 quemadmodum
1024 1341 1098 1373 locis

201 1386 449 1427 temporibusque
468 1386 564 1417 divisa
579 1386 650 1424 sint,
667 1386 708 1416 sie
723 1386 900 1416 criminibus
916 1391 945 1415 et
960 1385 1095 1416 oratione

202 1429 386 1469 distinguere
398 1431 411 1460 :²
436 1430 570 1459 Putasne
581 1439 667 1470 posse
679 1429 735 1467 (id,
749 1429 831 1470 quod
843 1428 874 1458 in
887 1428 1036 1468 ejusmodi
1047 1437 1099 1459 reo

204 1472 339 1502 maxime
355 1472 555 1503 necessarium
570 1478 627 1510 est)
647 1472 755 1510 facere,
776 1477 822 1509 ut,
845 1482 914 1512 quae
929 1471 980 1502 ille
994 1471 1099 1502 libidi-

204 1524 287 1553 11050,
308 1526 377 1556 quae
398 1515 522 1553 nefarie,
547 1527 616 1556 quae
637 1515 797 1546 crudeliter
817 1514 932 1552 fecerit,
956 1524 990 1544 ea
1011 1523 1098 1555 aeque

202 1560 310 1590 acerba
325 1564 353 1588 et
373 1558 499 1599 indigna
519 1559 678 1589 videantur
698 1569 760 1589 esse
779 1558 816 1589 iis
831 1557 885 1600 qui
899 1557 1035 1597 audient,
1051 1562 1099 1588 at-

204 1611 265 1642 que
279 1601 339 1631 illis
355 1602 419 1633 visa
434 1607 505 1632 sunt
520 1603 573 1643 qui
589 1603 770 1632 senserunt?

247 1644 367 1685 Magna
382 1651 452 1675 sunt
468 1655 512 1682 ea,
535 1656 604 1686 quae
622 1645 700 1682 (1100,
722 1644 798 1675 1111111
820 1643 926 1675 crede:
951 1643 1014 1674 noli
1033 1643 1099 1674 haec
1152 1664 1153 1678 J

203 1693 403 1718 contemnere.
420 1687 569 1725 Dicenda,
581 1687 826 1725 demonstranda,
836 1687 1017 1729 explicanda
1028 1692 1101 1717 sunt
1151 1687 1153 1727 ξ

203 1730 326 1760 omnia:
344 1740 444 1769 causa,
461 1741 522 1761 non
538 1732 638 1761 solum
653 1730 843 1772 exponenda,
861 1730 913 1761 sed
927 1730 1019 1761 etiam
1030 1739 1101 1770 gra-
1152 1739 1153 1754 ¹

202 1773 278 1804 viter
289 1773 467 1815 copioseque
479 1774 596 1816 agenda
608 1780 660 1805 est.
685 1773 909 1805 Perficiendum
921 1779 975 1811 est,
988 1773 1014 1804 51
1025 1771 1101 1814 quid
1151 1771 1153 1787 ³

200 1826 288 1858 agere
304 1822 357 1848 aut
372 1818 513 1860 perficere
533 1818 590 1857 w‘s,
606 1824 641 1849 ut
655 1817 794 1851 homines
809 1823 839 1850 te
854 1826 915 1850 non
931 1815 1030 1848 solum
1045 1825 1101 1848 au-
