1181 1902
193 159 285 192 PRO
308 158 475 192 ROSCIO
499 158 732 190 AMERINO.
756 157 841 191 CAP.
856 159 910 190 34.
953 159 996 195 67

98 244 154 276 ωδ.
168 246 305 287 reperies.
330 246 385 285 Et,
401 245 552 288 quidquid
567 252 600 276 tu
615 250 719 276 contra
733 245 855 284 dixeris,
871 245 903 277 id
918 255 990 277 cum

97 289 270 320 defensione
298 289 400 320 nostr-2³.
429 288 621 320 contendito:
656 288 698 319 ita
726 288 870 320 facillime
898 300 988 320 causa

98 332 169 363 Sex.
187 333 290 363 Roscii
305 343 376 363 cum
391 331 444 362 tua
459 332 636 362 conferetur.

139 375 242 413 Dices,
265 376 351 414 Quid
371 381 484 416 postea,
506 375 531 405 si
550 375 658 405 Romae
673 374 811 405 assiduus
826 375 896 406 fui?
922 376 985 407 Re-

95 418 260 459 spondebo,
286 420 333 449 At
353 429 408 459 ego
423 418 547 449 omnino
563 428 623 447 non
639 418 693 447 fui.
722 417 841 455 Fateor,
858 429 908 449 me
923 430 985 450 sec-

94 467 191 492 torem
216 472 297 498 esse;
325 472 431 492 verum
455 467 484 492 et
506 461 557 491 alii
579 461 679 490 multi.
711 461 758 490 At
780 472 846 501 ego,
866 468 901 492 ut
919 469 983 493 tute

94 505 206 545 arguis,
226 505 356 545 agricola
371 512 400 535 et
415 504 552 535 rusticus.
586 504 658 533 Non
675 503 828 541 continuo,
846 505 870 534 si
886 515 935 535 me
950 506 982 536 in

92 558 216 588 gregem
240 548 413 578 sicariorum
437 547 562 585 contuli,
590 557 659 576 suni
683 547 815 577 sicarius.
852 548 900 578 At
926 559 982 589 ego

91 591 236 631 profecto,
252 591 306 632 qui
326 601 364 621 ne
384 591 454 620 novi
474 590 599 631 quidem
620 600 807 631 quemquam
826 590 980 630 sicarium,

89 634 179 674 longe
194 635 303 664 absum
323 635 361 664 ab
381 634 530 673 ejusmodi
549 633 683 663 crimine.
717 633 876 663 Permulta
896 641 978 672 sunt,

90 687 159 717 quae
179 677 238 707 dici
258 683 394 718 possunt,
417 687 509 717 quare
529 676 727 716 intelligatur,
750 686 903 707 summam
924 677 980 708 tibi

89 719 263 750 facultatem
293 720 384 750 fuisse
413 719 553 750 maleficii
582 719 789 759 suscipiendi3
822 731 892 760 quae
918 730 979 751 non

88 762 180 792 modo
201 763 310 793 idcirco
330 770 484 804 praetereO,
503 762 584 803 quod
609 762 741 802 teipsum
765 772 825 792 non
850 763 979 794 libenter

87 816 213 842 aecuso;
238 817 343 836 verum
359 817 394 836 eo
409 806 506 846 magis
521 805 624 842 etiam,
641 805 734 845 quod,
752 805 776 835 si
794 805 831 835 de
846 805 906 836 illis
921 817 978 836 cae-

86 848 175 879 dibus
190 849 281 879 velim
297 859 543 885 commemorare,
560 859 629 888 quae
649 854 716 878 tum
732 848 818 878 faetae
833 855 903 878 sunt
918 849 977 880 ista

87 892 193 922 eadem
209 892 334 930 ratione,
351 892 413 933 qua
429 892 498 922 Sex.
516 891 644 922 Roscius
662 891 776 921 occisus
791 897 845 931 est,
862 902 976 931 vereor,

86 944 125 966 ne
140 935 178 966 ad
194 935 295 976 plures
309 935 404 966 oratio
419 945 488 966 mea
501 934 650 975 pertinere
665 933 811 964 videatur.

129 978 292 1009 XXXIV.
316 978 486 1009 Videamus
504 987 586 1007 nunc
606 977 744 1014 strictim,
762 978 839 1008 sicut
856 984 973 1017 caetera,

87 1032 156 1063 quae
171 1028 239 1062 post
254 1029 383 1052 mortem
399 1022 469 1051 Sex.
482 1020 585 1051 Roscii
599 1022 652 1050 abs
668 1026 708 1058 te,
725 1020 765 1050 T.
777 1021 879 1059 Rosci,
897 1022 978 1052 facta

87 1074 178 1094 sunt:
204 1075 273 1105 quae
293 1065 335 1094 ita
350 1070 452 1105 aperta
468 1069 497 1094 et
511 1063 671 1093 manifesta
686 1069 767 1101 sunt,
784 1070 830 1101 ut,
844 1065 977 1098 (medius

86 1107 189 1145 fidius)
208 1108 335 1147 judices,
358 1107 470 1137 invitus
491 1118 526 1137 ea
542 1106 652 1136 dicam.
684 1106 798 1136 Vereor
813 1108 906 1146 enim,
923 1119 976 1138 cu-

82 1151 219 1190 jusmodi
242 1161 283 1188 es,
309 1150 349 1181 T.
364 1150 465 1187 Rosci,
490 1160 528 1180 ne
551 1149 594 1179 ita
616 1149 699 1179 hunc
720 1149 822 1179 videar
845 1151 976 1181 voluisse

85 1204 214 1232 servare,
236 1200 272 1224 ut
291 1194 347 1224 tibi
366 1193 491 1224 omnino
512 1203 571 1222 non
592 1192 788 1233 pepercerim
818 1193 900 1223 Cum
916 1194 975 1225 hoc

85 1247 199 1274 vereor,
224 1243 254 1267 et
277 1237 366 1278 cupio
390 1236 446 1267 tibi
465 1235 570 1276 aliqua
593 1246 630 1265 ex
653 1241 737 1276 parte
761 1236 869 1276 (quod,
891 1237 975 1268 salva

84 1280 155 1319 fide,
182 1280 308 1321 possim)
338 1290 470 1321 parcere,
501 1289 604 1309 rursus
632 1278 762 1308 immuto
786 1279 975 1310 voluntatem

84 1333 195 1354 meam.
224 1324 318 1355 Venit
334 1324 415 1353 enim
430 1322 530 1352 mihi
522 1332 553 1352 1n
569 1327 704 1352 mentem
719 1321 778 1352 oris
794 1322 848 1352 tui.
875 1323 974 1361 Tene,

85 1377 156 1397 cum
179 1367 278 1397 caeteri
297 1367 368 1397 socii
392 1366 438 1396 tui
457 1365 598 1405 fugerent
617 1375 651 1395 ac
675 1375 706 1395 se
725 1365 920 1403 occultarent,
939 1372 975 1396 ut

84 1409 142 1440 hoc
159 1410 311 1449 judicium
332 1419 392 1439 non
417 1408 454 1439 de
478 1408 601 1438 illorum
623 1407 737 1448 praeda,
758 1408 809 1438 sed
827 1408 864 1438 de
881 1409 974 1448 hujus

83 1453 244 1490 maleficio,
261 1453 325 1483 fieri
339 1452 501 1488 videretur,
516 1451 708 1492 potissimum
724 1451 780 1481 tibi
794 1458 892 1492 partes
905 1452 976 1483 istas

83 1496 300 1536 depoposcisse,
318 1502 350 1525 ut
366 1496 397 1525 in
414 1495 530 1534 judicio
545 1504 703 1531 versarere,
724 1500 753 1524 et
773 1494 888 1524 sederes
903 1505 974 1525 cum

83 1542 276 1570 accusatore?
311 1539 386 1576 Qua
408 1538 440 1567 in
464 1548 496 1567 re
516 1537 593 1567 nihil
613 1537 696 1567 aliud
718 1537 894 1577 assequeris,
916 1538 975 1568 nisi

85 1588 119 1612 ut
139 1583 178 1612 ab
198 1582 340 1612 omnibus
358 1581 537 1611 mortalibus
560 1580 686 1611 audacia
706 1586 759 1611 tua
778 1587 975 1620 cognoscatur

85 1632 114 1656 et
128 1625 326 1665 impudentia.

129 1667 238 1701 Occiso
250 1669 319 1698 Sex.
332 1667 453 1703 Roscio,
465 1666 519 1708 qui
530 1667 647 1707 primus
656 1666 818 1697 Ameriam
830 1667 951 1697 nuntiat
959 1669 974 1698 ?

88 1710 217 1741 Mallius
241 1710 381 1746 Glaucia,
406 1720 498 1750 quem
520 1710 585 1748 jam
606 1715 695 1739 autea
715 1709 881 1747 nominavi,
903 1716 975 1741 tuus

88 1753 180 1784 cliens
194 1760 223 1784 et
238 1753 405 1784 familiaris.
430 1752 516 1790 Quid
536 1753 670 1789 attinuit,
692 1762 764 1782 eum
783 1752 976 1793 potissimum

88 1796 227 1827 nuntiare
240 1798 254 1827 ?
285 1796 391 1834 Quod,
413 1796 438 1826 si
457 1796 579 1826 nullum
596 1796 661 1834 jain
680 1801 749 1825 ante
764 1795 922 1825 consilium
937 1796 976 1826 de

89 1844 186 1870 morte
208 1850 242 1871 ac
268 1839 306 1871 de
329 1839 416 1870 bonis
442 1840 507 1878 ejus
533 1838 654 1877 inieras,
681 1838 861 1879 nullamque
886 1839 977 1870 socie-
