1181 1902
163 15 227 46 344
337 14 387 45 IN
413 13 609 46 VERREM
635 13 695 46 IV.
721 13 806 45 CAP.
830 16 883 46 58.

165 99 331 141 perditum,
347 106 412 130 tam
427 100 648 138 nummarium,
664 99 727 131 fore
741 100 867 141 putasti,
884 110 945 142 quo
956 110 993 131 ex
1006 101 1057 140 ju-

166 143 247 174 dicio
263 149 292 173 te
305 143 367 173 ulla
383 144 463 173 salus
479 154 595 174 servare
610 150 709 184 posset
722 145 736 174 ?
769 153 839 173 cum
860 144 989 184 planum
1005 145 1058 174 fie-

164 192 222 223 ret,
236 186 381 223 decumis,
398 192 502 216 contra
516 186 665 224 instituta,
686 187 778 226 leges,
789 186 1056 216 consuetudinem-

169 239 230 269 que
245 229 396 265 omnium,
413 229 552 266 venditis,
565 230 596 259 in
609 236 760 259 aratorum
774 230 860 259 bonis
872 229 1061 270 fortunisque

169 271 346 312 diripiendis
376 272 558 302 decumanos
583 272 732 302 dictitasse
762 278 830 302 tuas
859 283 921 302 esse
950 278 1060 313 partes,

170 320 257 345 tuam
269 325 344 352 rem,
361 321 445 344 tuam
458 315 610 355 praedam;
634 315 726 356 idque
741 321 771 345 te
786 315 923 352 tacuisse,
937 322 976 352 et,
991 325 1062 345 cum

168 357 360 388 dissimulare
384 368 444 388 non
465 368 577 398 posses,
604 358 736 399 potuisse
762 364 864 388 tamen
891 358 1007 398 perpeti
1034 363 1064 388 et

171 400 312 441 perferre,
338 401 420 441 quod
443 401 623 441 magnitudo
646 401 722 431 lucri
743 402 913 431 obscuraret
938 400 1064 441 periculi

172 443 427 483 magnitudinem,
450 444 580 484 plusque
600 444 756 485 aliquanto
780 443 863 484 apud
884 449 912 474 te
928 443 1064 484 pecuniae

170 486 331 526 cupiditas,
349 497 442 527 quam
454 486 562 526 judicii
576 493 686 524 metus,
699 493 807 527 posset.

216 529 311 559 Esto:
337 536 443 559 caetera
463 540 572 570 negare
588 540 648 560 non
664 536 757 570 potes.
783 530 832 560 Ne
848 529 924 559 illud
940 529 1065 570 quidem

173 572 230 602 tibi
245 572 398 613 reliquum
413 573 520 608 fecisti,
537 579 571 602 ut
587 573 644 603 hoc
659 583 759 613 posses
779 572 886 609 dicere,
914 572 989 602 nihi]
1016 582 1066 602 eo-

174 625 245 644 rum
266 621 295 645 te
319 615 451 653 audisse,
479 615 557 645 nihil
569 615 607 645 ad
623 622 690 645 tuas
712 626 798 645 aures
813 615 850 645 de
871 614 996 645 infamia
1013 615 1066 645 tua

174 658 353 699 pervenisse.
383 658 599 695 Querebantur
614 669 684 688 cum
700 658 784 688 luctu
797 664 825 688 et
841 658 957 698 gemitu
969 664 1067 688 arato-

176 711 241 731 res:
266 706 300 730 tu
317 701 347 730 id
363 701 534 731 nesciebas?
570 701 732 731 Fremebat
743 707 806 731 tota
817 700 989 741 provincia:
1013 711 1067 731 ne-

175 753 227 773 mo
242 743 274 773 id
290 743 345 773 tibi
360 744 552 774 renuntiabat
565 745 579 774 ?
604 744 714 773 Romae
739 744 935 784 querimoniae
955 744 992 774 de
1009 744 1069 774 tuis

178 786 308 825 injuriis,
325 792 562 827 conventusque,
579 787 778 816 habebantur.
803 786 969 827 Ignorabas
979 786 1043 816 haec
1054 789 1068 817 ?

177 829 338 869 ignorabas
353 829 418 859 haec
432 830 560 860 omnia?
593 829 679 867 Quid
691 831 705 860 ?
737 839 807 859 cum
823 829 924 869 palam
941 830 1070 869 Syracu-

178 872 229 908 sis,
252 878 281 902 te
302 872 454 909 audiente,
470 872 607 902 maximo
624 878 785 908 conventu,
806 872 842 902 P.
867 872 1004 902 Rubrius
1027 872 1069 910 Q.

177 914 355 955 Apronium
372 915 530 956 sponsione
543 915 702 952 lacessivit,
736 918 758 933 “
777 915 820 945 Νἰ
835 915 993 955 Apronius
1008 914 1071 945 dic-

178 958 292 996 titaret,
309 965 338 988 te
354 958 410 988 sibi
425 958 457 988 in
472 958 607 989 decumis
623 969 684 988 esse
700 958 814 988 socium
828 959 860 994 ;”
884 957 948 988 haec
967 964 996 988 te
1012 968 1071 988 vox

179 1010 241 1031 non
257 1001 423 1041 percussit?
440 1011 501 1031 non
516 1001 724 1042 perturbavit?
740 1011 812 1038 non,
824 1007 858 1031 ut
870 1000 960 1041 capiti
971 1006 1000 1030 et
1010 1001 1072 1031 for-

179 1044 261 1074 tunis
272 1044 331 1074 tuis
343 1044 536 1085 prospiceres,
548 1044 708 1075 excitavit?
725 1044 862 1074 Tacuisti
875 1055 882 1073 ε
900 1042 1007 1074 sedasti
1018 1044 1072 1074 eti-

179 1097 231 1117 am
247 1087 313 1117 lites
329 1087 472 1123 illorum3
497 1093 537 1125 et,
554 1087 673 1128 sponsio
687 1087 740 1117 illa
756 1097 793 1117 ne
810 1087 902 1122 fieret,
916 1086 1069 1116 laborasti.

224 1130 354 1160 Lvnl.
380 1130 452 1167 Pro,
466 1130 520 1160 Dii
536 1130 721 1160 immortales
734 1130 741 1160 l
760 1130 816 1160 hoc
826 1130 968 1160 innocens
980 1129 1072 1160 homo

181 1173 297 1213 perpeti
313 1173 482 1213 potuisset?
514 1180 578 1211 aut,
595 1173 734 1214 quamvis
757 1183 877 1211 nocens,
902 1173 955 1213 qui
981 1173 1072 1203 modo

178 1216 295 1255 judicia
311 1217 419 1246 Romae
435 1217 498 1246 fore
518 1222 649 1256 putaret,
675 1226 736 1245 non
760 1217 863 1256 aliqu&
880 1216 1073 1245 simulatione

181 1259 398 1289 existimationi
410 1270 440 1289 se
447 1259 608 1289 hominum
621 1259 801 1289 venditasset
812 1261 825 1289 Ρ
842 1258 928 1296 Quid
938 1265 981 1288 est
993 1259 1048 1289 hoc
1059 1260 1073 1289 ἓ

181 1302 302 1342 sponsio
318 1302 352 1332 fit
367 1302 404 1332 de
419 1302 515 1342 capite
528 1313 561 1332 ac
572 1302 701 1332 fortunis
713 1302 792 1332 tuis:
817 1308 850 1332 tu
863 1302 946 1331 sedes
961 1308 990 1331 et
1006 1302 1074 1342 qui-

183 1345 276 1375 escis!
307 1355 368 1375 non
391 1345 597 1386 persequeris!
623 1355 684 1375 non
708 1345 897 1386 perseveras!
924 1355 984 1374 non
1006 1355 1074 1385 per-

182 1387 288 1428 quiris,
317 1388 365 1418 cui
383 1388 495 1418 dixerit
516 1388 698 1428 Apronius?
722 1388 790 1429 quis
817 1387 969 1417 audierit?
994 1387 1075 1418 unde

180 1431 238 1461 hoc
259 1436 378 1467 natum,
404 1431 664 1472 quemadmodum
690 1432 842 1472 prolatum
867 1431 930 1461 sit?
954 1430 987 1460 Si
1007 1430 1075 1471 quis

182 1473 238 1503 tibi
254 1473 292 1503 ad
311 1484 416 1503 aurem
431 1474 610 1510 accessisset,
627 1480 656 1504 et
668 1474 802 1510 dixisset,
815 1473 991 1514 Apronium
1013 1473 1076 1503 dic-

182 1516 281 1552 titare,
298 1522 328 1546 te
343 1517 399 1547 sibi
421 1527 483 1547 esse
506 1517 643 1553 socium;
676 1517 858 1547 commoveri
879 1522 907 1546 te
930 1516 1075 1556 oportuit,

183 1569 289 1589 vocare
313 1559 501 1599 Apronium,
529 1570 584 1590 nec
607 1560 697 1590 illum
720 1567 789 1590 ante
812 1559 868 1589 tibi
894 1559 1074 1596 satisfacere,

183 1612 278 1643 quarn
302 1608 335 1631 tu
362 1603 502 1632 omnium
527 1603 743 1633 existimationi
764 1602 961 1632 satisfecisses.
994 1601 1076 1631 Cum

183 1655 253 1675 vero
268 1644 299 1674 in
316 1645 380 1675 foro
395 1645 599 1682 celeberrimo,
617 1646 702 1676 tanta
716 1645 896 1686 frequentia,
909 1645 977 1683 hoc,
988 1645 1078 1675 verbo

184 1696 214 1718 et
229 1687 433 1727 simulatione,
448 1689 600 1730 Aproni0‚
611 1699 642 1719 re
655 1689 736 1728 vera,
748 1688 803 1719 tibi
814 1689 967 1728 objectum
980 1692 1055 1718 esset
1066 1697 1076 1723 ς
