1181 1902
206 90 256 121 IN
283 89 481 122 VERREM
507 89 554 122 ΙΙ.
571 89 656 121 CAP.
673 91 725 121 53.
849 91 914 123 205

17 175 144 216 dignam
159 182 325 217 praeturam
347 177 456 208 tuam!
491 176 538 208 Ut
562 177 684 207 mittam
709 181 826 215 caetera,
850 187 914 218 quo

18 219 144 249 tandem
166 219 282 260 pudore
307 220 381 250 tales
407 220 497 257 viros,
522 231 584 261 quo
610 220 723 258 dolore,
749 220 915 251 meretricis

20 261 149 292 domum
173 263 289 293 venisse
313 262 530 293 arbitramini?
555 263 609 304 qui
633 263 720 293 nulla
745 263 916 294 conditione

19 304 109 335 istam
126 305 348 346 turpitudinem
364 307 526 342 subissent,
543 306 601 336 nisi
616 306 705 336 offleii
721 306 916 337 necessitudi-

19 347 128 388 nisque
143 349 219 378 ratio
235 349 388 389 coegisset.
434 349 585 385 Veniunt,
602 357 637 379 ut
653 349 730 387 dico,
751 350 789 379 ad
811 349 915 380 Cheli-

20 390 140 421 donem.
166 391 288 422 Domus
300 398 363 422 erat
377 391 487 432 plena:
512 401 590 421 nova
598 392 678 431 jura,
689 401 768 422 nova
783 392 913 430 decreta,

20 442 99 463 nova
112 433 228 473 judicia
239 436 430 475 petebantur.
469 436 492 452 “
509 434 594 464 Mihi
610 434 660 464 det
674 435 892 475 possessionem
904 447 913 465 ε

21 475 106 506 Mihi
118 487 156 507 ne
168 477 302 507 adimat:
329 478 367 508 In
383 488 433 507 me
443 477 594 517 judicium
611 487 649 507 ne
661 477 730 508 det:
757 478 840 508 Mihi
861 479 916 508 bo-

19 528 60 549 na
76 519 227 550 addicat?
250 521 318 550 Alii
328 530 472 550 nummos
484 522 687 551 numerabant
699 532 706 550 :
731 521 783 551 alii
796 521 916 551 tabulas

19 562 230 603 obsignabant.
254 563 376 593 Domus
398 571 472 602 erat,
492 574 553 594 non
568 564 736 594 meretricio
751 571 914 602 conventu,

19 605 71 635 sed
83 606 223 646 praetoria
233 607 334 643 turba,
347 607 464 636 referta.
482 607 582 637 Simul
594 617 628 637 ac
638 613 769 647 potestas
777 607 915 647 primum

21 648 93 678 data
108 657 163 686 est,
179 649 292 679 adeunt
307 650 352 686 hi,
376 660 452 690 quos
467 649 541 679 dixi.
581 650 735 690 Loquitur
754 650 892 680 Mustius
905 661 914 680 ε

21 701 87 721 rem
112 691 317 722 demonstrat:
341 693 418 732 petit
443 693 617 722 auxilium:
641 693 803 733 pecuniam
827 693 917 734 polli-

22 740 114 764 cetur.
150 735 321 776 Respondit
338 735 392 765 illa
414 738 462 769 (ut
477 736 635 773 meretrix)
651 746 712 766 non
728 736 913 767 inhumane:

21 777 161 815 libenter,
178 778 231 815 ait,
248 789 278 809 se
293 789 356 809 esse
370 778 532 817 facturam,
546 785 574 809 et
585 789 615 809 se
631 789 701 809 cum
716 779 773 809 isto
789 779 918 820 diligen-

22 825 68 850 ter
84 822 351 852 sermocinaturam
366 833 373 852 ε
398 822 507 852 reverti
525 823 621 861 jubet.
646 822 732 852 Tum
748 822 916 853 discedunt.

23 863 174 895 Postridie
189 871 390 895 revertuntur.
415 865 518 904 Negat
533 865 585 894 issa
600 875 686 905 posse
697 865 853 895 hominem
865 876 918 896 ex-

22 907 121 937 orari:
157 917 357 948 permagnam
379 918 450 938 eum
469 907 566 938 dicere
587 918 625 938 ex
640 908 695 938 illa
709 918 740 939 re
755 909 917 950 pecuniam

21 949 128 981 confici
140 962 236 991 posse.

66 993 164 1024 LIII.
189 994 315 1032 Vereor,
331 1005 369 1025 ne
385 994 453 1036 quis
468 994 544 1025 forte
559 995 597 1025 de
612 995 737 1036 populo,
755 995 809 1036 qui
823 995 917 1037 priori

23 1036 141 1067 actione
156 1047 217 1067 non
234 1038 333 1075 affuit,
345 1038 421 1073 haec,
438 1038 510 1079 quia
521 1046 644 1079 propter
656 1039 805 1079 insignem
822 1039 920 1080 turpi-

23 1079 163 1110 tudinem
179 1087 250 1111 sunt
265 1081 463 1119 incredibilia,
486 1081 562 1122 fingi
577 1092 595 1111 a
610 1092 660 1112 me
676 1082 846 1112 arbitretur.
870 1082 920 1113 Ea

25 1132 78 1153 vos
92 1130 192 1161 antea,
207 1123 335 1163 judices,
352 1124 541 1165 cognovistis.
567 1124 658 1154 Dixit
669 1126 789 1164 juratus
806 1125 841 1155 P.
859 1125 920 1156 Po-

22 1165 119 1203 titius,
136 1172 217 1197 tutor
231 1167 342 1208 pupilli
357 1168 378 1198 J
382 1168 448 1198 unii
459 1179 468 1197 z
493 1167 571 1198 dixit
586 1167 635 1197 M.
652 1168 674 1198 J
677 1168 779 1206 unius,
796 1174 879 1199 tutor
889 1174 919 1199 et

24 1215 152 1249 patruus
165 1221 173 1240 ι
213 1210 351 1241 Mustius
379 1211 514 1247 dixisset,
546 1211 570 1240 si
596 1210 727 1241 viveret:
767 1211 830 1249 sed,
864 1222 920 1252 pro

24 1251 156 1290 Mustio,
172 1253 284 1283 recenti
304 1264 335 1284 re
350 1253 388 1284 de
403 1254 522 1284 Mustio
540 1253 679 1284 auditum
704 1254 782 1284 dixit
797 1254 835 1284 L.
854 1254 920 1285 Do-

21 1294 147 1332 mitius;
172 1296 227 1337 qui
242 1306 312 1327 cum
328 1297 426 1335 sciret,
442 1307 493 1327 me
514 1307 551 1327 ex
567 1297 686 1327 Mustio
703 1297 771 1328 vivo
786 1297 918 1337 audisse,

25 1338 108 1378 quod
124 1349 158 1369 eo
173 1350 242 1369 sum
258 1351 331 1370 usus
349 1340 531 1381 plurimum,
553 1340 678 1374 (etenim
699 1340 731 1370 id
752 1341 916 1380 judicium,

25 1381 108 1421 quod
123 1392 218 1423 prope
228 1383 367 1413 omnium
383 1383 577 1413 fortunarum
592 1393 717 1413 suarum
733 1383 768 1414 C.
783 1383 920 1415 Mustius

23 1423 144 1461 habuit,
160 1435 210 1456 me
225 1436 287 1455 uno
302 1426 491 1463 defendente,
508 1426 591 1463 vicit)
607 1436 679 1456 cum
693 1426 761 1463 hoc,
786 1433 821 1456 ut
839 1427 917 1465 dico,

24 1467 112 1497 sciret
124 1468 162 1498 L.
174 1468 330 1499 Domitius
345 1479 395 1499 me
411 1469 484 1500 scire
499 1469 537 1499 ad
553 1479 624 1499 eum
640 1480 686 1500 res
701 1479 806 1500 omnes
827 1470 920 1500 Mus-

25 1509 102 1540 tium
119 1511 241 1541 solitum
259 1523 321 1543 esse
341 1512 476 1548 deferre3
501 1519 604 1542 tamen
626 1512 664 1543 de
686 1512 853 1543 Chelidone
871 1523 919 1543 re-

24 1552 122 1596 ticuit,
140 1554 241 1595 quoad
255 1556 376 1596 potuit:
401 1555 460 1585 alio
483 1555 706 1596 responsionem
731 1566 818 1586 suam
841 1556 919 1587 deri-

25 1596 116 1626 vavit.
140 1597 262 1628 Tantus
283 1599 316 1628 in
336 1599 523 1629 adolescente
545 1598 709 1629 clarissimo
730 1609 764 1629 ac
782 1599 919 1640 principe

23 1638 192 1677 juventutis
207 1641 306 1681 pudor
321 1641 390 1679 fuit,
407 1648 442 1672 ut
458 1641 660 1682 aliquamdiu,
671 1652 741 1672 cum
757 1653 775 1672 a
789 1652 839 1672 me
850 1653 919 1683 pre-

25 1688 169 1720 meretur,
193 1684 297 1714 omnia
318 1686 419 1725 potius
440 1685 644 1725 responderet,
661 1695 754 1726 quam
776 1685 919 1716 Chelido-

26 1733 97 1755 nem
124 1726 302 1757 nominaret.
342 1727 448 1759 Primo
474 1728 653 1759 necessarios
676 1728 763 1759 istius
786 1728 826 1759 ad
846 1738 918 1758 eum

28 1767 172 1809 allegatos
184 1780 246 1801 esse
257 1770 394 1803 dicebat:
412 1770 520 1803 deinde
531 1771 696 1814 aliquando
707 1778 826 1803 coactus
838 1771 920 1803 Che-

70 1812 191 1850 (Orat.)
209 1821 293 1845 vox„
307 1822 332 1846 1.
638 1823 660 1845 'r
