1181 1902
237 48 302 79 350
410 47 463 79 IN
486 46 683 80 VERREM
707 48 767 80 IV.
792 47 876 80 CAP.
901 49 952 78 64.

236 133 412 164 vendidisse.
436 133 566 164 Ostendi
581 135 646 173 jam
661 134 738 164 illud
753 134 850 172 initio,
866 144 928 164 non
949 133 1126 164 existiman-

235 176 311 206 dum
338 187 450 217 magno
479 177 647 207 vendidisse
672 187 754 214 eum,
785 178 839 218 qui
864 178 955 208 verbo
985 177 1128 207 decumas

236 219 414 257 vendiderit,
436 231 468 250 re
487 226 516 250 et
531 220 711 258 conditione,
728 226 757 250 et
778 221 856 260 lege,
873 226 902 250 et
923 220 1030 257 edicto,
1047 226 1076 249 et
1090 219 1129 248 li-

238 261 335 292 centia
349 263 598 300 decumanorum,
614 263 756 293 decumas
767 264 933 293 aratoribus
945 263 1044 292 nullas
1059 262 1130 292 reli-

238 315 314 345 quas
338 305 448 336 fecerit.
483 306 588 336 Etiam
610 306 687 337 illud
711 306 838 344 ostendi,
863 306 1031 336 vendidisse
1053 305 1129 335 alios

237 358 351 388 magno
371 349 513 379 decumas
530 350 594 389 agri
610 349 764 385 Leontini,
781 356 1018 389 caeterorumque
1041 358 1130 388 agro-

237 401 329 427 rum3
354 399 383 422 et
397 392 463 432 lege
480 392 644 422 Hieronica
659 393 847 428 vendidisse3
872 398 901 422 et
913 392 1008 432 pluris
1025 391 1128 428 etiam,

241 444 336 475 quam
355 441 395 472 te,
412 435 600 471 vendidisse3
627 445 681 466 nec
696 442 843 465 aratorem
865 444 1052 475 quemquam
1069 444 1131 464 esse

238 483 391 518 questum.
418 479 450 508 N
454 489 485 509 ec
501 478 582 509 enim
597 479 666 515 fuit,
684 478 766 519 quod
781 479 945 519 quisquam
961 477 1047 518 queri
1062 487 1132 517 pos-

238 526 293 557 set,
320 531 390 551 cum
416 521 482 562 lege
516 522 685 563 aequissime
709 522 819 562 scripta
842 521 993 551 venirent:
1033 530 1132 560 neque

241 563 318 593 illud
334 574 471 604 unquam
487 565 610 595 aratoris
631 565 779 603 interfuit,
801 564 907 605 quanti
923 563 1058 594 decumae
1081 573 1132 593 ve-

240 606 349 637 nirent.
382 608 455 637 Non
481 608 562 638 enim
580 608 623 638 ita
644 614 698 645 est,
715 614 761 646 ut,
787 608 812 638 si
835 617 947 647 magno
972 606 1130 643 venierint,

240 649 310 690 plus
327 656 425 680 arator
440 650 567 686 debeat;
598 651 622 681 si
637 662 741 692 parvo,
766 651 877 680 minus.
912 650 955 680 Ut
980 649 1133 679 frumenta

240 699 312 722 nata
328 699 408 730 sunt7
425 694 468 723 ita
482 694 618 724 decumae
635 700 775 724 veneunt.
806 693 945 723 Aratoris
968 698 1070 722 autem
1086 692 1134 721 in-

240 741 341 772 terest,
358 736 400 766 ita
416 747 446 766 se
456 736 609 767 frumenta
623 738 744 774 habere,
755 743 789 766 ut
805 737 940 766 decumae
955 746 1047 776 quam
1064 735 1133 775 plu-

240 778 317 808 rimo
340 779 440 809 venire
460 780 583 820 possint.
619 780 706 809 Dum
728 786 826 809 arator
851 789 889 809 ne
915 779 984 819 plus
1006 778 1134 808 decuma

240 821 302 857 det,
319 822 441 862 expedit
458 823 483 852 ei
499 823 660 853 decumam
673 833 735 853 esse
747 833 840 863 quam
853 821 990 851 maximi.
1015 821 1134 851 Verum

240 864 308 900 hoc,
325 870 359 894 ut
372 865 488 905 opinor,
506 876 567 895 esse
583 867 626 896 vis
639 872 729 906 caput
747 865 927 895 defensionis
940 871 1011 901 tuae,
1024 873 1136 904 magno

242 912 271 937 te
281 907 423 937 decumas
440 909 618 945 vendidisse,
636 909 700 949 agri
716 919 784 939 vero
801 908 955 942 Leontini,
972 907 1025 947 qui
1040 907 1136 947 pluri-

243 959 331 980 mum
348 951 447 988 efficit,
465 951 555 982 tritici
570 952 707 982 modium
719 952 857 982 CCXVI
870 951 1017 980 millibus.
1035 950 1068 980 Si
1083 950 1137 980 do-

244 1003 306 1030 ceo,
330 994 425 1034 pluris
441 995 597 1035 aliquanto
612 995 745 1036 potuisse
761 1001 790 1025 te
813 994 951 1031 vendere,
968 1003 1067 1034 neque
1090 993 1137 1023 his

245 1036 374 1067 voluisse
394 1037 541 1073 addicere,
568 1038 622 1079 qui
638 1045 741 1069 eontra
766 1037 942 1078 Apronium
958 1037 1136 1071 licerentur3

246 1085 275 1110 et
299 1080 438 1120 Apronio
460 1081 559 1111 multo
574 1081 710 1117 minoris,
732 1091 825 1121 quam
838 1080 903 1110 aliis
918 1079 1062 1120 potueris,
1079 1085 1140 1108 tra-

245 1122 375 1159 didisse3
400 1124 423 1153 si
438 1123 495 1154 hoc
510 1123 622 1160 doceo;
648 1125 795 1165 poteritne
816 1130 845 1153 te
862 1124 957 1159 Alba,
975 1128 1045 1152 tuus
1061 1122 1140 1151 anti-

245 1166 410 1206 quissimus
431 1176 492 1197 non
509 1168 608 1198 solum
623 1168 749 1206 amicus,
771 1177 878 1198 verum
899 1166 989 1196 etiam
1010 1171 1137 1202 amator,

247 1209 400 1239 absolvere
413 1211 426 1240 Ρ

290 1252 414 1283 LXIV.
439 1252 529 1291 Dico,
555 1253 688 1294 equitem
714 1254 902 1290 Romanum,
927 1251 1083 1282 hominem
1108 1251 1139 1281 in

244 1294 351 1335 primis
367 1296 541 1333 honestum,
559 1297 599 1334 Q.
618 1297 805 1333 Minucium,
822 1307 892 1327 cum
910 1295 956 1326 sui
978 1294 1140 1331 similibus,

244 1337 282 1367 ad
304 1337 448 1369 decumas
473 1340 537 1379 agri
562 1340 706 1370 Leontini
727 1339 817 1370 tritici
844 1339 981 1370 modium
1005 1347 1066 1367 non
1090 1337 1141 1374 M,

244 1390 305 1410 non
329 1381 364 1411 II
385 1382 493 1419 millia,
513 1393 573 1413 non
602 1384 656 1413 ΙΙΙ
681 1383 788 1419 millia,
813 1382 864 1412 sed
889 1382 927 1412 ad
953 1391 1028 1411 unas
1053 1380 1143 1410 unius

244 1424 308 1463 agri
320 1424 463 1455 decumas
477 1426 567 1456 tritici
577 1426 713 1456 modium
725 1426 825 1456 XXX
836 1425 933 1455 millia
949 1424 1077 1454 voluisse
1089 1423 1143 1452 ad-

244 1466 324 1502 dere,
343 1474 371 1497 et
387 1468 412 1497 ei
433 1475 612 1508 potestatem
638 1469 758 1499 emendi
784 1479 844 1498 non
872 1479 935 1498 esse
959 1467 1083 1501 factam,
1106 1476 1143 1496 ne

246 1519 294 1539 res
308 1510 404 1540 abiret
420 1513 457 1541 ab
474 1512 623 1552 Apronio.
649 1513 770 1552 Negare
782 1512 850 1549 hoc,
867 1511 925 1541 nisi
940 1510 1017 1540 forte
1033 1519 1142 1549 negare

244 1553 349 1582 omnia
375 1555 567 1592 constituisti,
594 1557 680 1586 nullo
709 1555 800 1585 modo
827 1561 920 1595 potes,
961 1553 1068 1582 Palam
1099 1561 1145 1581 res

245 1602 330 1634 gesta
357 1603 412 1633 est,
438 1598 574 1628 maximo
596 1604 758 1635 conventu,
784 1597 956 1638 Syracusis:
994 1595 1076 1625 testis
1103 1601 1146 1624 est

247 1644 311 1668 tota
334 1640 500 1679 provincia,
518 1648 676 1682 propterea
692 1641 773 1682 quod
797 1640 932 1681 undique
951 1638 989 1669 ad
1005 1637 1148 1669 emendas

247 1680 391 1712 decumas
411 1684 508 1714 solent
523 1695 558 1714 eo
573 1685 742 1716 convenire.
766 1683 860 1722 Quod
876 1683 938 1713 sive
955 1681 1069 1718 fateris,
1086 1681 1148 1710 sive

250 1725 448 1766 convinceris,
487 1733 563 1769 quot
604 1734 634 1760 et
663 1738 758 1770 quam
796 1726 964 1759 manifestis
993 1725 1025 1755 in
1060 1725 1149 1755 rebus
