1181 1902
302 25 349 56 IN
378 25 577 56 VERREM
605 25 645 57 V.
671 24 755 55 Cn.
777 24 825 55 14.
949 23 1014 54 39⁰

113 110 267 152 Cybiratae
278 116 349 141 sunt
358 110 465 142 fratres
475 110 615 152 quidam,
633 109 834 151 Tlepolemus
850 115 881 140 et
895 108 1014 144 Hiero,
1006 120 1014 127 ·

114 163 247 194 quorum
263 153 395 184 alterum
411 153 526 194 fingere
542 154 652 194 opinor
666 163 683 184 e
706 163 776 184 cera
797 152 922 183 solitum
943 161 1018 188 esse,

115 196 247 228 alterum
262 206 325 227 esse
339 196 498 237 pictorem.
522 196 625 227 Hosce
640 196 760 237 opinor,
788 195 921 236 Cybirae,
947 204 1019 225 cum

118 239 149 269 in
174 239 375 280 suspicionem
400 239 551 270 venissent
576 239 638 270 suis
663 239 781 270 civibus
802 239 910 268 fanum
932 237 1019 278 expi-

118 282 196 312 lasse
211 282 379 322 Apollinis,
393 282 501 312 veritos
516 292 638 322 poenam
651 281 759 321 judicii
775 292 809 312 ac
824 281 911 321 legis,
926 280 1018 311 domo

119 324 297 365 profugisse.
329 324 424 362 Quod
447 325 477 355 V
480 335 576 355 errem
600 325 719 355 artificii
741 325 788 354 sui
805 324 953 365 cupidum
968 333 1018 354 co-

116 373 286 408 gnoverant
309 373 388 405 tum,
414 377 486 398 cum
508 367 564 398 iste
589 367 645 405 (id,
672 367 756 408 quod
777 378 814 397 ex
830 366 958 397 testibus
973 366 1021 396 di-

117 410 244 448 dicistis)
268 410 415 451 Cybiram
436 420 507 441 cum
529 410 671 440 inanibus
686 410 867 451 syngraphis
882 415 1018 447 venerat,

119 453 211 484 domo
220 453 438 494 profugientes,
454 453 494 483 ad
504 463 575 483 eum
590 463 622 483 se
636 453 766 492 exsules,
783 463 854 483 cum
869 452 925 483 iste
943 458 1019 483 esset

117 496 151 526 in
165 497 257 534 Asia,
272 496 475 527 contulerunt-
500 495 621 526 Habuit
636 506 738 526 secum
754 506 804 526 eos
815 497 854 526 ab
869 495 923 525 illo
938 501 1017 526 tem-

116 549 208 580 pore;
232 545 272 577 et,
287 539 320 569 in
335 539 493 580 legationis
507 539 617 580 praedis
640 546 732 580 atque
756 537 856 576 furtis,
879 539 1015 570 multum

117 582 243 612 illorum
258 582 349 623 opera
359 582 544 623 consilioque
560 592 633 612 usus
648 588 701 612 est.
726 581 772 612 Hi
787 588 859 612 sunt
873 581 930 620 illi,
947 581 1017 622 qui-

117 625 176 655 bus
195 625 228 655 in
249 625 360 656 tabulis
382 625 486 655 retulit
507 635 570 656 sese
588 625 629 663 Q.
655 624 774 655 Tadius
788 624 916 662 dedisse,
930 625 1017 663 jussu

116 667 215 705 istius,
233 668 347 698 Graecis
363 668 538 709 pictoribus.
562 668 636 704 Eos,
649 669 716 707 jam
731 669 808 698 bene
823 667 970 708 cognitos,
987 674 1016 697 et

116 721 148 741 re
169 712 321 752 probatos,
349 721 452 741 secum
475 711 508 740 in
532 711 668 742 Siciliam
684 711 783 741 duxit.
807 710 880 748 Quo
895 716 1015 751 postea-

115 765 211 796 quam
226 760 384 790 venerunt,
401 753 577 784 mirandum
592 754 624 784 in
640 753 781 792 modum,
807 756 909 789 (canes
924 763 1016 783 vena-

117 798 192 828 ticos
215 797 341 834 diceres)
364 797 406 827 ita
427 796 631 827 odorabantur
652 796 756 827 omnia
778 802 808 827 et
833 796 1016 837 pervestiga-

119 841 205 877 bant,
218 845 264 877 ut,
283 840 334 870 ubi
350 840 486 881 quidque
498 846 584 876 esset,
598 840 701 880 aliqu&
710 840 826 870 ratione
835 839 1016 870 invenirent.

116 883 218 914 Aliud
237 882 420 921 minitando,
437 883 523 913 aliud
536 883 717 924 pollicendo,
731 882 816 913 aliud
830 893 884 923 per
905 892 1015 920 servos,

115 926 202 957 aliud
226 936 280 966 per
303 926 425 963 liberos,
450 936 505 966 per
530 925 663 956 amicum
685 926 780 963 aliud,
802 925 887 955 aliud
901 935 955 966 per
969 925 1017 955 in-

119 969 261 1007 imicum,
281 969 487 999 inveniebant.
512 968 676 1009 Quidquid
690 969 751 999 illis
766 969 932 1010 placuerat,
948 978 1018 1009 per-

118 1011 255 1042 dendum
281 1017 353 1042 erat.
379 1011 469 1042 Nihil
491 1011 576 1041 aliud
591 1013 749 1053 optabant,
765 1021 897 1053 quorum
913 1021 1017 1052 posce-

117 1056 208 1086 batur
219 1062 392 1096 argentum,
408 1054 466 1085 nisi
481 1060 516 1085 ut
528 1054 659 1085 Hieroni
670 1061 700 1085 et
714 1055 896 1096 Tlepolemo
911 1054 1017 1096 displi-

120 1104 208 1129 ceret.

161 1140 256 1171 XIV.
280 1140 362 1171 Vere
392 1140 606 1178 (mehercules)
636 1141 704 1178 hcc,
744 1140 872 1180 judices,
902 1140 1014 1171 dicam.

118 1183 480 1224 Memini,·Pamphilum
491 1183 733 1224 Lilybaetanum,
746 1184 896 1225 hospitem
908 1193 1014 1220 meum

117 1233 148 1258 et
166 1226 312 1265 amicum,
328 1227 463 1257 nobilem
482 1226 652 1265 hominem,
669 1227 747 1257 mihi
770 1237 909 1257 narrare:
942 1237 1013 1257 cum

116 1271 173 1301 iste
188 1271 226 1300 ab
242 1280 304 1300 sese
318 1269 460 1310 hydriam
474 1269 588 1300 Boethi
609 1280 705 1301 manu
726 1270 849 1308 factam,
871 1270 1015 1310 praeclaro

116 1323 206 1354 opere
227 1319 256 1344 et
279 1312 388 1353 grandi
407 1312 551 1354 pondere,
567 1324 622 1354 per
636 1319 816 1354 potestatem
831 1313 1013 1351 abstulisset,

118 1367 149 1387 se
172 1366 243 1386 sane
267 1356 383 1386 tristem
408 1362 438 1386 et
459 1358 674 1387 conturbatum
697 1356 826 1387 domum
847 1356 1014 1395 revertisse,

119 1399 203 1441 quod
218 1409 269 1429 vas
285 1399 446 1438 ejusmodi,
462 1398 544 1439 quod
560 1399 617 1430 sibi
633 1410 651 1430 a
669 1406 754 1448 patre
769 1405 798 1429 et
813 1409 831 1429 a
847 1399 1015 1438 majoribus

119 1448 195 1473 esset
210 1442 362 1479 relictum,
379 1452 440 1482 quo
456 1442 561 1472 solitus
576 1450 651 1472 esset
662 1443 708 1472 uti
727 1442 766 1473 ad
779 1442 870 1473 festos
884 1442 958 1480 dies,
975 1442 1015 1473 ad

119 1485 277 1526 hospitum
292 1485 470 1521 adventum,
487 1495 505 1515 a
520 1495 550 1515 se
565 1491 641 1516 esset
651 1486 798 1516 ablatum.
833 1485 915 1515 Cum
931 1465 1016 1516 sede-

119 1539 196 1567 rem,
220 1527 333 1568 inquit,
354 1528 438 1558 domi
462 1528 565 1566 tristis,
593 1528 721 1559 accurrit
735 1528 904 1560 Venerius.
926 1529 1015 1568 jubet

119 1581 169 1601 me
195 1571 324 1612 scyphos
347 1571 493 1612 sigillatos
517 1571 556 1601 ad
580 1577 741 1613 praetorem
770 1572 872 1602 statim
898 1571 1014 1602 afferre.

121 1614 284 1644 Permotus
299 1624 380 1652 sum,
395 1614 516 1656 inquit:
540 1614 628 1646 binos
639 1615 790 1646 habebam
804 1626 812 1645 :
834 1616 928 1655 jubeo
942 1625 1015 1656 pro-

120 1657 165 1687 mi
188 1663 343 1698 utrosque,
368 1667 406 1687 ne
430 1657 505 1698 quid
519 1658 589 1698 plus
614 1658 688 1688 mali
709 1665 890 1696 nasceretur,
908 1663 937 1688 et
952 1668 1017 1689 me-

119 1709 191 1730 cum
207 1700 245 1731 ad
260 1701 395 1741 praetoris
410 1700 538 1731 domum
554 1701 634 1731 ferri.
659 1702 708 1732 Eo
723 1711 793 1732 cum
810 1701 890 1739 veni,
907 1708 1018 1742 praetor
