1181 1902
292 38 345 70 IN
368 36 565 71 VERREM
589 37 650 70 lv.
674 37 758 69 CAP.
776 38 829 68 53.
938 38 1002 69 339

110 123 164 154 ma
178 123 280 155 literas
289 124 430 163 misisset,
446 135 477 155 se
488 123 630 155 decumas
643 123 710 164 lege
726 122 889 154 Hieronica
899 123 1004 154 vendi-

110 172 214 197 turum
225 178 235 203 ;
259 173 288 198 et
305 167 362 198 nisi
377 169 414 198 ab
430 167 465 197 iis
477 167 534 197 hoc
545 167 709 208 petivisset,
722 173 757 197 ut
766 172 897 197 sererent
908 176 1002 207 quam

108 210 278 250 plurimum
289 221 299 246 ;
323 210 405 251 quod
421 210 466 239 illi
481 220 599 251 semper
609 210 664 240 sua
674 210 763 240 causa
773 210 916 247 fecerant,
931 219 1002 239 cum

109 263 158 283 eos
173 263 263 283 nemo
278 258 407 293 rogaret,
424 252 572 294 quamdiu
588 253 809 292 intelligebant,
827 263 889 283 sese
902 252 958 282 sibi
974 257 1005 282 et

108 297 222 336 populo
239 297 392 333 Romano,
417 305 478 326 non
496 295 586 326 Verri
602 302 632 326 et
645 296 797 336 Apronio,
815 306 921 334 serere,
945 295 1004 324 im-

109 339 251 380 pendere,
268 339 412 369 laborare.

152 382 228 412 Jam
239 392 319 419 vero,
327 382 455 421 judices,
467 381 491 411 si
502 381 674 412 Siculorum
685 380 822 411 fortunas
832 380 1002 421 negligitis;

111 424 147 462 si,
164 425 424 465 quemadmodum
441 425 511 455 socii
527 424 632 465 populi
649 424 785 454 Romani
807 434 825 453 a
844 425 1006 464 magistra-

104 468 193 498 tibus
208 468 315 498 nostris
334 474 510 506 tractentur,
535 477 596 497 non
620 467 783 502 laboratis3
807 473 837 496 at
855 477 906 496 vos
922 477 1005 497 com-

111 521 239 541 munem
253 511 360 552 populi
376 511 509 540 Romani
530 520 652 540 causam
677 510 818 550 suscipite
839 516 930 550 atque
953 509 1006 540 de-

113 553 235 583 fendite.
259 553 380 592 Ejectos
396 560 525 583 aratores
541 563 603 583 esse
625 553 712 589 dic03
738 563 825 593 agros
845 552 1005 592 vectigales

111 602 235 627 vexatos
250 602 341 637 atque
357 596 524 627 exinanitos
545 607 564 626 a
578 596 695 631 Verre3
720 596 899 636 populatam
914 606 1006 625 vexa-

112 644 237 680 tamque
252 640 439 680 provinciam
452 651 459 669 :
484 639 548 669 haec
563 638 666 668 onmia
681 639 773 669 doceo
793 638 886 668 literis
902 638 1006 668 civita-

111 687 192 720 tum,
210 688 239 712 et
254 682 377 723 privatis
392 682 606 723 primariorum
624 682 757 712 virorum
773 681 962 712 testimoniis.

155 725 252 755 LIII.
291 726 376 763 Quid
403 725 494 756 vultis
520 725 676 765 amplius?
710 725 798 755 Num
815 724 1004 765 exspectatis,

111 768 186 798 dum
204 768 242 798 L.
259 768 418 806 Metellus,
439 769 465 798 is
485 768 539 809 qui
554 769 667 798 multos
682 768 714 797 in
729 768 821 798 istum
838 774 927 798 testes
947 768 1006 797 im-

112 811 196 852 perio
209 817 237 841 et
248 817 394 852 potestate
406 811 562 849 deterruit,
578 811 659 841 idem
672 812 778 842 absens
794 810 831 840 de
845 810 932 840 istius
944 821 1006 841 see-

112 855 184 892 lere,
201 855 405 895 improbitate,
418 854 556 891 audacia,
573 854 779 884 testimonium
792 853 871 884 dicat
880 854 894 882 P
918 854 1004 891 Non,

112 897 228 938 opinor.
245 900 291 927 At
302 898 327 928 is
339 898 463 938 optime,
481 897 534 938 qui
546 897 685 927 successit
700 897 760 934 isti,
774 897 873 937 potuit
882 906 1006 937 cognos-

114 950 188 970 cere.
222 940 272 970 Ita
286 947 350 977 est;
375 951 481 971 verum
496 940 630 970 amicitia
651 939 826 981 impeditur.
855 941 903 970 At
918 940 1008 970 debet

114 992 169 1013 nos
185 984 321 1014 certiores
336 984 443 1021 facere,
468 993 529 1024 quo
555 989 643 1024 pacto
664 993 695 1013 se
713 983 823 1013 habeat
841 982 1005 1023 provincia.

113 1026 234 1056 Debet:
260 1033 469 1056 verumtamen
482 1036 543 1056 non
554 1027 679 1066 cogitur.
704 1026 792 1056 Num
805 1026 873 1066 quis
882 1026 914 1055 in
926 1025 1006 1056 Ver-

114 1079 177 1100 rem
195 1069 233 1099 L.
251 1069 372 1099 Metelli
388 1069 595 1100 testimonium
611 1069 738 1110 requirit
749 1071 763 1100 ἓ
786 1079 886 1099 nemo.
916 1069 1006 1098 Num

114 1112 182 1152 quis
198 1113 355 1153 postulat?
379 1122 452 1151 non,
469 1113 584 1153 opinor.
609 1112 695 1150 Quid
708 1114 721 1143 Ρ
746 1112 770 1142 si
782 1112 954 1142 testimonio
966 1112 1006 1142 L.

115 1154 237 1185 Metelli
252 1166 286 1185 ac
301 1156 394 1186 literis
408 1156 473 1186 haec
488 1156 592 1185 omnia
607 1166 676 1186 vera
688 1166 749 1186 esse
761 1155 863 1193 doceo,
875 1155 949 1195 quid
962 1155 1009 1184 di-

114 1198 210 1229 cetis?
234 1205 339 1229 utrum
352 1199 517 1229 Metellum
530 1199 642 1229 falsum
652 1199 779 1229 scribere
793 1200 806 1229 Ρ
823 1208 862 1228 an
873 1198 1006 1228 amicum

114 1241 245 1272 laedendi
256 1253 317 1273 esse
327 1242 495 1283 cupidum?
515 1252 554 1272 an
564 1248 735 1282 praetorem,
746 1241 1008 1282 quemadmodum

114 1285 269 1324 provincia
283 1285 389 1315 affecta
404 1285 453 1322 sit,
474 1285 611 1315 nescire?
645 1285 753 1315 Recita
767 1285 868 1314 literas
884 1284 921 1313 L.
935 1284 1008 1314 Me-

114 1327 189 1364 telli,
201 1339 276 1369 quas
288 1328 327 1358 ad
337 1328 393 1358 Cn.
406 1328 589 1369 Pompeium
602 1334 631 1358 et
641 1328 689 1358 M.
702 1328 846 1358 Crassum
858 1327 1006 1364 consules,

114 1380 191 1411 quas
200 1371 239 1401 ad
254 1371 303 1401 M.
320 1371 514 1401 Mummium
526 1377 698 1412 praetorem,
711 1381 786 1412 quas
798 1370 836 1400 ad
846 1376 1009 1411 quaestores

114 1413 219 1451 Urbis,
235 1414 328 1444 misit.

115 1458 271 1497 (Epistola
301 1459 340 1488 L.
371 1458 506 1488 Metelli.
518 1477 562 1483 -
576 1459 732 1488 Dec-mnas
752 1457 913 1498 frumenti
943 1457 1009 1497 lege

395 1500 568 1532 Hieronica
587 1502 734 1538 vendidi.)

159 1543 241 1574 Cum
265 1544 377 1581 scribit,
399 1555 429 1575 se
454 1545 520 1584 lege
543 1544 708 1574 Hieronica
730 1543 909 1580 vendidisse,
934 1541 1009 1584 quid

118 1586 244 1617 scribit?
267 1587 310 1617 ita
324 1598 355 1617 se
370 1587 549 1625 vendidisse,
564 1593 598 1618 ut
612 1597 728 1624 omnes,
745 1593 852 1627 praeter
869 1587 1008 1616 Verrem.

120 1629 205 1659 Cum
220 1630 332 1669 scribit,
349 1641 380 1661 se
394 1631 461 1671 lege
473 1630 638 1661 Hieronica
652 1630 831 1667 vendidisse,
848 1629 923 1670 quid
939 1628 1011 1659 scri-

119 1671 166 1702 bit
173 1672 187 1701 ?
210 1683 251 1710 se,
262 1683 316 1714 per
326 1673 420 1704 istum
432 1679 534 1714 erepta
543 1673 664 1711 Siculis,
674 1674 827 1712 majorum
837 1678 1009 1702 nostrorum

119 1715 274 1755 beneficia,
283 1717 336 1757 jus
350 1717 498 1759 ipsorum,
511 1716 715 1748 conditionem
729 1716 888 1755 societatis,
904 1713 1009 1746 amici·
