1181 1902
241 81 303 112 392
435 80 484 110 IN
509 79 705 111 VERREM
730 80 769 111 V.
794 80 876 111 CAr.
900 81 930 114 7.

240 166 327 197 disse.
366 159 551 207 Cupidinem
581 166 741 196 Praxitelis
771 166 827 197 HS
851 165 961 195 MDC.
985 163 1123 194 Profecto

240 208 310 238 111116
325 215 432 239 natum
447 216 501 247 est,
527 212 549 227 “
562 209 650 239 Malo
666 220 774 247 emere,
791 219 884 250 quam
901 207 1025 247 rogare?

283 252 363 282 VII.
388 251 477 284 Dicet
492 253 611 292 aliquis,
625 252 732 290 Quid?
755 258 788 282 tu
803 253 860 281 ista
871 259 1035 292 permagno
1045 249 1123 279 aesti-

239 295 329 324 mas?
352 295 421 335 Ego
436 306 516 333 vero,
533 295 571 325 ad
586 305 687 325 meam
707 295 855 325 rationem
880 303 968 324 usum
972 303 1041 333 que,
1064 302 1125 321 non

240 337 365 367 aestimo.
402 338 622 368 Verumtamen
648 348 665 367 a
691 338 775 368 vobis
792 338 834 367 ita
848 336 974 366 arbitror
1001 334 1126 375 spectari

240 386 388 420 oportere,
416 381 522 421 quanti
547 381 611 411 haec
637 391 742 410 eorum
765 380 891 419 judicio,
918 378 972 419 qui
1001 377 1125 407 studiosi

240 429 312 453 sunt
336 423 446 453 harum
472 434 584 461 rerum,
604 424 810 454 aestimentur·
802 446 811 458 ,
840 422 945 462 quanti
966 421 1065 451 venire
1081 430 1127 449 so-

240 465 342 502 leant3
367 466 472 506 quanti
482 467 568 496 haec
560 477 636 506 ipsa,
649 466 673 495 si
688 466 789 506 palam
809 466 961 504 libereque
977 463 1123 499 venirent,

240 508 341 539 venire
356 515 494 549 possent:
519 509 667 549 denique
659 519 722 548 ipse
738 509 768 539 V
771 519 847 538 erres
863 506 969 547 quanti
989 505 1127 535 aestimet.

240 550 414 591 Nunquam
438 552 530 588 enim,
556 551 580 581 si
604 551 732 581 denariis
756 549 983 591 quadringentis
1000 548 1128 588 Cupidi-

241 603 313 624 nem
329 594 415 624 illum
433 594 578 634 putasset,
595 593 801 629 commisisset,
819 599 853 622 ut
868 598 989 633 propter
1009 601 1080 621 eum
1095 591 1128 620 in

242 647 411 667 sermonem
426 637 586 667 hominum
602 642 691 676 atque
703 637 734 665 in
744 641 859 666 tantam
877 634 1126 674 vituperationem

240 679 364 709 veniret.
389 680 468 717 Quis
484 681 614 709 vestrum
630 679 722 719 igitur
737 679 840 714 nescit,
853 678 958 718 quanti
968 677 1031 706 haec
1048 677 1127 706 aesti-

240 724 388 752 mentur?
413 723 451 752 In
464 722 601 752 auctione
617 722 738 761 signum
755 731 874 751 aeneum
896 730 955 750 non
975 729 1124 759 magnum

241 765 298 795 Hs
323 764 416 795 CXX
439 765 574 794 millibus
599 764 699 795 venire
717 774 777 793 non
802 764 959 793 vidimus?
983 762 1080 800 Quid,
1103 762 1127 792 si

241 808 332 838 velim
353 807 510 837 nominare
531 807 681 843 homines,
704 806 757 846 qui
772 812 825 836 aut
840 816 901 836 non
922 805 1056 842 minoris,
1073 811 1127 835 aut

242 850 333 880 etiam
348 850 455 890 pluris,
472 850 623 880 emerint?
647 859 747 879 nonne
762 859 885 890 possum
899 850 912 879 ?
936 848 1061 878 Etenim
1074 848 1127 888 qui

243 893 352 923 modus
373 899 417 923 est
431 893 462 922 in
480 892 527 922 his
542 894 631 922 rebus
646 892 829 932 cupiditatis,
842 892 923 921 idem
939 897 982 921 est
998 891 1127 921 aestima-

243 936 351 965 tionis:
382 935 502 965 difficile
523 941 566 965 est
581 936 661 965 enim
677 935 769 965 finem
785 935 880 965 facere
895 934 1001 975 pretio,
1019 934 1075 964 nisi
1091 934 1129 963 lim

242 978 340 1009 bidini
364 978 476 1008 feceris,
520 978 619 1009 Video
639 978 732 1018 igitur
756 978 873 1008 Heium
898 987 995 1017 neque
1019 977 1127 1007 volun-

242 1027 314 1058 tate,
331 1031 429 1062 neque
445 1021 620 1051 difficultate
635 1021 738 1061 aliqua
753 1020 906 1061 temporiS,
923 1030 1021 1060 neque
1040 1030 1127 1060 mag-

241 1064 380 1094 nitudine
394 1064 540 1104 pecuniae,
557 1064 722 1094 adductum
738 1074 810 1101 esse,
828 1070 862 1093 ut
877 1063 941 1093 haec
956 1063 1041 1102 signa
1056 1073 1128 1092 ven-

241 1107 342 1137 deret:
373 1113 473 1147 teque,
500 1106 557 1136 ista
582 1106 773 1136 simulatione
797 1106 946 1143 emtionis,
969 1106 1009 1141 vi,
1031 1111 1128 1143 metu,

241 1150 380 1191 imperio,
402 1150 543 1187 fascibus,
566 1151 604 1179 ab
625 1149 747 1179 homine
771 1160 816 1186 eo,
842 1159 945 1189 quem,
971 1148 1033 1178 una
1057 1158 1127 1178 cum

243 1193 356 1223 caeteris
380 1193 476 1231 sociis,
493 1202 553 1222 non
581 1192 680 1222 solum
706 1193 845 1233 potestati
870 1198 940 1229 tuae,
960 1191 1010 1221 sed
1037 1191 1127 1221 etiam

241 1236 324 1273 fidei,
340 1236 472 1276 populus
488 1236 647 1266 Romanus
662 1235 862 1272 commiserat,
879 1234 1022 1275 eripuisse
1037 1240 1127 1275 atque

241 1279 408 1309 abstulisse.

285 1321 371 1359 Quid
395 1321 471 1351 mihi
491 1327 554 1352 tam
570 1321 749 1362 optandum,
763 1321 889 1361 judices,
906 1326 1003 1361 potest
1019 1331 1080 1350 esse
1095 1320 1127 1350 in

240 1364 298 1394 hoc
313 1364 450 1401 crimine,
464 1375 557 1405 quam
572 1371 607 1394 ut
627 1365 691 1395 haec
707 1364 812 1394 eadem
826 1364 906 1394 dicat
921 1364 984 1403 ipse
1002 1363 1100 1393 Heius
1112 1365 1126 1394 ἶ)

241 1407 319 1438 nihil
343 1407 485 1447 profecto.
519 1407 578 1438 Sed
593 1418 631 1438 ne
646 1407 779 1437 difficilia
798 1412 945 1447 optemus.
971 1407 1069 1436 Heius
1085 1412 1129 1436 est

241 1449 466 1480 Mamertinus:
492 1450 679 1480 Mamertina
693 1450 795 1481 civitas
810 1450 902 1480 istum
912 1449 1031 1489 publice
1047 1459 1129 1479 com-

241 1492 329 1522 muni
345 1493 468 1523 consilio
483 1493 545 1523 sola
565 1493 689 1523 laudat:
713 1493 854 1523 omnibus
868 1493 932 1532 ipse
947 1492 1059 1522 caeteris
1081 1492 1128 1521 Si-

241 1535 317 1565 culis
332 1535 401 1566 odio
416 1542 478 1566 est:
513 1537 550 1565 ab
566 1536 613 1566 his
628 1536 698 1566 solis
714 1542 841 1566 amatur.
874 1535 953 1574 Ejus
965 1541 1067 1564 autem
1084 1535 1127 1564 le-

240 1577 380 1618 gationis,
390 1589 458 1619 quae
468 1578 506 1608 ad
516 1579 608 1609 istum
624 1579 809 1609 laudandum
821 1578 912 1608 missa
925 1584 978 1614 est,
989 1577 1127 1618 princeps

241 1626 285 1650 est
310 1620 426 1650 Heius:
461 1622 570 1651 etenim
596 1628 639 1651 est
653 1622 770 1662 primus
785 1621 941 1652 civitatis*
967 1621 1016 1650 Ne
1039 1620 1126 1657 forte,

242 1663 317 1711 duin
340 1663 469 1704 publicis
492 1664 642 1695 mandatis
666 1665 785 1703 serviat,
810 1664 847 1695 de
867 1663 990 1705 privatis
1011 1663 1130 1702 injuriis

240 1711 370 1739 retlceat.
