1181 1902
183 45 243 75 142
376 45 427 76 IN
452 44 648 77 VERREM
673 45 700 76 Ι.
725 45 809 76 CAP.
830 46 877 77 10.

182 131 242 161 bus
263 129 340 161 ratio
361 140 423 161 non
448 136 522 170 erat,
546 136 703 172 propterea
726 131 808 172 quod
835 141 884 162 eos
905 130 1072 171 intelligere
1133 50 1138 166 i

181 173 333 212 videbam,
347 184 397 204 me
411 174 468 205 hoc
479 174 593 214 judicio
608 175 778 205 districtum
794 181 885 215 atque
901 174 1070 214 obligatum
1135 167 1140 236 ἱ

181 215 332 246 futurum.
355 217 463 258 Atque
482 218 539 248 hoc
553 217 619 258 ipso
634 224 768 258 tempore
783 218 891 248 Siculis
912 216 1073 247 denuntia-

182 264 250 289 tum
266 270 327 290 esse
345 260 447 298 audio,
471 261 605 301 primum
627 263 664 291 ab
686 261 861 297 Hortensio,
885 261 1011 290 domum
1033 259 1072 289 ad

180 301 271 332 illum
292 309 327 333 ut
344 303 497 334 venirent:
523 304 639 334 Siculos
654 313 724 334 sane
739 304 770 333 in
787 314 821 333 eo
835 304 943 333 liberos
958 302 1071 338 fuisse3

182 345 247 386 qui,
279 347 475 387 quamobrem
502 353 729 385 arcesserentur,
758 357 829 377 cum
858 346 1071 385 intelligerent,

181 397 243 419 non
255 389 379 419 venisse.
414 389 534 420 Interea
548 390 670 420 comitia
684 396 796 427 nostra,
812 400 943 430 quorum
958 389 1014 419 iste
1028 398 1071 426 se,

182 437 218 461 ut
239 438 413 462 caeterorum
435 433 491 462 hoc
512 442 591 463 anno
612 434 813 470 comitiorum,
835 432 993 462 dominum
1011 442 1073 461 esse
1139 426 1142 459 Ι

181 474 393 512 arbitrabatur,
416 475 520 506 haberi
535 481 631 516 empta
645 482 723 506 sunt.
749 476 876 506 Cursare
890 475 956 513 iste,
980 475 1073 504 homo
1140 462 1143 545 Ι

182 523 300 558 potens,
325 528 392 548 eum
410 518 472 549 filio
488 519 600 549 blando
615 524 644 548 et
658 519 800 559 gratioso,
824 519 936 548 circum
952 518 1069 547 tribus:

183 567 323 601 paternos
339 561 461 599 amieos,
478 561 534 591 hoc
550 568 604 598 est,
621 561 773 598 divisores,
791 562 942 602 appellare
957 571 1073 597 onmes,

182 609 214 633 et
229 603 395 634 convenire.
418 604 512 642 Quod
523 615 593 634 cum
606 611 681 635 esset
692 605 878 634 intellectum
894 610 923 634 et
935 603 1073 634 animad-

184 657 304 676 versum
315 657 325 682 ;
349 646 419 677 fecit
433 647 535 677 animo
546 647 743 678 libentissimo
755 648 887 688 populus
898 648 1070 683 Romanus,

183 695 230 726 ut,
246 690 293 729 cuj
299 700 332 719 us
348 689 461 720 divitiae
475 700 525 720 me
540 690 577 722 de
592 690 650 720 fide
662 690 808 721 deducere
820 700 881 720 non
893 690 1071 731 potuissent,

184 741 224 762 ne
239 731 374 771 ejusdem
390 733 525 773 pecuniae
538 733 575 763 de
589 733 702 764 honore
716 733 886 773 dejicerent.

183 797 185 799 -
227 775 431 816 Posteaquam
452 776 505 805 illa
528 776 680 816 petitionis
702 777 815 816 magn&
836 775 907 806 curti
928 775 1073 805 liberatus

184 827 265 855 sum,
282 818 384 849 animo
399 819 474 859 coepi
489 819 586 849 multo
601 819 698 859 magis
714 830 808 849 vacuo
823 829 858 849 ac
872 819 981 856 soluto,
995 818 1072 848 nihil
1145 831 1148 854 ι

184 860 281 897 aliud,
294 860 352 892 nisi
367 861 404 891 de
416 861 542 902 judicio,
556 872 643 902 agere
659 868 688 892 et
703 862 840 902 cogitare.
864 861 1007 902 Reperio,
1021 861 1074 899 ju·
1166 864 1169 934 Ι

184 903 275 941 dices,
300 903 365 935 haec
387 905 425 935 ab
449 904 512 934 istis
535 905 657 935 consilia
680 905 756 935 inita
778 911 806 935 et
830 905 1002 942 constituta,
1026 909 1073 942 ut,

180 945 378 989 quecumque
392 957 469 987 opus
489 953 564 978 esset
578 948 704 986 ratione,
721 958 767 978 res
788 948 830 978 ita
850 947 1020 985 duceretur,
1036 953 1072 977 ut

182 989 267 1029 apud
283 989 331 1020 M.
345 990 509 1022 Metellum
524 996 683 1032 praetorem
699 1001 787 1021 causa
801 990 967 1020 diceretur:
990 989 1021 1019 in
1038 999 1074 1020 eo

185 1042 247 1063 esse
262 1032 327 1063 haec
342 1033 519 1063 commoda:
543 1034 679 1074 primum
694 1034 742 1065 M.
760 1034 936 1072 Metellum,
953 1032 1073 1063 amicis-

185 1075 321 1111 simum;
344 1075 452 1107 deinde
474 1076 674 1108 Hortensium
697 1077 851 1107 consulem
875 1086 936 1108 non
959 1076 1070 1113 solum,

185 1118 343 1149 sedetiam
360 1118 400 1156 Q.
418 1119 601 1151 Metellum:
626 1120 680 1162 qui
700 1130 793 1160 quam
814 1119 864 1149 isti
883 1119 922 1149 sit
941 1119 1069 1156 amicus,
1171 1106 1173 1148 Ι

185 1161 340 1192 attendite.
372 1161 467 1193 Dedit
482 1162 562 1192 enim
583 1163 812 1204 praerogativam
829 1172 891 1192 suae
906 1161 1071 1192 voluntatis

185 1204 346 1243 ejusmodi,
373 1210 409 1235 ut
433 1205 482 1236 isti
508 1215 562 1247 pro
587 1205 792 1246 praerogativis
815 1215 883 1235 eam
908 1204 1072 1235 reddidisse
1172 1176 1176 1247 i

187 1247 334 1277 videatur.

228 1290 283 1320 An
298 1300 348 1320 me
367 1290 530 1321 taciturum
545 1291 636 1321 tantis
657 1290 695 1321 de
714 1292 803 1321 rebus
824 1290 1046 1322 existimavistis
1059 1292 1073 1321 Ρ

185 1338 226 1369 et,
242 1333 273 1362 in
294 1338 377 1363 tanto
398 1333 570 1374 reipublicae
589 1334 878 1374 existimationisque
898 1344 974 1363 meze
994 1333 1074 1374 peri-

185 1375 267 1413 culo,
285 1375 428 1416 cuiquam
448 1377 657 1406 consulturum
677 1377 789 1417 potius,
811 1387 905 1417 quam
926 1376 1023 1406 officio
1043 1382 1073 1406 et

185 1418 327 1458 dignitati
340 1421 440 1449 meze?
464 1420 598 1450 Arcessit
618 1420 692 1449 alter
713 1420 817 1450 consul
837 1420 1009 1459 designatus
1025 1419 1074 1449 Si-

176 1461 291 1491 -culosz
315 1461 441 1492 veniunt
461 1462 611 1499 nonnulli,
630 1469 787 1503 propterea
802 1463 883 1503 quod
904 1463 942 1492 L.
960 1462 1073 1492 Metel-

186 1504 235 1534 lus
246 1510 321 1534 esset
336 1511 445 1544 praetor
459 1505 490 1534 in
507 1505 616 1535 :sit-flia.
650 1507 730 1535 Cum
750 1506 786 1536 iis
804 1506 846 1536 ita
860 1505 1016 1545 loquitur:
1042 1515 1073 1535 se

186 1547 340 1578 consulem
357 1558 438 1583 esse;
464 1547 586 1578 fratrem
603 1559 692 1578 suum
708 1549 837 1578 alterum
853 1548 987 1578 Siciliam
1002 1558 1073 1588 pro-

185 1589 316 1620 vinciam
331 1590 475 1628 obtinere,
491 1592 621 1621 alterum
637 1602 699 1621 esse
715 1591 914 1632 quaesiturum
929 1591 966 1620 de
980 1600 1073 1630 pecu-

185 1632 243 1662 niis
266 1633 458 1673 repetundis3
487 1634 576 1664 Verri
596 1644 634 1665 ne
653 1634 753 1665 noceri
774 1634 878 1675 possit,
900 1633 1005 1664 multis
1025 1643 1074 1663 ra-

171 1675 317 1706 -tionibus
332 1687 394 1706 esse
409 1677 574 1717 provisum.

229 1718 272 1750 X.
296 1719 382 1757 Quid
402 1725 457 1756 est,
479 1730 592 1761 quaeso,
613 1719 751 1759 Metelle,
769 1719 919 1760 judicium
939 1728 1075 1750 corrum-
