1181 1902
246 73 296 104 IN
321 73 518 104 VERREM
543 73 602 105 IV.
619 73 704 104 CAP.
721 74 773 110 47.
916 71 982 103 333

86 159 144 189 bus
164 168 225 189 non
241 159 332 189 modo
347 159 505 201 Apronius
525 160 556 190 in
581 160 673 200 agris,
695 159 747 190 sed
766 169 806 189 ne
821 163 984 200 tempestas

88 201 212 242 quidem
226 202 300 239 ulla,
312 212 417 233 nocere
428 203 538 243 potuit,
550 211 721 243 exspectare
730 202 832 232 nolite.
857 201 983 232 Etenim

88 254 148 274 non
166 245 256 274 modo
271 245 456 275 incommodi
474 246 551 275 nihil
567 252 731 286 ceperunt;
755 246 807 276 sed
822 245 925 281 etiam,
951 244 982 273 in

90 287 276 328 Apronianis
291 288 351 319 illis
371 288 496 329 rapinis,
517 289 549 318 in
569 296 687 329 quaestu
704 295 774 319 sunt
790 287 983 329 compendio-

88 341 148 371 que
163 338 280 361 versati.

132 375 337 415 Quapropter,
355 374 500 415 quoniam
525 384 575 405 me
594 374 747 404 Leontina
772 374 875 404 civitas
892 379 984 414 atque

91 416 202 455 legatio
218 421 354 458 <propter
378 427 458 454 eam,
482 427 577 457 quam
602 417 678 454 dixi,
704 423 840 453 causam)
857 416 985 451 defecit;

91 459 231 489 mihimet
246 459 379 490 ineunda
397 460 472 490 ratio
488 466 517 490 et
537 460 586 490 via
607 459 783 500 reperienda
797 467 852 496 est,
869 459 931 500 qua
946 458 985 488 ad

90 503 222 543 Apronii
238 509 402 543 quaesturn,
420 503 481 533 sive
497 503 583 540 adeo,
600 502 661 544 qua
673 502 711 532 ad
726 502 812 533 istius
828 503 985 542 ingentem

90 545 319 586 immanemque
328 546 474 587 praedam,
486 546 598 587 possim
609 546 773 587 pervenire.
795 545 876 585 Agri
888 545 987 575 Leon-

92 588 149 618 tini
164 589 300 618 decumae
315 598 394 619 anno
407 590 494 619 tertio
509 589 668 619 venierunt
683 589 772 619 tritici
793 587 985 618 medimnum

93 631 244 662 XXXVI
258 631 415 668 minibus3
440 632 497 662 hoc
512 639 567 670 est,
584 632 674 662 tritici
689 632 826 661 modium
843 630 984 661 CCXVI

92 674 249 710 millibus3
274 685 398 716 magno,
412 675 539 714 judices,
556 685 688 716 magno:
713 685 812 715 neque
829 674 910 704 enim
929 673 987 703 hoe

93 727 216 757 possum
230 728 348 758 negare.
373 718 484 759 ltaque
495 728 613 749 necesse
628 724 682 754 est,
694 724 747 748 aut
757 718 918 754 damnum,
933 722 988 746 aut

94 766 172 790 certe
187 770 246 791 non
264 771 412 802 magnum
422 762 556 798 lucrum,
572 761 676 792 fecisse
687 761 891 791 decumanum
905 772 912 790 ε
930 759 988 790 hoc

93 803 174 833 enim
191 804 265 834 solet
280 815 337 834 usu
353 804 454 834 venire
469 805 516 840 iis,
530 805 583 846 qui
592 814 705 845 magno
720 804 922 834 redemerunt.

136 847 233 884 Quid,
251 847 275 877 si
296 847 431 885 ostendo,
448 848 479 877 in
496 848 553 878 hac
569 848 631 877 una
646 847 789 884 emtione,
814 847 891 877 lucri
916 845 983 876 fieri

92 889 183 919 tritici
206 890 343 920 modium
369 890 394 921 C
408 892 421 921 Ρ
445 891 531 931 quid,
557 891 582 921 si
606 890 660 921 CC
673 893 686 921 Ρ
714 890 800 931 quid,
826 889 850 920 si
875 890 956 920 CCC
972 890 985 919 ?

93 932 179 973 quid,
207 933 232 963 si
256 933 365 964 CCCC
386 934 509 965 millia?
533 933 711 964 dubitabitis
729 934 833 970 etiam,
857 932 906 963 cui
929 932 987 962 ista

93 981 177 1005 tanta
192 976 294 1016 praeda
309 977 435 1018 quaesita
450 977 508 1008 sit?
534 977 681 1018 Iniquum
694 987 744 1006 me
757 986 819 1006 esse
834 975 987 1016 quispiam

94 1018 182 1055 dicet,
200 1019 264 1059 qui,
279 1030 316 1049 ex
331 1020 407 1050 lucri
421 1020 643 1060 magnitudine,
660 1020 864 1059 conjecturam
877 1018 986 1048 faciam

91 1061 165 1091 furti
181 1069 272 1102 atque
287 1063 406 1103 praedae.
434 1063 531 1101 Quid,
548 1064 573 1093 si
588 1063 690 1101 doceo,
705 1063 833 1102 judices,
855 1072 915 1099 eos,
933 1061 988 1102 qui

93 1104 202 1135 CCCC
218 1105 316 1135 millia
330 1106 468 1136 modium
484 1107 561 1136 lucri
575 1106 702 1143 faciunt,
716 1106 866 1135 damnum
888 1104 986 1134 factu-

93 1158 141 1177 ros
157 1147 260 1185 fuisse,
277 1149 302 1179 si
318 1155 371 1178 tua
385 1149 541 1190 iniquitas,
558 1150 583 1180 si
594 1150 638 1179 tui
650 1160 687 1179 ex
698 1149 819 1180 cohorte
829 1157 987 1188 recupera-

93 1197 171 1220 tores
191 1201 251 1221 non
276 1192 518 1223 intercederent?
543 1202 617 1222 num
632 1194 701 1234 quis
715 1191 837 1233 poterit,
855 1191 886 1220 in
902 1196 987 1220 tanto

92 1233 177 1264 lucro
190 1233 333 1275 tantaque
347 1235 518 1276 iniquitate,
535 1236 686 1272 dubitare,
703 1235 777 1276 quin
793 1240 916 1275 propter
927 1233 986 1263 im-

92 1277 273 1317 probitatem
284 1284 345 1308 tam
356 1289 483 1319 magnos
490 1285 623 1320 quaestus
633 1279 752 1313 feceris3
769 1284 891 1318 propter
900 1286 988 1317 mag-

94 1320 266 1350 nitudinem
282 1324 414 1362 quaestsns
429 1322 586 1362 improbus
601 1332 664 1352 esse
678 1321 808 1351 volueris
820 1322 834 1351 ἓ

138 1363 282 1394 XLVII.
307 1365 472 1402 Quomodo
492 1365 586 1405 igitur
606 1365 663 1395 hoc
682 1374 835 1404 assequar,
858 1362 986 1401 judices,

93 1412 127 1436 ut
143 1407 247 1443 sciam,
259 1415 409 1447 quantum
420 1408 496 1438 lucri
511 1409 626 1438 factum
636 1408 674 1438 sit
686 1409 699 1438 ἓ
724 1407 796 1437 Non
807 1417 845 1437 ex
854 1405 988 1447 Apronii

94 1449 217 1487 tabulis,
233 1461 308 1491 quas
324 1461 378 1491 ego
394 1461 463 1481 curn
480 1451 701 1492 conquirerem,
723 1459 783 1480 non
799 1449 921 1479 inveni:
946 1454 987 1486 et,

93 1502 165 1522 cum
181 1493 212 1522 in
226 1494 277 1532 jus
292 1493 391 1534 ipsum
409 1494 513 1532 eduxi,
531 1494 674 1535 expressi,
690 1499 726 1524 ut
740 1492 884 1524 conficere
900 1493 989 1522 tabu-

94 1535 138 1565 las
154 1546 185 1565 se
200 1544 331 1576 negaret.
356 1537 389 1566 fii
403 1537 618 1575 mentiebatur,
635 1537 835 1578 quamobrem
852 1545 988 1565 remove-

93 1579 157 1615 bat,
174 1579 198 1608 si
213 1579 261 1609 hae
277 1580 388 1609 tabulae
403 1580 480 1610 nihil
496 1581 551 1611 tibi
567 1588 651 1610 erant
661 1579 813 1610 obfuturae
824 1581 838 1609 Ρ
871 1578 904 1608 si
920 1588 987 1608 om-

95 1621 167 1651 nino
183 1623 282 1652 nullas
298 1623 464 1653 confecerat
478 1623 590 1661 literas,
607 1633 646 1653 ne
657 1623 689 1653 id
704 1622 829 1664 quidem
846 1621 916 1651 satis
927 1621 987 1661 sig-

93 1665 246 1700 nificabat,
262 1666 352 1695 illurn
364 1676 425 1696 non
441 1677 532 1697 suurn
545 1667 700 1707 negotium
713 1664 860 1706 gessisse?
883 1663 932 1694 Ea
943 1670 988 1694 est

91 1708 173 1737 enim
200 1709 275 1739 ratio
293 1709 543 1747 decumanorum,
569 1716 614 1746 ut,
640 1710 704 1740 sine
726 1708 867 1750 plurimis
881 1706 987 1744 literis,

90 1750 196 1781 confici
211 1761 272 1782 non
296 1752 399 1793 possit.
432 1753 561 1794 Singula
576 1753 658 1783 enim
674 1752 801 1783 nomina
815 1758 970 1782 aratorum
