1181 1902
195 124 286 157 PRO
309 124 475 158 ROSCIO
497 125 828 158 COMOEDO.CA.12
848 126 898 156 12.
950 127 993 158 99

101 219 157 251 pro
179 209 309 243 dimidia
331 218 428 254 parte,
449 221 489 242 an
512 223 568 254 pro
588 212 652 243 tota
675 212 841 243 societate?
865 210 994 243 Planius

100 252 212 292 dicam,
229 261 333 285 utrum
349 266 403 296 pro
419 265 479 293 me,
495 265 534 286 an
549 266 604 296 pro
620 266 669 286 me
687 262 716 286 et
727 266 783 296 pro
794 257 849 286 te?
867 255 928 285 Pro
942 265 994 286 me

99 296 206 337 potui·
231 298 372 339 exemplo
387 298 556 329 multorum
570 298 689 328 licitum
702 305 763 329 est:
779 299 847 338 jure
856 298 992 329 fecerunt

100 339 192 369 multi
205 352 213 370 ε
238 341 334 371 1111111”
327 351 358 371 111
371 352 406 372 ea
421 352 452 372 re
464 341 538 372 tibi
531 342 650 381 mjuriae
662 341 727 372 feci.
753 342 826 372 Pete
836 349 869 371 tu
882 348 990 377 tuum,
981 352 991 360 ·

100 382 198 423 exige,
216 389 245 414 et
259 384 356 422 aufer,
369 384 452 425 quod
467 385 602 415 debetur.
625 385 722 415 Suam
731 384 860 425 quisque
871 390 991 425 partem

97 425 175 464 juris
190 427 340 467 possideat
354 434 384 458 et
397 434 606 469 persequatur.
629 428 676 457 At
691 427 772 458 enim
788 434 877 457 tuum
898 438 993 467 nego-

100 467 180 499 tium
194 470 311 510 gessisti
325 472 412 501 bene.
446 471 526 501 Gere
541 476 570 501 et
589 477 623 500 tu
639 477 728 500 tuum
750 471 835 500 bene.
870 470 991 510 Manno

100 516 187 542 tuam
202 513 362 544 dimidiam
376 520 494 555 partem
510 513 654 544 decidisti.
679 513 798 553 Magno
813 519 843 543 et
858 519 891 543 tu
904 519 991 544 tuam

100 561 218 596 partem
245 556 357 587 decide.
398 557 454 588 HS
475 566 626 588 cccmoo
652 556 812 587 abstulisti.
837 556 871 587 Si
885 555 920 587 fit
934 556 992 587 hoc

100 607 182 635 vero,
200 599 256 630 Hs
274 608 425 631 cccmoz)
443 606 476 630 tu
492 610 614 641 quoque
629 600 724 630 aufer.

143 641 224 672 XII.
249 642 309 673 Sed
320 643 398 673 hanc
409 643 589 674 decisionem
602 643 718 681 Roscii,
730 643 865 673 oratione
880 647 910 673 et
925 641 993 683 opi-

99 683 201 723 nione,
218 696 328 734 augere
347 687 437 722 licet;
461 697 492 717 re
513 693 542 716 et
561 686 685 716 veritate
705 686 887 716 mediocrem
903 692 933 716 et
947 691 993 716 te-

98 736 192 758 nuem
208 738 252 759 ess
254 739 270 759 e
285 729 453 760 invenietis.
476 729 607 770 Accepit
622 729 704 760 enim
719 739 829 769 agrum
844 729 991 769 tempori-

98 770 184 801 bus·
176 771 224 810 iis,
246 782 317 802 cum
340 773 474 812 jacerent
495 772 593 813 pretia
614 772 820 813 praediorum;
844 771 898 812 qui
919 782 991 812 ager

98 822 198 854 neque
213 815 317 845 villam
338 815 457 854 habuit,
473 826 572 857 neque
592 825 631 846 ex
656 815 721 846 uua
740 821 826 856 parte
846 815 907 844 fuit
926 816 992 845 cul-

96 861 167 893 tus;
191 857 246 898 qui
260 868 342 890 nunc
353 859 452 889 multo
467 859 564 899 plun's
575 864 629 896 est,
644 869 738 899 quam
750 864 823 889 tunc
838 857 906 887 fuit.
924 858 990 888 Ne-

98 910 160 941 que
174 901 208 931 id
227 907 272 932 est
291 901 416 932 mirum.
451 902 537 932 Tum
558 902 652 950 enim,
673 908 796 943 propter
815 901 991 942 reipublicae

99 943 298 983 calamitates,
328 945 468 975 omnium
504 945 703 986 possessiones
733 950 818 975 erant
846 944 989 974 incertae·
978 967 990 981 ,

97 995 191 1025 nunc,
206 986 309 1018 Deum
323 988 545 1019 immortalium
559 988 758 1029 benignitate,
773 987 913 1018 omnium
928 987 990 1017 for-

97 1035 181 1060 tunae
197 1037 268 1061 sunt
283 1037 389 1061 certae:
414 1038 483 1062 tum
499 1038 563 1062 erat
577 1042 648 1072 ager
663 1031 797 1061 incultus
812 1031 878 1061 sine
889 1036 988 1068 tecto3

97 1081 180 1103 nunc
195 1079 240 1104 est
254 1074 451 1112 cultissimus,
468 1085 539 1105 cum
554 1074 671 1116 optima
686 1074 769 1105 villa.

140 1115 375 1157 Verumtamen,
392 1118 539 1159 quoniam
553 1118 664 1148 natura
682 1123 745 1147 tam
761 1117 929 1147 malevolus
945 1127 989 1156 eS,

96 1168 255 1200 nunquam
272 1160 331 1191 ista
345 1166 375 1191 te
390 1160 528 1192 molestia
543 1167 572 1191 et
587 1171 659 1191 cura
669 1161 814 1191 liberabo.
839 1160 988 1190 Praeclare

95 1212 188 1234 suum
204 1204 361 1243 negotium
375 1204 466 1245 gessit
482 1204 630 1234 Roscius:
655 1203 789 1233 fundum
809 1203 988 1233 fructuosis-

97 1245 212 1276 simum
235 1247 380 1277 abstulit:
405 1247 480 1284 quid
506 1247 545 1277 ad
568 1247 620 1277 te?
644 1253 729 1277 tuam
753 1252 871 1287 partem
895 1246 988 1276 dimi-

97 1287 193 1326 diam,
211 1290 472 1330 quemadmodum
488 1291 544 1329 vis,
566 1290 679 1321 decide.
711 1289 813 1320 Vertit
827 1289 877 1319 hic
891 1289 985 1319 ratio-

93 1341 184 1368 nem3
209 1339 239 1362 et
253 1332 296 1371 id,
313 1333 395 1374 quod
415 1334 542 1374 probare
562 1343 623 1363 non
639 1338 749 1374 potest,
764 1332 880 1374 fingere
895 1342 986 1363 cona-

95 1379 156 1405 tur.
180 1374 230 1405 De
245 1376 309 1406 tota
324 1387 366 1414 re,
382 1376 494 1418 inquit,
511 1376 657 1407 decidisti.

136 1418 222 1459 Ergo
235 1418 297 1450 huc
316 1419 457 1450 universa
475 1429 565 1450 causa
586 1419 756 1457 deducitur,
778 1424 884 1449 utrum
904 1418 986 1449 Ros-

94 1460 159 1492 cius
173 1471 245 1491 cum
260 1462 367 1493 Flavio
387 1462 424 1492 de
445 1473 499 1493 sua
518 1468 614 1504 parte,
631 1473 671 1493 an
692 1462 729 1493 de
749 1461 811 1493 tota
832 1461 984 1500 societate,

94 1503 197 1534 fecerit
211 1505 393 1554 pactionem.
417 1506 503 1536 Nam
518 1516 573 1546 ego
588 1506 749 1544 Roscium,
771 1505 796 1535 si
811 1505 886 1546 quid
901 1515 985 1535 com.

93 1547 182 1577 muni
197 1548 320 1578 nomine
335 1549 398 1578 teti
389 1549 444 1590 git,
461 1549 604 1579 confiteor
617 1556 759 1590 praestare
769 1548 876 1579 debere
892 1548 985 1578 socie-

96 1590 162 1620 tati.
185 1591 352 1630 societatis,
365 1602 426 1622 non
442 1603 522 1631 suas,
538 1592 606 1623 lites
617 1592 756 1629 redemit,
769 1602 839 1622 cum
850 1591 984 1622 fundum

97 1643 116 1664 a
132 1633 239 1664 Flavio
245 1635 377 1683 accepit.
417 1634 503 1673 Quid
523 1635 566 1665 ita
584 1635 655 1666 satis
670 1645 732 1665 non
747 1634 841 1673 dedit,
851 1634 986 1675 amplius

93 1685 112 1706 a
126 1686 158 1706 se
172 1676 326 1708 neminem
340 1678 535 1718 petiturum?
559 1678 624 1716 Qui
638 1678 676 1708 de
690 1689 745 1708 sua
759 1684 845 1719 parte
859 1676 984 1716 decidit,

94 1718 220 1760 reliquis
235 1719 384 1761 integram
400 1721 545 1762 relinquit
559 1721 728 1752 actionem:
754 1720 808 1761 qui
823 1730 878 1769 pro
897 1720 985 1751 sociis

93 1762 242 1803 transigit,
255 1763 390 1801 satisdat,
406 1765 560 1795 neminem
572 1774 678 1795 eorum
689 1770 792 1805 postea
803 1763 982 1805 petiturum.

93 1804 180 1845 Quid
194 1805 238 1837 ita
260 1806 366 1838 Flavio
385 1807 442 1839 sibi
461 1818 566 1840 cavere
585 1817 646 1838 non
668 1807 751 1839 venit
771 1807 803 1838 in
824 1806 982 1838 mentem⁹
