1181 1902
256 78 307 109 IN
331 78 529 110 VERREM
554 79 601 111 11.
625 80 709 111 CAP.
726 81 757 111 3.
893 81 953 111 155

61 162 147 193 Tum
161 163 288 195 demum
303 164 357 195 illa
371 164 450 196 victa
470 165 666 203 videbuntur,
686 175 757 197 cum
777 166 810 196 in
832 172 956 197 conten·

61 205 176 237 tionem
199 214 412 249 certamenque
433 209 577 239 venerint.
612 209 734 240 Absens
756 209 782 240 si
801 209 857 240 iste
877 215 954 240 esset

60 248 233 289 damnatus,
250 260 310 281 non
326 256 389 281 tarn
405 251 468 292 ipse
483 251 540 282 sibi
555 252 751 290 consuluisse,
767 262 862 294 quam
876 252 956 284 invi-

63 291 142 324 disse
158 300 262 324 vestrae
275 294 371 331 laudi,
388 294 548 325 videretur.

106 336 152 366 11.
177 338 288 378 Neque
309 337 390 367 enim
410 337 491 368 salus
511 337 575 367 ulla
589 337 764 378 reipublicae
784 339 882 378 major
896 337 954 369 hoc

59 385 195 420 tempore
214 380 337 421 reperiri
357 386 466 421 potest,
487 390 581 421 quam
602 381 752 421 populum
774 381 954 412 Romanum

60 422 238 463 intelligere,
255 423 414 463 diligenter
426 423 541 462 rejectis
553 424 591 453 ab
604 430 774 454 accusatore
786 424 952 463 judicibus,

59 466 163 503 socios,
180 466 272 505 leges,
283 466 516 507 rempublicam,
527 463 674 497 senatorio
684 467 807 496 consilio
819 468 955 498 maxime

59 519 145 549 posse
161 509 292 539 defendi.
325 509 436 550 Neque
452 515 537 539 tanta
552 509 681 539 fortunis
696 510 836 540 omnium
852 511 954 550 pemi-

57 551 115 582 cies
125 558 223 593 potest
234 551 411 593 [accidere,]
424 562 529 593 quarn,
537 552 678 593 opinione
688 553 795 593 populi
805 553 952 591 Romani,

58 595 207 626 rationem
233 595 376 633 velitatis,
402 595 594 636 integritatis,
619 594 701 632 fidei,
724 595 889 637 religionis,
913 597 952 627 ab

58 637 116 668 hoc
130 639 235 669 ordine
249 638 426 678 abjudicari.
460 639 570 679 Itaque
584 638 662 668 mihi
678 638 780 669 videor
794 649 952 679 magnam,

58 688 88 711 et
109 682 244 712 maxime
267 692 390 722 aegram,
414 688 443 712 et
463 692 557 730 prope
578 681 758 722 depositam,
780 682 954 723 reipublicae

58 731 177 765 partem
198 725 381 765 suscepisse;
406 735 504 773 neque
522 725 555 754 in
577 735 611 755 eo
632 725 730 765 magis
750 735 837 761 meae,
857 735 953 774 quam

60 774 177 805 vestrae,
189 768 275 798 laudi
285 768 562 808 existimationique
577 768 711 798 servisse.
734 768 858 798 Accessi
871 768 953 798 enim

62 810 102 840 ad
121 811 269 841 invidiam
288 811 474 850 judiciorum
494 810 668 848 levandam,
686 811 955 852 vituperationem-

59 864 120 894 que
136 854 322 890 tonendam;
346 860 392 891 ut,
414 864 485 884 cum
504 853 570 884 haec
590 865 637 884 res
656 864 712 895 pro
727 855 883 885 voluntate
898 865 953 895 po-

59 897 126 937 puli
142 897 277 927 Romani
289 902 364 927 esset
376 897 522 936 judicata,
539 895 642 937 aliqua
657 908 695 927 ex
710 904 806 938 parte,
822 907 891 927 mea
905 897 952 927 di-

58 939 195 980 ligentia,
217 940 380 970 constituta
400 940 561 970 auctoritas
579 940 765 979 judiciorum
781 940 952 971 videretur:

58 989 222 1023 postremo,
240 989 274 1013 ut
290 988 365 1014 esset
379 982 437 1013 hoc
449 982 632 1022 judicatum,
649 988 685 1013 ut
699 983 768 1013 finis
788 982 953 1024 aliquando

56 1026 225 1065 judiciaria-*e
240 1026 446 1057 controversiae
466 1025 706 1056 constitueretur.
735 1026 872 1063 Etenim,
889 1026 953 1057 sine

58 1069 164 1107 dubio,
178 1069 305 1109 judices,
322 1069 354 1099 in
369 1068 426 1099 hac
441 1068 530 1100 causa
550 1079 585 1099 ea
605 1080 651 1100 res
671 1069 703 1099 in
723 1069 884 1100 discrimen
899 1069 954 1099 ad-

58 1111 189 1143 ducitur.
224 1113 309 1143 Reus
329 1118 373 1143 est
394 1112 477 1143 enim
497 1112 747 1143 nocentissimus:
772 1112 827 1153 qui
842 1112 867 1142 si
882 1122 954 1142 con-

57 1155 230 1191 demnatur,
243 1155 381 1186 desinent
395 1155 533 1185 homines
545 1154 653 1191 dicere,
666 1154 713 1186 his
726 1155 848 1194 judiciis
859 1165 953 1196 pecu-

57 1199 141 1229 niam
153 1198 323 1239 plurimum
335 1209 440 1239 posse:
465 1198 512 1228 sin
524 1198 701 1235 absolvitur,
712 1198 885 1229 desinemus
897 1208 952 1229 nos

58 1241 96 1272 de
109 1241 230 1281 judiciis
246 1241 459 1272 transferendis
478 1251 624 1272 recusare.
657 1241 796 1272 Tametsi
811 1241 848 1271 de
862 1242 950 1272 abso-

55 1285 172 1315 lutione
197 1284 284 1321 istius
308 1295 408 1326 neque
431 1285 496 1325 ipse
518 1285 584 1324 jam
607 1290 717 1325 sperat,
740 1294 796 1315 nec
817 1284 951 1325 populus

56 1328 217 1359 Romanus
240 1328 369 1359 metuit:
403 1327 441 1358 de
464 1327 656 1368 impudentia
682 1328 839 1368 singulari,
865 1327 950 1369 quod

55 1371 151 1407 adest,
168 1371 251 1412 quod
266 1371 436 1412 respondet,
448 1377 519 1401 sunt
534 1371 588 1412 qui
602 1371 770 1401 mirentur:
795 1370 883 1407 mihi,
895 1381 951 1411 pro

58 1413 165 1445 caetera
185 1415 250 1454 ejus
270 1413 396 1445 audacia
410 1420 502 1455 atque
522 1414 667 1451 amentia,
690 1424 728 1445 ne
746 1414 804 1444 hoc
825 1414 951 1454 quidem

57 1458 234 1488 mirandum
250 1457 377 1489 videtur.
401 1458 507 1488 Multa
522 1457 604 1487 enim
619 1463 649 1487 et
663 1457 695 1486 in
710 1456 794 1487 Deos
809 1462 838 1487 et
852 1457 884 1486 in
896 1457 952 1487 ho-

58 1501 156 1531 mines
171 1501 266 1542 impie
279 1501 454 1542 nefarieque
463 1500 634 1536 commisit3
659 1510 791 1541 quorum
803 1500 952 1530 scelerum

54 1544 150 1585 poenis
165 1544 309 1585 agitatur,
327 1550 356 1574 et
370 1555 389 1575 a
403 1550 505 1575 mente
520 1543 706 1584 consilioque
721 1543 890 1574 deducitur.

100 1588 167 1618 ΙΙΙ.
190 1589 302 1628 Agunt
313 1598 384 1618 eum
395 1586 582 1629 praecipitem
595 1587 698 1617 Poenae
709 1586 822 1617 civium
833 1586 951 1617 Roma-

56 1640 179 1668 norum,
196 1641 274 1672 quos
288 1631 400 1672 partim
416 1630 512 1661 securi
532 1629 688 1671 percussit,
705 1630 817 1670 partim
837 1629 870 1659 in
884 1629 952 1660 vin-

55 1674 130 1704 culis
150 1674 279 1711 necavit,
301 1675 424 1715 partim,
446 1674 644 1714 implorantes
663 1674 734 1713 jura
754 1673 902 1703 libertatis
919 1678 950 1703 et

52 1717 191 1755 civitatis,
207 1717 240 1748 in
255 1728 374 1748 crucem
389 1717 520 1748 sustulit.
544 1717 684 1758 Rapiunt
695 1726 766 1747 eum
782 1716 821 1747 ad
832 1715 950 1757 suppli-

53 1760 135 1792 cium
151 1760 206 1791 Dii
220 1761 322 1803 patrii,
338 1761 422 1802 quod
437 1761 493 1792 iste
512 1760 654 1793 inventus
675 1766 730 1799 est,
752 1759 807 1801 qui
828 1770 845 1791 e
865 1769 948 1791 com-
