1181 1902
258 98 309 130 IN
333 97 528 130 VERREM
553 98 612 129 IV.
636 98 720 129 CAP.
741 98 791 127 88.
900 96 962 131 375

74 181 183 254 pellam
198 188 288 224 atque
302 185 391 216 istam
414 184 642 216 aestimationem
665 189 778 225 negant
792 183 856 213 ullo
870 181 962 212 modo

89 235 151 255 erre
165 236 259 266 posse.

121 268 350 300 LXXXVIII.
368 270 472 300 Multa
484 269 871 311 SophoclesAgrigentinus
880 266 962 308 apud

81 309 139 341 Cn.
157 311 338 353 Pompeium
353 313 505 343 consulem
516 323 623 353 nuper,
636 313 727 342 homo
738 311 961 346 disertissimus,

81 358 112 383 et
126 355 209 384 omni
224 355 359 386 doctrina
374 361 403 385 et
414 356 524 385 virtute
538 356 754 391 ornatissimus,
771 365 825 395 pro
841 354 903 384 tota
915 352 963 383 Si-

82 396 163 434 cilia,
174 397 212 427 de
226 404 377 428 aratorum
392 398 519 428 miseriis
533 399 663 438 graviter
677 409 711 428 ac
725 399 842 438 copiose
853 396 964 426 dixisse

83 449 118 468 ac
129 439 296 481 deplorfisse
307 441 435 471 dicitur:
460 451 497 471 ex
507 441 617 482 quibus
629 440 697 479 hoc,
708 441 743 470 iis
759 441 812 480 qui
828 439 963 476 aderant,

83 484 169 516 (nam
192 493 303 524 magno
324 490 472 514 conventu
487 490 553 514 acta
573 494 618 513 res
638 490 694 520 est)
717 482 963 523 indignissimum

81 524 258 556 videbatur:
283 526 343 567 qua
357 527 388 556 in
398 537 430 556 re
441 532 560 557 senatus
575 526 688 567 optime
703 537 737 556 ac
750 524 965 566 benignissime

81 576 152 597 cum
161 569 326 599 aratoribus
333 569 450 610 egisset,
457 569 539 610 large
546 569 768 610 liberaliterque
778 568 964 604 zrstimasset,

81 609 113 639 in
127 610 162 640 ea
176 621 207 641 re
222 612 349 652 praedari
362 618 521 653 piatorem
534 623 543 647 ς
559 612 645 642 bonis
661 612 753 642 everti
764 618 913 645 aratore53
937 616 966 639 et

82 652 114 682 id
136 662 196 683 non
212 655 302 685 modo
317 655 392 693 fieri,
415 655 467 685 sed
482 655 524 685 ita
538 655 614 694 fieri,
630 655 717 696 quasi
730 655 829 692 liceat,
846 662 965 684 conces-

79 705 210 737 sumque
224 697 271 728 sit.

126 739 210 777 Quid
231 740 269 770 ad
292 741 356 771 haec
379 741 585 772 Hortensius?
608 741 719 771 falsum
741 750 803 771 esse
825 738 963 770 crimen?

81 781 152 812 Hoc
167 791 325 823 nunquam
340 784 425 814 dicet.
464 785 537 814 Non
552 794 696 825 magnam
711 784 768 814 hac
782 783 895 813 ratione
913 793 966 823 pe-

80 825 202 855 cuniam
215 835 333 867 captam
345 828 359 857 ἲ
382 828 432 857 Ne
446 827 477 856 id
489 827 612 867 quidem
627 827 714 857 dicet.
738 827 811 856 Non
822 826 967 865 injmiam

82 867 194 897 factam
205 869 324 907 Siculis,
338 875 428 910 atque
439 870 606 900 aratoribus
614 872 628 901 ?
651 870 717 908 Qui
727 869 836 910 poterit
847 869 943 900 dicere
951 871 965 900 ?

84 910 171 946 Quid
194 911 286 951 igitur
309 913 411 943 dicet?
450 913 566 943 Fecisse
589 913 673 944 alios.
711 912 796 950 Quid
820 918 863 942 est
886 913 966 943 hoc?

83 952 198 983 Utrum
215 955 332 985 crimini
343 955 486 993 defensio,
503 966 542 985 an
553 957 713 986 comitatus
727 955 843 993 exsilio,
860 955 970 995 quaen‘..

84 998 159 1026 tur?
189 997 240 1027 Tu
255 997 287 1028 in
302 998 358 1028 hac
372 998 537 1039 republica,
559 1004 649 1040 atque
672 999 703 1028 in
727 998 784 1028 hac
807 998 968 1028 hominum

85 1038 222 1077 libidine,
248 1046 277 1070 et
301 1044 349 1075 (ut
370 1042 469 1072 adhuc
483 1042 591 1072 habuit
605 1052 636 1072 se
655 1047 750 1072 status
770 1041 968 1080 judiciorum)

85 1081 178 1112 etiarn
192 1083 322 1122 licentia,
335 1094 396 1114 non
411 1095 448 1114 ex
461 1085 540 1123 jure,
556 1095 616 1115 non
633 1095 670 1115 ex
686 1084 837 1125 aequitate,
854 1094 915 1114 non
931 1095 969 1115 ex

86 1124 164 1165 lege,
180 1135 241 1156 non
262 1137 299 1157 ex
315 1137 349 1157 eo
363 1128 445 1168 quod
460 1127 635 1168 oportuerit,
652 1137 712 1157 non
734 1138 771 1158 ex
787 1138 821 1157 eo
836 1128 918 1168 quod
933 1128 970 1157 li-

87 1168 192 1205 cuerit,
209 1169 259 1199 sed
272 1180 309 1199 ex
325 1180 360 1200 eo
375 1170 458 1211 quod
472 1171 582 1211 aliquis
593 1171 706 1206 fecerit,
720 1170 762 1210 id,
774 1171 857 1211 qued
872 1181 971 1211 repre-

84 1209 238 1250 henditur,
254 1218 332 1243 recte
345 1213 460 1243 factum
475 1223 536 1244 esse
548 1213 688 1244 defendes
699 1215 713 1244 Ρ

130 1253 279 1285 Fecerunt
302 1256 352 1285 alii
376 1257 435 1286 alia
457 1267 550 1297 quam
572 1257 679 1286 multa.
705 1258 769 1287 Cur
790 1256 821 1286 in
836 1257 894 1287 hoc
908 1267 971 1287 uno

87 1295 211 1327 crimine
222 1298 278 1328 isto
293 1309 400 1339 genere
411 1299 591 1330 defensionis
602 1299 694 1329 uteris
705 1301 718 1329 ?
742 1302 821 1330 Sunt
831 1299 973 1340 quaedam

88 1340 214 1370 omnino
227 1341 258 1370 in
271 1348 300 1371 te
315 1342 489 1382 singularia,
503 1353 571 1383 quae
585 1342 616 1372 in
632 1342 753 1372 nullum
765 1342 860 1372 alium
875 1342 975 1373 homi-

89 1391 160 1412 nem
170 1383 228 1414 dici
239 1394 338 1425 neque
349 1385 505 1415 convenire
513 1385 628 1426 possint
638 1396 647 1421 ς
672 1385 823 1426 quadam,
837 1385 892 1416 tibi
904 1396 975 1417 cum

90 1425 196 1456 multis
211 1428 392 1457 communia.
416 1428 511 1468 Ergo,
528 1434 563 1458 ut
574 1428 712 1458 omittam
729 1434 795 1458 tuos
805 1429 975 1469 peculatus,

92 1474 128 1497 ut
142 1470 181 1499 ob
193 1470 244 1508 jus
258 1470 419 1501 dicendum
441 1471 582 1511 pecunias
601 1477 746 1511 acceptas,
771 1477 806 1501 ut
826 1472 975 1510 ejusmcdi

91 1518 207 1550 caetera,
219 1523 287 1553 quae
297 1513 420 1544 forsitan
432 1514 483 1544 alii
495 1524 616 1554 quoque
628 1514 717 1544 etiam
730 1514 869 1550 fecerint;
886 1515 975 1553 illud,

93 1553 126 1583 in
142 1565 203 1595 quo
218 1561 247 1586 te
267 1557 441 1596 gravissime
456 1558 602 1593 accusavi,
625 1557 707 1597 quod
727 1558 765 1587 cb
779 1557 976 1596 judicandam

92 1606 156 1627 rem
166 1599 326 1638 pecuniam
335 1600 505 1640 accepisses,
519 1599 624 1630 eadem
634 1599 689 1630 ista
700 1600 813 1630 ratione
823 1600 974 1636 defendes,

92 1638 194 1671 fecisse
209 1641 304 1672 alios?
335 1643 379 1672 Ut
394 1653 449 1683 ego
464 1643 606 1672 assentiar
620 1642 758 1678 orationi,
775 1642 978 1673 defensionem

95 1688 196 1713 tamen
211 1694 272 1715 non
286 1686 429 1725 probabo.
462 1686 568 1715 Potius
586 1685 678 1722 enim,
695 1692 724 1716 te
744 1686 898 1724 damnato,
921 1696 978 1716 cae-1

96 1725 166 1757 teris
181 1728 336 1768 angustior
348 1728 433 1760 locus
449 1728 651 1770 improbitatis
672 1728 869 1759 defendendae
888 1729 979 1759 relin-
