1181 1902
270 325 379 364 PRO
409 324 517 364 SEX.
545 324 739 363 ROSCIO
768 324 1027 362 AMERINO.

249 465 276 495 I.
300 465 428 496 CREDO
442 477 497 506 ego
508 477 571 503 vos,
582 465 709 505 judices,
722 464 838 502 mirari,
851 463 925 504 quid
937 463 985 499 sit,
997 462 1091 503 quod,

208 519 278 539 cum
294 514 337 539 tot
353 510 467 539 summi
489 515 617 539 oratores
638 508 835 548 hominesque
856 506 1033 536 nobilissimi
1050 516 1094 535 se-

203 551 304 589 deant,
321 562 376 592 ego
393 552 584 592 potissimum
601 550 792 587 surrexerim,
804 549 857 590 qui
876 559 973 590 neque
993 554 1090 583 aetate,

204 604 302 635 neque
321 595 452 634 ingenio,
474 605 573 635 neque
593 593 779 630 auctoritate,
801 593 858 622 sim
880 602 949 622 cum
970 591 1017 627 iis,
1040 591 1092 631 qui

205 637 338 673 sedeant,
355 638 584 678 comparandus.
609 637 726 666 Omnes
741 635 822 665 enim
838 634 881 672 hi,
895 645 970 675 quos
985 634 1092 664 videtis

205 679 308 710 adesse
328 679 359 709 in
379 680 436 710 hac
455 680 555 715 causir,
578 679 734 717 injuriam,
757 688 834 708 novo
855 677 962 708 scelere
981 677 1092 707 confla-

205 728 281 759 tam,
292 729 402 763 putant
413 728 548 763 oportere
561 722 681 751 defendi
693 732 701 756 ;
720 721 878 751 defendere
890 720 958 760 ipsi,
971 726 1093 760 propter

203 764 395 806 iniquitatem
406 771 590 806 temporum,
604 775 664 794 non
675 764 795 794 audent.
822 765 870 794 Ita
880 764 924 799 fit,
938 769 972 792 ut
981 763 1091 799 adsint,

204 814 362 849 propterea
382 809 464 849 quod
484 808 617 838 officium
638 812 826 847 sequuntur;
850 811 967 836 taceant
990 812 1091 836 autem

203 851 325 888 idcirco,
342 851 414 892 quia
428 851 597 892 periculum
609 855 760 880 metuunt.
784 849 870 886 Quid
886 851 980 889 ergo?
998 848 1092 878 auda-

204 894 342 924 cissimus
362 905 417 935 ego
433 905 470 924 ex
491 894 657 924 omnibus?
682 892 824 922 Minime.
857 892 903 921 At
924 898 1007 921 tanto
1027 891 1092 921 offi-

203 935 319 974 ciosior,
345 948 438 977 quam
465 937 586 967 caeteri?
612 937 661 966 Ne
682 935 767 965 istius
788 934 910 975 quidem
933 934 1030 964 laudis
1050 935 1093 964 ita

205 988 274 1009 sum
290 980 429 1020 cupidus,
446 986 480 1009 ut
500 980 566 1009 aliis
587 989 653 1009 eam
674 984 854 1019 praereptam
876 977 977 1007 velim.
1012 978 1093 1015 Quae

206 1032 256 1052 me
271 1022 364 1062 igitur
379 1033 424 1053 res
439 1028 546 1063 praeter
561 1027 680 1052 caeteros
695 1020 828 1061 impulit,
842 1026 876 1050 ut
888 1031 1008 1050 causam
1020 1022 1091 1051 Sex.

207 1065 311 1095 Roscii
334 1064 519 1106 reciperem?
544 1065 637 1103 Quia,
665 1065 689 1094 si
712 1064 780 1104 quis
804 1064 929 1093 istorum
957 1063 1092 1101 dixisset,

207 1118 283 1148 quos
298 1108 404 1139 videtis
419 1109 532 1145 adesse,
549 1108 580 1137 in
601 1108 712 1148 quibus
733 1116 853 1136 summa
874 1105 1033 1136 auctoritas
1049 1112 1092 1136 est

205 1156 296 1191 atque
308 1151 498 1192 amplitud03
523 1151 547 1181 si
564 1152 689 1181 verbum
706 1150 743 1180 de
755 1149 908 1190 republica
923 1149 1049 1184 fecisset,
1060 1149 1091 1178 id

205 1194 288 1233 quod
312 1191 342 1224 in
368 1195 425 1225 hac
452 1194 541 1224 caus&
565 1193 628 1223 fieri
654 1203 771 1223 necesse
795 1198 857 1228 est;
882 1192 980 1221 multo
998 1192 1093 1240 plura

204 1236 327 1274 dixisse,
344 1248 437 1278 quam
454 1237 587 1271 dixisset,
604 1241 779 1277 putaretur:
806 1245 871 1275 ege,
889 1235 1006 1265 etiamffl
1026 1243 1091 1264 om-

204 1277 267 1315 nia,
290 1290 359 1320 quae
383 1280 509 1310 dicenda
532 1285 613 1315 sunt,
640 1279 732 1309 libere
756 1278 870 1315 dixero,
896 1277 1091 1318 nequaquam

203 1327 305 1352 tamen
316 1321 453 1353 similiter
462 1323 555 1353 oratio
565 1332 633 1352 mea
644 1322 735 1357 exire,
743 1328 833 1361 atque
843 1321 874 1350 in
887 1321 997 1361 vulgus
1009 1331 1092 1351 ema-

204 1374 276 1395 nare
286 1366 414 1405 poterit:
439 1365 556 1403 deinde,
570 1364 652 1405 quod
669 1371 843 1395 caeterorum
860 1374 959 1404 neque
974 1363 1090 1393 dictum

205 1409 368 1438 obscurum
384 1415 480 1450 potest
497 1419 569 1445 esse,
586 1414 709 1448 propter
730 1407 918 1436 nobilitatem
939 1413 967 1436 et
982 1406 1092 1447 ampli-

202 1450 353 1489 tudinem,
370 1462 468 1493 neque
483 1458 593 1481 temere
603 1451 682 1480 dicto
697 1450 828 1483 concedi,
841 1456 962 1490 propter
972 1456 1091 1480 petatem

203 1498 232 1522 et
243 1495 435 1533 prudentiam
449 1506 457 1525 ε
483 1505 537 1535 ego
550 1494 573 1523 si
586 1493 660 1534 quid
671 1493 794 1523 liberius
805 1493 920 1528 dixero,
934 1492 980 1522 vel
990 1492 1090 1522 occul-

202 1540 269 1565 tum
293 1547 355 1568 esse
375 1544 531 1578 propterea
551 1537 633 1577 quod
654 1536 790 1566 nondum
812 1535 850 1565 ad
870 1535 1089 1575 rempublicam

202 1580 321 1617 accessi,
335 1582 381 1611 vel
391 1579 503 1621 ignosci
515 1579 720 1610 adolescentiae
732 1589 818 1613 meae,
830 1578 952 1618 poterit:
971 1578 1089 1608 tametsi

202 1630 262 1650 non
278 1622 368 1653 modo
383 1623 555 1663 ignoscendi
567 1621 652 1660 ratio,
666 1631 771 1652 verum
785 1621 875 1651 etiam
891 1621 1089 1661 cognoscendi

201 1667 397 1702 consuetudo,
411 1667 475 1705 jam
492 1667 529 1696 de
544 1666 662 1696 civitate
677 1665 796 1695 sublata
811 1670 863 1694 est.

241 1707 369 1739 Accedit
384 1709 436 1738 illa
452 1720 574 1750 quoque
589 1719 689 1745 causa,
706 1707 787 1748 quod
804 1718 821 1737 a
836 1706 948 1737 caeteris
962 1706 1086 1736 forsitan

196 1748 238 1778 ita
254 1752 381 1790 petitum
398 1752 434 1782 sit
459 1758 493 1782 ut
514 1752 656 1787 dicerent,
674 1757 709 1781 ut
723 1750 873 1780 utrumvis
892 1749 974 1779 salvo
990 1748 1087 1780 officio

197 1801 228 1821 se
243 1792 339 1826 facere
354 1805 439 1836 posse
455 1795 691 1826 arbitrarentur:
717 1804 735 1824 a
749 1803 799 1824 me
814 1799 916 1824 autem
926 1792 948 1822 ii
963 1797 1086 1823 conten-

1156 984 1158 1059 ᾗ

1157 1106 1159 1170 ἦ
