1181 1902
260 71 313 102 IN
337 71 534 103 VERREM
559 71 619 103 IV.
643 71 728 103 CAP.
749 72 800 103 80.
914 73 979 110 367

93 157 167 195 Qua
181 157 213 187 in
228 157 347 188 civitate
363 157 398 188 C.
416 158 536 194 Catoni,
553 158 718 189 clarissimo
732 158 808 197 viro,
830 159 981 190 consulari

93 199 221 238 homini,
250 200 306 230 Hs
341 200 464 231 XVIII
490 201 626 231 millibus
646 201 684 232 lis
707 201 855 232 aestimata
877 202 925 240 sit,
948 203 981 233 in

94 242 198 273 efidem
214 242 332 274 civitate
347 244 510 284 apparitori
527 252 579 274 tuo
595 254 656 274 esse
672 255 858 283 concessum,
875 251 909 275 ut
925 245 982 276 HS

94 296 156 316 uno
172 285 294 316 nominc
304 286 445 317 tredecies
457 287 609 317 auferret?
635 287 664 317 H
669 288 716 318 inc
732 287 782 318 ille
795 294 838 317 est
852 288 984 318 annulus

95 339 214 365 aureus,
231 339 293 369 quo
317 335 350 359 tu
367 330 460 359 istum
476 329 507 359 in
523 330 665 360 concione
681 330 819 365 donastig
844 341 914 371 quae
932 337 985 361 tua

94 371 227 408 donatio,
244 371 389 411 singulari
409 372 599 413 impudentia
622 373 757 413 praedita,
774 383 852 404 nova
876 373 985 404 Siculis

96 414 249 451 omnibus,
279 415 356 445 mihi
385 425 454 445 vero
485 415 575 445 etiam
605 416 787 446 incredibilis
817 416 984 448 videbatur.

96 459 183 505 Saepe
199 456 291 488 'enim
319 458 411 489 nostri
437 458 642 499 imperatores,
668 459 813 499 superatis
836 459 984 497 hostibus,

96 500 211 541 optime
221 511 252 530 re
261 501 377 540 public?
374 514 383 531 ι
395 501 490 541 gesta,
502 502 612 532 scribas
627 512 696 531 suos
711 502 832 532 annulis
847 503 945 533 aureis
953 503 986 533 in

97 543 239 573 concione
250 543 346 574 donar
347 551 421 574 unt:
447 551 480 574 tu
496 555 577 582 vero,
591 545 702 585 quibus
712 546 801 575 rebus
810 545 911 585 gestis,
925 556 987 586 quo

97 585 182 616 hoste
197 592 347 626 superato,
364 587 549 625 concionem,
570 587 703 618 donandi
724 588 824 625 causa,
841 587 986 618 advocare

97 639 189 659 ausus
205 639 255 659 es.
248 631 262 650 ⁹
287 629 396 670 Neque
408 630 489 660 enim
505 631 603 660 solum
614 631 742 661 scribam
755 636 843 660 tuum
860 631 985 669 annulo,

98 671 150 701 sed
166 672 257 701 etiam
279 672 378 702 virum
401 673 599 704 fortissimum
621 684 655 704 ac
670 674 715 703 tui
735 673 986 712 dissimillimum,

99 714 140 752 Q.
153 714 319 752 Rubrium,
337 716 533 746 excellentem
546 717 667 753 virtute,
680 717 867 753 auctoritate,
880 716 985 757 copiis,

98 758 208 788 corona
224 764 253 788 et
267 757 399 798 phaleris
421 765 450 788 et
465 765 571 800 torque
586 758 714 797 donasti,
732 759 779 789 Μ.
797 759 985 797 Cossutium,

98 801 320 830 sanctissimum
342 801 441 831 virum
463 808 554 843 atque
574 802 830 838 honestissimum,
848 802 896 832 M.
914 802 988 832 Cas-

98 843 228 882 tritium,
249 854 370 874 summo
396 845 564 885 splendore,
587 845 721 885 ingenio,
747 845 856 886 gratia,
879 845 988 886 praedi-

102 891 180 916 tum.

143 929 229 967 Quid
244 930 309 960 haec
324 930 380 960 sibi
402 930 512 960 horum
528 930 621 961 trium
637 931 749 961 civium
775 932 986 962 Romanorum

100 971 180 1002 dona
210 973 395 1003 voluerunt?
431 973 547 1003 Siculos
582 980 736 1014 praeterea,
766 974 988 1015 potentissimos

99 1015 361 1056 nobilissimosque
384 1015 524 1052 donasti3
548 1017 602 1058 qui
626 1027 698 1055 non,
726 1017 987 1057 quemadmodum

99 1058 235 1098 sperasti,
249 1059 391 1089 tardiores
403 1059 543 1096 fuerunt3
561 1060 612 1090 sed
624 1060 786 1090 ornatiores
799 1066 852 1090 tuo
860 1060 986 1099 judicio,

100 1100 139 1130 ad
155 1101 325 1132 testimonia
342 1101 468 1132 dicenda
483 1109 638 1133 venerunt.
663 1103 785 1141 Quibus
801 1114 838 1133 ex
853 1103 988 1133 hostium

100 1144 227 1184 spoliis?
250 1144 288 1174 de
313 1143 374 1185 qua
400 1145 522 1175 victoria
536 1148 550 1176 Ρ
578 1146 640 1187 qua
667 1156 704 1176 ex
724 1145 825 1186 praeda
847 1152 901 1176 aut
922 1156 988 1176 ma·-

101 1187 203 1217 nubiis
217 1187 282 1217 haec
296 1189 349 1218 abs
370 1194 398 1218 te
414 1188 536 1219 donatio
551 1189 713 1219 constituta
727 1195 770 1219 est
784 1191 797 1220 Ρ
820 1189 874 1218 An
893 1189 986 1229 quod,

101 1235 130 1259 te
146 1236 283 1270 praetore,
300 1241 466 1271 paucorum
484 1232 615 1262 adventu
631 1242 864 1272 myoparonum,
889 1232 990 1262 classis

102 1273 317 1313 pulcherrima,
335 1274 445 1304 Siciliae
459 1275 737 1315 propugnaculum,
753 1275 990 1315 praesidiumque

100 1316 273 1356 provinciae,
289 1317 455 1357 piratarum
469 1318 610 1348 manibus
624 1318 746 1348 incensa
761 1324 804 1348 est
817 1319 830 1348 ?
854 1327 891 1347 an
908 1317 991 1358 quod

102 1368 174 1399 ager
199 1359 406 1400 Syracusanus
428 1361 608 1401 praedonum
628 1360 784 1398 incendiis,
801 1367 831 1390 te
850 1366 989 1401 praetore‚

103 1408 237 1432 vastatus
258 1404 330 1433 est?
353 1413 392 1433 an
414 1404 497 1444 quod
519 1404 621 1434 forum
637 1406 861 1444 Syracusanum
882 1414 990 1434 navar-

102 1444 229 1475 chorum
241 1446 387 1486 sanguine
402 1446 606 1477 redundavit?
630 1457 669 1477 an
685 1447 789 1487 quod
781 1457 812 1476 111
828 1452 917 1487 portu
933 1447 992 1487 Sy-

102 1497 248 1518 racusano
271 1489 414 1529 piraticus
440 1499 589 1531 myoparo
608 1489 786 1530 navigavit?
810 1489 899 1520 Nihil
921 1500 991 1530 pos-

103 1540 172 1561 sum
194 1532 335 1572 reperire,
353 1534 552 1573 quamobrem
568 1539 597 1563 te
612 1533 643 1563 in
659 1533 748 1563 istam
764 1531 929 1563 amentiam
944 1532 992 1562 in-

103 1573 207 1604 cidisse
223 1575 370 1611 arbitrer3
394 1576 452 1606 nisi
467 1576 543 1606 forte
557 1576 590 1606 id
605 1576 702 1617 egisti,
718 1582 753 1606 ut
767 1575 942 1606 hominibus
951 1585 991 1606 ne

102 1617 238 1647 oblivisci
249 1618 374 1658 quidem
385 1629 486 1649 rerum
496 1625 618 1649 tuarum
631 1620 710 1650 male
718 1625 871 1660 gestarum
881 1619 992 1649 liceret.

146 1660 276 1691 Annulo
297 1667 341 1692 est
356 1672 446 1692 aureo
467 1663 563 1692 scriba
578 1662 728 1699 donatus;
753 1668 782 1693 et
802 1662 841 1692 ad
856 1672 922 1692 eam
938 1661 992 1691 do-

105 1703 259 1734 nationem
275 1704 377 1735 concio
397 1710 442 1735 est
461 1705 615 1736 advocata.
639 1705 733 1744 Quod
752 1711 816 1736 erat
835 1715 868 1736 os
890 1711 992 1742 tuum,

106 1755 177 1777 cum
197 1745 319 1779 videbas
340 1747 373 1779 in
395 1748 537 1780 concione
559 1759 609 1780 eos
632 1749 782 1788 homines,
805 1757 937 1791 quorum
955 1752 995 1778 ex
