1181 1902
291 70 341 102 IN
365 71 563 103 VERREM
589 71 648 103 IV.
672 72 756 103 CAP.
779 73 830 102 45.
943 72 1003 102 331

117 156 209 194 tione,
217 157 346 198 publice.
360 157 512 188 Memoria
522 157 916 196 tenetis‚ArtemidorumAE
921 165 1008 188 tnen-

118 210 193 235 sem,
208 200 367 240 legationis
383 201 448 240 ejus
459 201 639 242 principem,
650 201 771 242 publice
782 200 889 239 dicere,
902 201 1006 242 Apro-

115 243 202 273 nium
228 243 341 273 venisse
358 243 486 273 AEtnam
510 254 580 274 cum
597 244 627 274 V
629 244 756 279 eneriis;
782 244 901 274 vocasse
920 243 959 274 ad
974 254 1005 274 se

115 286 327 325 magistratum
341 297 350 322 ;
375 286 549 327 imperasse,
566 294 600 317 ut
616 287 646 317 in
662 287 727 317 foro
748 287 804 317 sibi
820 286 920 317 medio
935 287 1004 316 lecti

115 335 334 364 sternerentur3
359 329 493 370 quotidie
508 329 631 359 solitum
647 340 709 359 esse
724 339 784 359 non
800 329 892 360 modo
903 330 934 359 in
946 340 1005 370 pu-

114 372 204 405 blico,
222 371 273 402 sed
289 372 379 402 etiam
402 371 440 402 de
458 372 592 413 publico,
618 373 789 402 convivari:
815 382 884 402 cum
906 373 936 402 in
962 372 1004 403 eis

113 415 256 445 conviviis
271 415 451 456 symphonia
460 422 589 452 caneret,
600 415 804 456 maximisque
819 415 934 456 poculis
946 415 1005 445 mi-

113 458 298 494 nistraretur‚
314 457 455 497 [retinere
467 459 590 488 solitum
607 459 684 499 esse]
699 465 846 493 aratores;
863 464 954 499 atque
965 459 1004 489 ab

111 500 158 537 iis,
176 511 235 531 non
251 501 342 531 modo
358 512 411 542 per
431 501 587 541 injuriam,
604 501 655 531 sed
671 501 761 531 etiam
783 511 836 541 per
848 508 1004 531 contume-

111 544 196 581 liam,
214 550 333 574 tantum
350 545 479 585 exprimi
495 544 652 580 frumenti,
673 550 823 585 quantum
845 544 1004 584 Apronius

110 587 294 627 imperasset.
330 587 472 618 Audistis
492 588 566 624 haec,
592 587 728 627 judices;
753 597 822 628 quae
845 597 926 617 nunc
949 597 1004 628 ego

109 630 213 659 omnia
227 636 370 670 praetereo
385 641 418 661 ac
433 631 581 672 relinquo.
606 630 694 661 Nihil
710 630 747 660 de
762 630 885 660 luxuria
901 630 1005 671 Apro-

108 672 151 702 nii
166 673 285 714 loquor‚
302 673 379 703 nihil
399 673 436 704 de
455 674 627 711 insolentia,
649 673 726 704 nihil
737 673 775 703 de
790 673 937 714 singulari
952 683 1004 703 ne-

109 716 206 756 quitia
221 727 256 746 ac
279 717 488 757 turpitudine:
514 723 634 747 tantum
657 717 695 747 de
719 722 837 757 quaestu
862 727 896 747 ac
918 716 1003 747 lucro

107 759 205 789 dicam
223 759 314 790 unius
328 760 393 800 agri
405 767 434 790 et
446 760 537 790 unius
553 760 635 796 anni.¹
653 770 714 801 quo
730 759 848 789 facilius
864 770 915 790 vos
931 769 1002 790 con-

102 801 254 841 jecturam
270 803 308 833 de
323 803 462 841 triennio,
489 810 518 834 et
533 803 570 834 de
586 803 649 833 tota
673 802 788 840 Sicilia,
814 802 910 832 facere
933 813 1002 843 pos-

107 845 180 875 sitis.
214 846 274 876 Sed
298 846 375 875 mihi
397 846 594 876 AEtnensium
610 847 708 877 brevis
731 852 775 876 est
798 845 902 876 oratio.
936 845 1003 886 Ipsi.

108 888 190 918 enim
218 890 364 919 venerunt
377 901 385 919 :
410 889 468 930 ipsi
492 890 629 930 publicas
655 889 756 919 literas
780 888 997 929 deportarunt:

107 930 274 962 docuerunt
290 943 352 970 vos,
370 932 444 973 quid
459 933 561 963 lucelli
576 933 688 970 fecerit,
705 932 797 962 homo
813 941 874 961 non
887 932 999 969 malus,

106 973 263 1005 familiaris
279 975 424 1015 praetoris,
436 976 604 1016 Apronius.
629 975 679 1012 Id,
690 986 804 1016 quaeso,
817 985 854 1005 ex
863 974 1000 1015 ipsorum

104 1017 279 1049 testimonio
295 1019 472 1059 cognoscite.
505 1019 613 1049 Recita
633 1018 842 1050 testimonium
866 1018 1000 1049 AEtnen-

105 1070 195 1091 smm.

307 1106 550 1138 (Testimonium
573 1106 797 1141 AEtnensae'um.)

148 1146 253 1177 XLV.
278 1148 363 1185 Quid
376 1149 443 1178 ais?
468 1148 539 1186 Dic,
553 1148 612 1185 dic,
629 1158 743 1189 quaeso,
760 1148 881 1184 clarius,
894 1154 929 1178 ut
944 1158 998 1188 po-

101 1190 195 1230 pulus
211 1191 382 1228 Romanus,
400 1191 437 1222 de
452 1192 513 1222 suis
529 1192 737 1232 vectigalibus,
753 1190 791 1221 de
800 1191 861 1221 suis
874 1191 998 1221 aratori-

105 1234 173 1270 bus,
194 1233 232 1263 de
252 1234 314 1264 suis
336 1234 422 1265 sociis
437 1242 529 1276 atque
544 1235 660 1273 amicis,
677 1234 789 1264 audiat.
823 1234 851 1264 L
867 1234 998 1264 medim-

103 1279 189 1313 num,
215 1276 243 1306 L
265 1277 295 1307 H
300 1279 320 1307 S
346 1278 452 1308 millia.
496 1278 555 1308 Per
576 1278 659 1308 Deos
682 1277 870 1307 immortales
883 1277 890 1307 2
916 1287 997 1308 unus

103 1329 175 1359 ager
200 1330 261 1349 uno
281 1330 361 1350 anno
377 1321 459 1352 CCC
476 1321 573 1351 miliia
588 1321 725 1351 modium
742 1320 843 1357 tritici,
868 1328 897 1350 et
919 1331 997 1360 prae-

101 1369 182 1393 terea
199 1363 228 1392 H
234 1364 255 1393 S
273 1364 300 1393 L
316 1364 423 1399 millia,
440 1364 517 1394 lucri
527 1364 579 1394 dat
594 1363 734 1405 Apronio
749 1363 756 1393 !
781 1363 923 1393 Tantone
937 1363 997 1393 mi-

102 1406 182 1436 noris
207 1406 342 1437 decumae
362 1407 533 1443 venierunt,
559 1418 652 1448 quam
673 1407 798 1437 fuerunt
811 1409 824 1437 Ρ
849 1417 899 1444 an,
925 1417 996 1437 cum

101 1449 172 1479 satis
187 1459 299 1489 magno
312 1452 474 1487 venissent,
490 1450 539 1481 hic
555 1457 657 1480 tantus
673 1456 775 1480 tamen
785 1449 931 1480 frumenti
942 1460 996 1490 pe-

100 1492 258 1533 cuniaeque
272 1503 415 1523 numerus
425 1495 463 1524 ab
473 1494 641 1524 aratoribus
656 1503 709 1534 per
719 1493 781 1522 vim
794 1493 913 1523 ablatus
925 1500 969 1523 est
981 1495 994 1524 Ρ

100 1542 204 1565 utrum
231 1536 313 1566 enim
337 1536 448 1566 horum
467 1537 590 1575 dixeris,
618 1537 649 1566 in
666 1546 700 1567 eo
715 1536 805 1577 culpa
829 1543 858 1566 et
880 1536 994 1566 crimen

99 1577 234 1609 haerebit.
259 1579 343 1609 Nam
359 1580 436 1609 illud
452 1579 577 1620 quidem
589 1589 649 1610 non
666 1579 756 1616 dices,
773 1578 856 1620 quod
874 1579 994 1609 utinam

98 1620 192 1659 dicas,
209 1622 247 1652 ad
267 1623 443 1663 Apronium
463 1633 524 1653 ncn
543 1623 714 1664 pervenisse
736 1628 866 1652 tantum.
901 1622 950 1652 Ita
965 1628 995 1653 te

99 1673 160 1694 non
176 1665 268 1695 modo
288 1666 418 1706 publicis
433 1668 553 1704 tenebo,
575 1666 627 1696 sed
642 1666 733 1696 etiam
756 1665 881 1706 privatis
896 1671 995 1696 arato-

100 1717 168 1737 rum
186 1708 376 1749 pactionibus
391 1719 426 1740 ac
440 1709 554 1745 literis;
579 1715 613 1739 ut
625 1709 789 1750 intelligas,
802 1718 863 1738 non
880 1714 909 1738 te
923 1708 994 1739 dili-

99 1751 266 1790 gentiorem
282 1752 313 1782 in
330 1752 474 1783 faciendis
490 1752 579 1782 furtis
594 1752 698 1790 fuisse,
718 1762 813 1794 quam
828 1761 878 1782 me
893 1750 925 1782 in
941 1751 994 1782 de-
