1181 1902
284 68 336 98 IN
360 68 555 100 VERREM
579 67 640 99 IV.
661 66 745 98 CAP.
761 67 812 97 85.
922 66 983 102 371

103 162 195 193 quem
219 153 312 194 eligas
334 155 495 195 provinciae
515 154 703 185 reconditum
726 164 760 184 ac
785 152 988 183 derelictum?

103 196 220 226 Jubeas
229 197 271 226 ibi
283 207 332 227 me
345 198 455 235 metiri,
472 209 532 238 quo
542 203 660 238 portare
671 206 730 227 non
743 195 908 236 expediat?
931 194 986 225 ubi

104 248 202 269 emere
217 249 277 269 non
293 240 431 280 possim?

149 282 329 322 Improbum
339 283 492 319 facinus,
480 294 507 322 J·
498 282 608 320 idices,
619 292 679 312 non
690 281 859 317 ferendum,
872 279 988 311 nemini

103 323 169 364 lege
191 335 374 361 concessum,
402 325 452 356 sed
477 326 599 355 fortasse
621 325 745 355 adhuc·
737 335 769 354 in
790 325 876 354 nullo
897 323 988 353 etiam

103 366 298 397 vindicatum.
330 367 449 398 Tamen
466 378 521 408 ego
536 368 603 405 hoc,
620 368 702 408 quod
716 367 787 397 ferri
801 377 878 407 nego
889 376 987 407 posse,

103 408 203 447 Verri,
212 410 339 449 judices,
356 411 484 440 concedo
496 417 525 440 et
539 410 659 450 largior.
684 410 717 440 Si
727 409 789 439 ullo
800 410 831 439 in
847 410 912 439 loco
924 409 988 448 ejus

102 453 263 492 provinciae
277 453 466 483 frumentum
483 454 559 483 tanti
573 453 643 490 fuit,
665 453 772 493 quanti
787 453 842 482 iste
858 452 988 482 aestima-

102 494 156 531 vit,
172 495 228 525 hoc
243 496 356 526 crimen
379 496 410 525 in
434 496 527 526 istum
547 506 634 525 reum
649 496 748 525 valere
771 502 907 535 oportere
927 503 986 524 non

101 537 237 568 arbitror.
269 538 385 568 Verum
402 539 565 574 enimvero,
581 548 651 568 cum
667 544 742 568 esset
757 537 814 567 Hb*
829 537 918 573 binis,
935 543 989 566 aut

102 580 193 609 etiam
209 581 311 618 ternis,
328 581 484 621 quibusvis
499 582 530 611 in
551 581 623 611 locis
637 580 810 621 provinciae,
833 579 987 609 duodenos

100 623 246 653 sestertios
262 624 395 663 exegisti.
425 625 458 655 Si
473 624 549 654 mihi
569 630 669 654 tecum
686 634 785 664 neque
799 623 837 652 de
852 622 984 659 annona,

101 675 200 706 neque
214 665 251 696 de
266 667 462 697 aestimatione
485 667 550 704 tua,
571 673 668 707 potest
692 676 754 696 esse
775 665 985 701 controversia,

101 708 176 748 quid
191 709 297 739 sedes?
313 709 388 750 quid
398 716 551 750 exspectas
563 711 576 739 :³
593 709 668 750 quid
678 709 820 739 defendes
831 710 845 738 ,9
870 709 984 738 Utrum

99 751 154 781 tibi
168 752 305 791 pecuniae
317 753 481 783 conciliatae
495 753 635 782 videntur
650 752 809 782 adversum
824 752 916 791 leges,
933 750 987 780 ad-

56 812 60 814 *
100 803 219 824 versum
236 805 300 824 rem
318 796 484 835 publicam,
506 805 576 826 cum
591 795 728 825 maxima
742 794 890 825 sociorum
906 793 987 832 inju-

98 836 164 871 ι-ἰὲις
188 847 226 867 an
237 848 306 867 vero
315 837 346 867 id
358 847 447 875 recte,
458 839 572 874 ordine,
586 848 602 867 e
617 848 647 868 re
662 838 796 879 publica,
808 837 871 867 sine
883 837 985 876 cujus-

100 889 193 919 quam
208 880 330 919 injuria,
343 881 457 911 factum
473 892 535 912 esse
550 881 691 911 defendes
702 882 716 911 ?
740 880 821 911 Cum
833 880 889 909 tibi
899 889 985 909 sena-

100 928 149 952 tus
164 932 201 952 ex
217 923 320 953 aerario
343 924 503 964 pecuniam
527 924 711 964 promsisset‚
736 929 765 953 et
780 923 914 963 singulos
930 922 986 952 tibi

100 965 235 996 denarios
251 967 489 1003 annumerasset,
513 977 588 1007 quos
607 973 639 996 tu
655 977 710 1007 pro
725 966 853 1006 singulis
876 964 986 994 modiis

98 1008 265 1038 aratoribus
280 1009 427 1045 solveres;
452 1010 526 1050 quid
541 1010 636 1040 facere
651 1009 804 1039 debuisti?
841 1008 885 1045 Si,
902 1007 985 1048 quod

98 1050 136 1080 L.
155 1051 225 1081 Piso
240 1051 292 1081 ine
306 1051 412 1092 Frugi,
430 1053 483 1093 qui
494 1053 594 1093 legem
609 1052 646 1082 de
661 1051 795 1093 pecuniis
810 1050 984 1092 repetundis

97 1093 214 1134 primus
229 1095 318 1130 tulit3
343 1105 413 1125 cum
431 1096 562 1134 emisses,
576 1096 682 1136 quanti
697 1100 783 1133 esset,
795 1094 878 1135 quod
896 1103 985 1133 supe-

98 1142 177 1166 raret
191 1137 337 1177 poeuniae,
357 1139 525 1169 retulisses:
551 1138 586 1175 si,
610 1145 645 1168 ut
661 1138 812 1168 ambitiosi
833 1137 983 1174 homines,

98 1185 152 1209 aut
166 1180 309 1220 benigni;
334 1190 404 1210 cum
419 1182 515 1222 pluris
537 1188 656 1212 senatus
680 1181 866 1217 aestimasset,
891 1189 985 1220 quam

100 1223 204 1263 quanti
222 1229 297 1253 esset
307 1233 438 1262 annona,
454 1235 491 1254 ex
507 1227 626 1254 senatus
641 1224 848 1261 aestimatione,
869 1232 930 1252 non
946 1232 985 1252 ex

100 1275 228 1295 annonae
242 1266 367 1303 ratione,
384 1267 538 1298 solvisses:
563 1267 621 1304 sin,
640 1273 675 1296 ut
698 1266 834 1307 plerique
857 1265 983 1302 faciunt,

98 1307 131 1338 in
147 1318 208 1349 quo
220 1309 310 1339 etiam
326 1316 389 1340 erat
403 1310 512 1351 aliquis
527 1316 671 1351 quaestuS‚
684 1309 735 1339 sed
746 1309 771 1339 is
786 1309 929 1339 honestus
939 1313 985 1337 at-

101 1361 160 1391 que
175 1361 350 1388 concessus;
373 1352 574 1391 frumentum,
591 1352 737 1394 quoniam
751 1352 842 1382 vilius
856 1358 929 1387 erat,
945 1360 984 1380 ne

101 1394 222 1424 emisses
233 1406 241 1424 ε
266 1395 422 1426 sumsisses
431 1396 463 1426 id
474 1406 684 1433 nummorum,
695 1395 778 1436 quod
787 1394 844 1425 tibi
852 1399 984 1431 senatus,

99 1437 182 1467 cellae
193 1438 326 1476 nomine,
344 1445 534 1469 concesserat.

142 1480 316 1511 LXXXV.
340 1481 409 1512 Hoc
424 1492 493 1512 vero
508 1481 583 1523 quid
598 1481 665 1512 est?
681 1491 775 1523 quarn
789 1481 881 1511 habet
895 1479 986 1510 ratio-

99 1532 182 1560 nem,
207 1533 268 1553 non
292 1534 394 1564 quaero
409 1525 570 1566 aequitatis,
595 1525 647 1555 sed
669 1525 764 1566 ipsius
785 1522 987 1565 improbitatis

100 1572 191 1606 atque
205 1566 423 1607 impudentiae.
416 1570 429 1589 9
453 1569 565 1609 Neque
579 1568 661 1598 enim
672 1573 716 1598 est
729 1567 791 1598 fere
802 1566 983 1607 quidquam,

101 1609 183 1649 quod
198 1608 335 1640 homines
351 1611 454 1651 palam
469 1610 565 1641 facere
585 1611 716 1641 audeant
737 1610 769 1640 in
794 1609 984 1650 magistratu,

102 1652 241 1692 quamvis
255 1652 398 1693 improbi,
422 1654 497 1694 quin
513 1655 577 1693 ejus
592 1654 674 1691 facti,
691 1653 715 1684 si
735 1663 796 1683 non
811 1654 935 1689 bonam,
952 1656 983 1680 at

98 1694 245 1734 aliquam,
272 1696 419 1726 rationem
443 1697 547 1727 afferre
568 1696 691 1727 soleant.
729 1696 799 1726 Hoc
819 1695 893 1736 quid
916 1693 984 1724 est?

101 1736 194 1767 Venit
208 1744 335 1778 praetor·
360 1739 562 1778 frumentum,
582 1740 694 1781 inquit,
710 1749 760 1770 me
775 1740 828 1769 abs
843 1744 872 1770 te
887 1746 986 1768 emere
