1181 1902
146 113 187 143 84
232 111 323 145 PRO
347 112 513 146 ROSCIO
535 111 770 145 AMERINO.
793 111 879 145 CAP.
894 112 948 143 52.

142 198 200 229 hoc
211 198 372 240 indignum
387 204 488 241 putas,
504 199 586 241 quod
601 199 744 231 vestitum
760 198 884 230 sedere'
875 208 907 228 in
920 196 1035 238 judicio

143 241 237 279 vides,
253 253 345 284 quem
364 249 397 272 tu
419 253 435 273 e
450 243 642 283 patrimonio,
659 249 818 283 tamquam
833 252 850 271 e
864 240 1035 281 naufragio,

144 284 264 315 nudum
280 286 431 326 expulisti.
466 285 563 323 Quasi
584 296 653 315 vero
668 286 792 321 nescias,
809 285 891 314 hunc
907 289 936 314 et
951 283 992 314 ali
1007 288 1038 313 et

144 328 244 357 vestiri
259 339 277 358 a
293 328 425 364 Caecilia,
441 329 589 359 Balearici
602 329 657 358 fili?
648 342 675 366 ι,
691 328 819 368 Nepotis
831 337 940 363 sorore,
954 336 1038 367 spec-

145 370 293 401 tatissima
318 372 452 407 seminia
477 382 557 412 quar),
585 382 655 402 cum
680 378 797 412 patrem
824 370 1037 406 clarissimum,

146 414 348 454 amplissimos
368 421 501 455 patruos,
523 413 748 444 ornatissimum
764 414 888 443 fratrem
902 413 1038 449 haberet,

147 462 260 493 tamen,
277 467 348 488 cum
364 464 438 488 esset
453 457 573 494 mulier,
590 458 700 487 virtute
712 457 845 498 perfecit,
862 462 908 492 ut,
925 461 1040 496 quanto

147 499 260 530 honore
276 500 341 541 ipsa
355 511 393 530 ex
408 501 530 530 illorum
546 500 693 541 dignitate
708 500 885 537 afficeretur,
906 508 967 529 non
982 498 1041 528 mi-

148 551 222 572 nora
237 543 295 573 illis
311 549 487 574 ornamenta
502 553 539 573 ex
555 544 610 573 sua
625 543 714 572 laude
730 542 874 572 redderet.

192 585 249 615 LI.
273 586 338 622 An,
355 586 437 627 quod
452 586 612 626 diligenter
626 585 808 623 defenditur,
825 584 857 614 id
872 584 926 614 tibi
941 583 1042 624 indig—

148 627 224 658 num
237 628 352 659 facinus
369 629 510 659 videtur?
536 629 618 658 Mihi
633 629 730 665 crede,
747 628 782 665 si,
798 638 853 668 pro
868 627 962 668 patris
977 627 1042 666 ejus

149 670 286 712 hospitiis
302 678 331 702 et
345 672 453 712 gratia,
474 672 585 701 vellent
605 682 709 701 omnes
730 671 822 710 hujus
837 670 969 711 hospites
989 669 1043 699 ad-

149 724 223 751 esse,
248 720 277 744 et
297 715 441 745 auderent
462 715 554 745 libere
573 714 742 751 defendere,
767 714 837 744 satis
857 713 975 754 copiose
989 712 1042 742 de-

148 756 330 787 fenderetur.
369 757 423 787 Sin
450 764 564 793 autem,
591 768 646 798 pro
672 756 883 797 magnitudine
908 755 1041 795 injuriae,

149 811 266 841 proque
281 811 315 830 eo
331 800 413 841 quod
429 811 550 830 summa
565 801 734 841 respublica
749 800 781 829 in
797 800 889 838 hujus
907 798 1042 840 periculo

150 848 295 879 tentatur,
311 843 376 873 haee
390 853 494 873 omnes
510 843 714 879 vindicarenu
738 843 907 879 consistere,
924 842 1044 872 meher-

150 886 229 924 cule,
252 886 336 916 vobis
351 886 407 916 isto
422 886 454 916 in
469 887 534 916 loco
551 896 611 916 non
627 887 737 916 liceret.
773 886 803 915 N
808 896 867 915 unc
882 885 924 915 ita
939 884 1044 914 defen-

150 928 243 966 ditur,
266 939 327 959 non
350 940 421 959 sane
441 935 476 959 ut
496 930 620 959 moleste
636 929 712 959 ferre
727 928 888 959 adversarii
902 927 1044 967 debeant,

150 981 250 1012 neque
265 978 299 1001 ut
315 983 345 1002 se
360 972 495 1012 potentia
510 972 644 1012 superari
659 978 776 1013 putent.

205 1015 286 1052 Quae
301 1015 383 1044 domi
399 1015 529 1055 gerenda
544 1021 625 1053 sunt,
648 1026 683 1045 ea
698 1026 751 1056 per
772 1013 926 1045 Caecih'am
947 1018 1046 1044 trans-

150 1056 296 1097 iguntur:
314 1058 371 1088 fori
384 1058 552 1098 judiciique
562 1059 709 1088 rationem
720 1056 914 1095 Messalassut
926 1056 1044 1094 videtis,

147 1100 277 1149 judices,
294 1101 442 1142 suscepit:
467 1101 520 1143 qui
537 1101 560 1131 si
573 1102 639 1140 jam
654 1101 724 1132 satis
740 1101 835 1131 aetatis
851 1107 942 1140 atque
957 1101 1045 1129 robo-

151 1143 192 1173 ris
213 1144 346 1180 haberet,
368 1145 432 1185 ipse
447 1155 501 1185 pro
517 1145 586 1175 Sex.
601 1144 711 1175 Roscio
731 1144 850 1174 diceret.
886 1142 1044 1180 Quoniam

152 1186 192 1216 ad
215 1186 378 1217 dicendum
401 1187 619 1228 impedimento
637 1194 681 1218 est
701 1193 783 1223 aetas,
806 1192 835 1216 et
857 1185 966 1226 pudor,
991 1185 1045 1226 qui

151 1235 239 1259 ornat
255 1236 393 1266 aetatem,
385 1241 393 1249 ·
411 1241 531 1261 causam
544 1230 620 1260 mihi
632 1230 766 1267 tradidit,
784 1239 876 1270 quem
889 1239 943 1258 sua
955 1228 1046 1258 causa.

151 1282 260 1312 cupere
275 1284 309 1303 ac
324 1273 431 1303 debere
446 1273 652 1313 intelligebat:
677 1273 751 1313 ipse,
771 1272 956 1307 assiduitate,
974 1281 1045 1301 con-

151 1315 229 1351 silio,
246 1316 432 1351 auctoritate,
455 1316 622 1356 diligentia,
645 1316 780 1357 pertecit,
802 1321 837 1345 ut
853 1317 923 1345 Sex.
941 1313 1045 1343 Roscii

151 1358 224 1394 vita,
241 1365 342 1406 erepta
353 1359 390 1389 de
405 1359 546 1389 manibus
563 1366 722 1397 sectorum,
736 1358 891 1389 sententiis
904 1356 1045 1396 judicum

151 1401 384 1449 permitteretur.
424 1402 594 1438 Nimirum,
605 1402 733 1441 judices,
750 1412 804 1442 pro
820 1401 876 1430 hac
888 1399 1046 1429 nobilita-te

152 1454 221 1484 pars
237 1444 373 1474 maxima
387 1445 514 1475 civitatis
526 1445 557 1474 in
573 1445 664 1475 armis
677 1445 753 1475 fuit:
771 1445 835 1474 haec
847 1449 913 1473 acta
927 1453 975 1472 res
989 1448 1045 1480 est,

154 1486 199 1516 uti
218 1487 333 1517 nobiles
349 1488 575 1518 restituerentur
589 1488 620 1518 in
637 1488 800 1525 civitatem,
818 1487 872 1528 qui
890 1486 946 1515 hoc
966 1485 1047 1515 face-

153 1535 232 1567 rent,
257 1530 339 1570 quod
359 1530 455 1561 facere
477 1531 643 1561 Messalam
665 1531 792 1566 videtis3
816 1529 870 1570 qui
892 1534 984 1568 caput
998 1528 1046 1557 in-

154 1573 287 1603 nocentis
311 1573 524 1610 defenderent3
549 1574 602 1614 qui
625 1574 744 1612 injuriae
767 1573 954 1607 resisterent;
980 1571 1044 1610 qui,

153 1622 304 1656 quantum
319 1622 451 1656 possent,
473 1617 504 1646 in
521 1617 617 1647 salute
632 1616 766 1653 alterius,
783 1626 877 1664 quam
893 1615 925 1644 in
942 1614 1045 1651 exitio,

152 1659 279 1688 mallent
299 1659 462 1690 ostendere.
501 1659 595 1697 Quod
611 1659 635 1689 si
650 1669 766 1697 omnes,
783 1659 837 1699 qui
858 1658 963 1688 eodem
979 1657 1047 1686 loco

151 1701 215 1730 nati
231 1707 313 1739 sunt,
330 1702 481 1739 facerent3
506 1709 535 1733 et
555 1703 725 1744 respublica
745 1713 782 1733 ex
798 1701 869 1739 illis,
886 1707 914 1731 et
928 1700 987 1741 ipsi
1008 1709 1045 1730 ex

152 1743 268 1775 invidia
283 1745 385 1776 minus
400 1726 581 1776 laboiarent.

195 1787 272 1819 LII.
296 1788 416 1820 Verum
431 1789 457 1821 si
471 1800 490 1821 a
505 1789 716 1832 Chrysogono,
729 1788 859 1830 judices,
875 1796 937 1818 non
951 1786 1048 1827 impe-
