1181 1902
236 93 287 124 IN
311 92 510 125 VERREM
533 93 580 125 11.
605 92 690 125 CAP.
707 92 739 129 7.
874 92 934 123 159

39 187 110 209 nem
126 179 236 216 retuli3
253 185 294 218 et,
305 186 412 221 rogatu
427 180 578 211 sociorum
592 185 685 222 atque
699 178 867 210 amicorum
879 188 933 219 po-

39 221 106 261 puli
118 221 264 260 Romani,
280 233 419 254 meorum
435 229 538 254 autem
552 222 801 260 necessariorum,
819 231 932 252 nomen

39 263 172 295 hominis
187 265 378 296 audacissimi
392 266 497 296 detuli.
521 266 615 304 Quod
628 276 733 297 meum
744 265 860 296 factum
871 265 933 294 lec-

39 307 149 337 tissimi
163 308 219 338 viri
234 314 326 349 atque
340 309 523 340 ornatissimi
534 312 609 350 (quo
620 309 653 339 in
668 319 796 339 numero
817 318 834 338 e
849 307 934 338 vobis

39 351 212 391 complures
227 350 326 389 fuere)
338 352 380 382 ita
391 351 569 393 probarunt,
582 357 618 382 ut
629 352 667 389 ei,
681 352 735 393 qui
746 351 833 381 istius
848 361 934 391 quae-

39 398 101 423 stor
115 393 232 432 fuisset,
252 401 282 426 et
300 396 339 425 ab
353 395 411 426 isto
426 395 515 425 laesus
533 394 707 425 inimicitias
719 395 817 434 justas
832 404 935 434 perse-

39 442 194 476 queretur,
210 447 272 468 non
287 438 378 468 modo
398 438 553 469 deferendi
574 437 717 475 nominis,
735 437 787 468 sed
807 447 845 466 ne
860 438 934 467 sub-

37 478 189 510 scribendi
204 480 340 522 quidem,
354 491 425 512 cum
445 481 477 511 id
492 481 670 523 postularet,
686 480 819 511 facerent
833 485 934 521 potes·-

38 527 143 552 tatem.

82 565 122 595 In
148 565 284 597 Siciliam
314 577 395 605 sum,
424 567 600 609 inquirendi
629 566 730 605 causa,
757 565 909 607 profectus
922 577 932 596 z

38 617 100 648 quo
114 608 145 638 in
162 610 282 650 negotio
296 610 478 640 industriam
493 621 595 641 meam
616 610 751 641 celeritas
766 608 932 648 reditionis,

38 650 228 691 diligentiam
243 653 411 684 multitudo
425 654 583 684 litei-anun
598 659 628 684 et
646 653 781 691 testium,
798 652 933 682 declara-

38 693 102 730 vit3
127 695 275 735 pudorem
291 706 361 727 vero
376 707 410 727 ae
425 697 614 737 religionem,
631 696 726 737 quod,
748 705 818 726 cum
834 695 934 725 venis-

38 746 101 766 sem
117 744 237 769 senator
251 739 290 769 ad
306 739 398 770 socios
413 740 520 781 populi
536 739 682 777 Romani,
695 739 750 780 qui
764 739 797 768 in
814 738 849 768 ea
863 748 934 778 pro-

38 779 136 810 vincia
150 788 282 822 quaestor
295 782 432 820 fuissem,
450 783 488 813 ad
503 783 636 824 hospites
650 793 735 813 meos
750 792 785 812 ac
799 791 935 811 necessa-

36 822 107 861 rios,
124 834 222 854 causae
237 826 407 856 communis
423 825 571 863 defensor,
584 826 692 856 diverti
705 825 818 866 potius,
839 834 934 865 quam

37 865 76 895 ad
91 876 141 897 eos
160 867 214 908 qui
227 878 245 897 a
259 878 310 899 me
324 869 475 899 auxilium
492 869 675 910 petivissent.
699 867 828 899 Nemini
847 877 935 898 meus

37 908 185 940 adventus
210 911 308 942 labori
340 918 395 942 aut
420 912 536 942 sumtui
567 922 667 953 neque
689 911 811 953 publice
834 920 935 951 neque

40 951 184 992 privatim
208 953 277 984 fuit.
312 953 388 984 Vim
410 955 443 985 in
469 955 649 996 inquirendo
679 960 797 984 tantam
825 952 933 991 habui,

39 1000 187 1034 quantam
204 997 281 1027 mihi
297 997 348 1027 lex
364 997 466 1036 dabat,
483 1008 544 1028 non
561 1004 709 1039 quantam
724 997 835 1028 habere
849 1002 935 1038 pote-

37 1047 104 1068 ram
119 1038 247 1070 istorum
259 1040 370 1077 studio,
388 1052 464 1082 quos
478 1041 535 1072 iste
550 1041 684 1072 vexarat.

82 1081 218 1112 Romam
239 1089 274 1113 ut
296 1093 334 1114 ex
356 1083 457 1114 Sicilia
472 1084 558 1122 redii,
575 1094 646 1115 cum
666 1084 723 1114 iste
737 1088 829 1124 atque
848 1082 936 1113 istius

38 1123 140 1163 amici,
163 1125 302 1156 homines
323 1127 401 1157 lauti
424 1133 453 1158 et
473 1127 594 1166 urbani,
617 1137 769 1158 sermones
791 1126 935 1164 hujusce-

38 1167 123 1197 modi
144 1167 349 1209 dissipassent,
371 1181 433 1211 quo
452 1171 570 1201 animos
590 1170 715 1201 testium
735 1169 933 1207 retardarent,

37 1218 88 1239 me
111 1211 225 1252 magna
250 1213 382 1253 pecunia
404 1224 422 1243 a
442 1213 512 1244 vera
535 1214 723 1244 accusatione
738 1223 801 1243 esse
823 1212 935 1242 deduc-

37 1257 104 1282 tum
117 1264 127 1290 ς
151 1255 272 1286 tametsi
286 1257 472 1296 probabatur
486 1257 615 1294 nemini,
632 1256 715 1297 quod
730 1261 761 1286 et
775 1265 813 1286 ex
829 1253 934 1285 Sicilia

38 1300 128 1326 testes
143 1304 230 1328 erant
249 1298 282 1335 ii,
299 1299 353 1340 qui
374 1306 555 1340 quaestorem
576 1310 627 1330 me
646 1300 679 1329 in
704 1297 860 1340 provincia
884 1308 934 1328 co-

36 1346 216 1386 gnoverant,
234 1347 264 1371 et
275 1341 346 1372 hinc
355 1342 495 1373 homines
510 1343 647 1373 maxime
661 1343 804 1380 illustres,
821 1341 886 1382 qui,
899 1347 935 1371 ut

36 1382 96 1422 ipsi
118 1383 183 1414 noti
205 1390 287 1422 sunt,
311 1385 354 1415 sic
377 1388 515 1416 nosti-sim
539 1395 796 1427 unumquemque
818 1384 933 1425 optime

39 1427 175 1463 norunt3
201 1435 304 1458 tamen
319 1438 417 1469 usque
432 1439 466 1459 eo
482 1428 583 1467 timui,
600 1439 639 1459 ne
654 1429 722 1470 quis
738 1428 776 1458 de
790 1428 860 1458 mea
874 1427 934 1457 fide

41 1473 133 1509 atque
144 1469 317 1511 integritate
331 1471 494 1510 dubitaret,
505 1472 601 1503 donec
611 1472 650 1502 ad
664 1470 840 1512 rejiciendos
852 1470 936 1510 judi-

42 1521 89 1542 ces
104 1522 253 1543 venimus.

85 1554 115 1585 V
118 1555 165 1585 II.
190 1556 341 1596 Sciebam,
354 1558 386 1587 in
401 1558 570 1597 rejiciendis
581 1558 748 1598 judicibus,
758 1557 934 1595 nonnullos,

41 1599 190 1628 memoria
209 1599 322 1638 nostra,
343 1601 489 1641 pactionis
510 1601 710 1642 suspicionem
732 1610 794 1631 non
815 1599 935 1638 vitasse,

42 1650 125 1678 cum,
141 1641 206 1682 ipsa
221 1642 253 1672 in
268 1644 467 1681 accusatione,
481 1654 586 1674 eorum
599 1644 747 1674 industria
761 1654 796 1674 ac
807 1643 937 1684 diligen-

41 1683 85 1713 tia
99 1686 287 1724 probaretur.
312 1686 362 1717 Ita
376 1687 464 1726 rejeci
476 1687 605 1726 judices,
615 1693 651 1718 ut
662 1687 719 1718 hoc
730 1692 855 1724 constet,
868 1693 937 1727 post

39 1725 123 1757 hunc
146 1734 259 1759 statum
291 1729 464 1771 reipublicae
498 1741 559 1771 quo
583 1741 665 1761 nunc
689 1730 817 1768 utimur,
844 1729 937 1760 simili

45 1768 212 1810 splendore
241 1778 272 1802 et
303 1772 450 1814 dignitate
481 1773 641 1805 consilium
676 1773 799 1804 nullum
835 1772 940 1804 fuisse.

1175 245 1178 256 -
1173 80 1181 212 <iffa—g.-
