1181 1902
182 741 185 743 '
231 738 283 777 jus
308 738 424 768 consilii
450 748 511 767 non
537 737 629 767 modo
654 737 831 785 participem
856 737 892 768 C.
908 737 1048 772 Verrem,
1072 736 1124 766 sed

230 49 291 85 170
415 48 467 80 IN
490 47 687 80 VERREM
712 48 758 80 11.
782 48 866 80 οη.
885 49 935 80 18.
1142 0 1151 56 l

228 135 442 176 magistratum
466 135 642 177 Sicyonium
663 144 806 166 nummos
828 134 972 176 poposcit.
1008 134 1058 165 Ne
1081 133 1119 164 sit
1150 135 1151 165 ξ

227 178 285 209 hoc
301 179 414 209 crimen
431 179 462 208 in
477 179 624 210 Verrem:
649 178 784 209 fecerunt
797 178 858 208 alii.
896 178 977 209 Cum
992 178 1043 208 ille
1057 186 1118 206 non
1150 213 1152 216 y

228 221 323 259 daret,
336 222 556 253 animadvertit.
581 222 775 263 Improbum,
791 221 844 251 sed
858 231 919 252 non
934 220 1117 251 inauditum.
1150 231 1151 252 l

230 264 336 295 Genus
351 264 617 296 animadversionis
632 265 749 295 videte:
774 264 924 305 quaerefis,
941 274 979 295 ex
994 273 1088 304 quo
1070 272 1121 292 ‹re-
1150 268 1151 286 ἒ

228 317 301 337 nere
314 308 476 338 hominum
490 308 583 338 istum
596 308 745 347 judicetis.
770 308 879 347 Ignem
895 318 932 337 ex
947 307 1037 355 lignis
1052 305 1122 336 viri·
1150 315 1151 322 ¹

229 350 320 381 dibus
335 356 427 392 atque
446 351 602 381 humidis
595 361 626 380 111
641 351 706 381 loco
721 357 850 390 angusto
870 350 934 380 fieri
946 349 1055 389 jussit:
1079 348 1121 378 ibi

229 393 386 424 hominem
401 394 581 435 ingenuum,
605 394 689 424 domi
704 393 849 430 nobilem,
865 393 972 433 populi
988 391 1122 422 Romani

230 436 346 467 socium
356 443 446 477 atque
458 437 602 473 amicum,
616 437 702 466 fumo
712 436 928 473 excruciatum,
942 435 1121 466 semivivum

230 479 363 520 reliquit.
387 480 474 517 Jam,
498 491 567 520 quae
587 479 642 509 iste
662 479 759 519 signa,
783 490 858 520 quas
881 479 999 509 tabulas
1014 478 1120 519 pictas,

231 532 270 553 ex
284 523 406 553 Achaia
422 523 587 561 sustulerit,
610 532 671 552 non
687 522 785 552 dicam
801 522 858 552 hoe
872 522 957 552 loco:
982 527 1025 552 est
1045 521 1123 551 alius

232 565 310 595 mihi
329 566 412 596 locus
433 565 472 595 ad
492 566 570 596 hanc
590 566 676 595 istius
697 565 893 605 cupiditatem
914 565 1123 595 demonstran-

232 608 304 638 dam
334 615 477 639 servatus.
509 608 641 639 Athenis
671 608 797 638 audistis
821 619 858 638 ex
885 608 948 638 aede
974 607 1125 638 Minervae

231 651 347 691 grande
362 652 427 682 auri
442 652 561 692 pondus
577 652 733 681 ablatum:
758 651 874 681 dietum
889 651 947 681 hoc
962 656 1006 681 est
1020 650 1051 680 in
1064 650 1123 680 Cn.

232 694 403 725 Dolabellae
412 695 535 734 judicio.
559 694 708 725 Dictum.
701 696 715 716 ⁴>
732 694 823 724 etiam
835 694 1028 724 aestimatum.
1052 693 1124 723 Hu-

233 781 413 821 principem,
437 780 530 810 fuisse
554 780 715 821 reperietis.
753 780 869 810 Delum
895 780 996 810 venit:
1021 779 1064 810 ibi
1087 789 1125 809 ex

232 823 305 854 fano
317 824 471 864 Apollinis
483 823 705 864 religiosissimo
714 828 805 853 noctu
817 823 896 853 clam
908 823 1030 853 sustulit
1040 823 1126 862 signa

234 867 439 906 pulcherrima
453 872 544 907 atque
559 866 789 907 antiquissima3
806 876 900 906 eaque
915 866 947 895 in
960 866 1126 896 onerariam

235 918 346 940 navem
361 921 448 940 suam
464 909 649 949 conjicienda
663 909 788 939 curavit.
821 909 970 939 Postridie
991 919 1061 939 cum
1081 908 1127 937 fa-

236 962 314 982 num
338 953 501 993 spoliatum
527 952 663 983 viderent
686 952 707 981 ii
731 951 784 992 qui
805 951 921 982 Delum
945 952 1127 988 incolebant,

235 996 367 1035 graviter
382 996 537 1026 ferebant:
562 1001 606 1025 est
621 995 703 1026 enim
719 1000 804 1024 tanta
818 995 900 1035 apud
915 1005 965 1025 eos
985 996 1050 1034 ejus
1064 993 1129 1024 fani

236 1038 342 1078 religio
363 1044 454 1079 atque
473 1038 648 1079 antiquitas,
671 1043 707 1068 ut
727 1038 758 1067 in
780 1048 814 1067 eo
834 1038 898 1068 loco
913 1038 1015 1078 ipsum
1029 1037 1128 1078 Apol-

236 1081 331 1111 linem
343 1087 451 1111 natum
467 1092 529 1112 esse
540 1081 731 1111 arbitrentur.
763 1080 903 1111 Verbum
915 1086 1017 1111 tamen
1034 1081 1129 1111 facere

237 1134 299 1154 non
308 1124 479 1173 audebant,
502 1134 540 1155 ne
562 1124 639 1154 forte
654 1134 688 1154 ea
702 1134 748 1154 res
762 1123 801 1154 ad
816 1123 1011 1154 Dolabellam
1026 1124 1127 1165 ipsum

238 1172 409 1208 pertineret.

282 1210 415 1241 XVIII.
432 1210 518 1240 Tum
530 1210 629 1240 subito
640 1216 830 1250 tempestates
842 1216 950 1240 coortae
962 1216 1033 1240 sunt
1042 1220 1130 1239 max-

239 1253 321 1290 imae,
343 1254 470 1293 judices,
487 1260 522 1283 ut
537 1263 596 1283 non
617 1253 707 1283 modo
730 1253 887 1292 proficisci,
904 1263 973 1283 cum
996 1258 1129 1293 cuperet,

240 1295 403 1326 Dolabella
418 1306 479 1326 non
494 1302 604 1336 posset,
621 1295 672 1325 sed
687 1295 737 1326 vix
753 1296 783 1324 in
807 1296 918 1336 oppido
937 1296 1107 1325 consisteret
1118 1307 1127 1325 ε

239 1338 283 1369 ita
297 1340 402 1379 magni
417 1339 526 1369 fluctus
542 1339 746 1378 ejiciebantur.
772 1339 835 1369 Hic
847 1339 931 1368 navis
945 1339 999 1368 illa
1013 1338 1130 1379 praedo-

240 1381 287 1412 nis
302 1382 399 1418 istius,
416 1388 524 1412 onusta
533 1382 625 1422 signis
640 1381 795 1422 religiosis,
812 1381 938 1421 expulsa
948 1388 1039 1421 atque
1053 1382 1129 1420 ejec-

241 1430 273 1454 ta
286 1425 393 1462 fluctu,
410 1425 570 1465 frangitur.
594 1424 633 1454 In
648 1424 735 1454 litore
750 1424 835 1464 signa
846 1425 899 1454 illa
913 1424 1068 1465 Apollinis
1083 1434 1129 1454 re-

241 1468 421 1508 periuntur:
443 1468 529 1506 jussu
546 1467 716 1497 Dolabeuae
734 1473 943 1508 reponuntur:
968 1473 1130 1508 tempestas

242 1511 382 1540 sedatur:
408 1510 570 1540 Dolabella
585 1510 664 1540 Delo
679 1511 885 1550 proficiscitur.

286 1554 358 1583 Non
374 1553 491 1591 dubito,
509 1553 595 1594 quin,
612 1554 731 1583 tametsi
746 1554 849 1583 nullus
864 1554 895 1583 in
911 1559 941 1583 te
956 1563 1059 1583 sensus
1073 1552 1131 1582 hu-

242 1596 408 1633 manitatis,
425 1597 512 1626 nulla
531 1596 607 1626 ratio
627 1606 764 1636 unquam
789 1596 848 1627 fuit
871 1596 1032 1636 religionis,
1050 1605 1132 1625 nunc

242 1645 357 1677 tamen,
380 1638 412 1669 in
428 1645 512 1669 metu
533 1640 727 1680 periculoque
741 1645 805 1677 tuo,
827 1645 949 1669 tuorum
974 1639 1027 1669 tibi
1043 1639 1133 1668 scele-

244 1692 313 1712 rum
330 1682 430 1712 veniat
444 1682 476 1712 in
491 1688 634 1712 mentem.
659 1683 802 1713 Potestne
817 1682 872 1712 tibi
888 1683 951 1712 ulla
966 1692 1032 1722 spes
1052 1682 1132 1711 salu-

243 1725 282 1756 tis
304 1725 464 1756 commoda
482 1725 610 1765 ostendi,
633 1736 703 1757 cum
727 1725 900 1765 recordaris,
916 1726 947 1756 in
971 1725 1052 1756 Deos
1074 1725 1132 1754 im-
