1181 1902
274 49 325 81 IN
350 49 546 82 VERREM
571 50 630 82 IV.
654 50 739 82 CAP.
758 51 810 87 67.
925 51 989 81 353

104 145 175 166 cum
196 135 296 166 literas
319 136 576 177 conquireremus,
599 136 781 168 invenimus.
815 135 915 167 Missa
938 143 994 176 est,

104 185 138 209 ut
153 179 219 219 ipsa
230 178 390 219 significat,
406 190 444 209 ex
459 180 576 217 itinere,
592 190 663 210 cum
675 180 786 210 Verres
799 180 864 219 jam
876 179 914 210 de
925 191 996 221 pro-

103 221 201 252 vincia
216 221 397 259 decessisset,
414 222 619 253 Timarchidis
634 233 728 253 manu
746 224 864 263 scripta.
888 223 996 253 Recita

105 264 263 305 epistolam
289 264 503 295 Timarchidis.
529 268 551 283 “
565 266 787 304 Timarchides,
816 266 921 296 Verris
948 276 997 296 ac-

105 318 224 345 census,
249 307 389 348 Apronio
410 308 540 338 salutem
564 308 669 339 dicit.'’
692 309 767 339 Jam
794 309 851 339 hoc
872 309 997 350 quidem

105 360 167 380 non
183 350 380 391 reprehendo,
393 351 476 391 quod
496 351 664 392 adscripsit,
691 354 713 369 “
725 352 921 382 Ascensus-,M
945 363 998 382 cur

108 394 191 423 enim
219 394 275 424 sibi
300 393 357 423 hoc
382 395 486 424 scribae
510 394 565 424 soli
589 395 737 424 sumant?
763 398 784 412 “
802 395 840 424 L.
858 395 999 436 Papirius

108 436 238 466 scriba.’'
262 436 343 467 Volo
358 447 413 477 ego
428 437 485 467 hoc
501 447 562 467 esse
578 447 740 467 commune
758 436 997 479 [accensorum,]

108 479 262 517 lictorum,
270 480 429 510 viatorum.
442 482 464 498 “
476 480 501 510 F
504 491 538 510 ac
549 480 738 521 diligentiam
752 480 906 517 adhibeas,
918 481 1000 522 quod

109 522 149 552 ad
178 523 431 553 existimationem
458 523 594 563 praetoris
624 523 763 553 attinet.”
797 523 1001 554 Commendat

108 565 249 605 Apronio
270 566 418 602 Verrem;
444 573 473 596 et
491 566 639 605 hortatur,
665 573 700 596 ut
719 566 849 596 inimicis
870 567 934 605 ejus
955 577 1001 597 re-

109 608 203 638 sistat.
228 609 318 639 Bono
341 609 480 649 praesidio
509 609 648 639 munitur
674 609 858 640 existimatio
882 616 945 647 tua,
977 610 1001 640 si

110 651 234 692 quidem
251 651 282 681 in
297 652 431 692 Apronii
446 652 638 682 constituitur
647 652 806 693 diligentia
822 658 914 693 atque
930 663 1002 683 auc-

110 694 239 724 toritate.
279 697 301 712 “
324 695 429 725 Habes
459 695 602 725 virtutem
632 702 724 737 atque
762 696 1000 736 eloquentiam.'’

112 737 218 775 Quam
242 738 360 778 copiose
383 738 526 769 laudatur
548 739 707 779 Apronius
733 749 752 768 a
780 738 1000 769 Timarchide!

111 790 207 822 quam
222 781 382 821 magnifice
395 781 402 811 l
429 781 489 811 Cui
510 792 565 822 ego
581 791 642 812 non
660 788 766 822 putem
782 782 871 812 illum
887 782 1005 822 placere

111 829 259 864 oportere,
285 824 339 865 qui
368 830 524 865 tantopere
550 824 742 855 Timarchidi
770 826 915 866 probatus
941 825 1004 855 sit?

113 868 136 883 “
151 866 267 904 Habes,
284 872 422 897 sumtum
437 867 519 898 unde
534 867 658 898 facias.’'
696 868 827 899 Necesse
848 873 903 906 est,
923 867 1006 908 quod

113 909 292 940 redundarit
315 910 352 941 de
373 917 471 941 vestro
489 910 688 942 frumentario
708 917 839 952 quaestu,
855 911 895 941 ad
915 911 1006 941 illum

113 953 318 993 potissimum,
343 964 397 995 per
412 964 505 994 quem
526 954 671 994 agebatis,
696 954 867 985 defluxisse.
892 955 914 971 “
928 954 1008 984 Scri-

113 996 178 1033 bas,
206 997 401 1037 apparitores,
427 1002 558 1027 recentes
579 997 686 1038 arripe.
711 997 792 1028 Cum
810 997 848 1027 L.
866 997 1005 1035 Vulteio,

114 1038 169 1079 qui
184 1039 354 1080 plurimum
370 1046 478 1081 potest,
492 1040 583 1079 caede,
596 1040 752 1071 concidess'
776 1040 899 1078 Videte,
913 1050 1007 1081 quam

114 1082 202 1113 valde
226 1083 351 1113 malitiae
369 1093 431 1112 suae
451 1083 583 1113 confidat
601 1083 824 1120 Timarchides,
847 1083 900 1124 qui
916 1083 1008 1113 etiam

114 1125 255 1166 Apronio
264 1126 466 1167 improbitatis
478 1127 694 1167 praeceptadet.
718 1127 740 1157 J
743 1137 794 1156 am
803 1127 871 1163 hoc,
886 1126 1008 1163 “caede‚

115 1168 237 1199 concide
248 1170 281 1206 ;''
305 1179 366 1199 non
383 1170 474 1199 verba
488 1169 580 1200 domo
600 1169 719 1210 patroni
735 1169 911 1210 depromere
927 1169 1010 1200 vide-

114 1216 176 1249 tur,
192 1212 231 1241 ad
246 1222 337 1243 omne
348 1222 444 1253 genus
454 1213 596 1254 nequitiae
608 1213 835 1243 accommodata
844 1212 858 1241 ?
884 1215 906 1230 ‘⁶
917 1212 1010 1250 Volo,

115 1254 160 1284 mi
180 1255 283 1293 frater,
304 1255 466 1285 fraterculo
491 1262 543 1286 tuo
564 1255 699 1286 credas.’'
723 1255 864 1286 Consorti
884 1255 1010 1296 quidem

116 1297 148 1327 in
164 1298 255 1329 lucris
277 1304 370 1340 atque
384 1298 485 1337 furtis,
505 1299 628 1340 gemino
648 1304 677 1329 et
689 1299 845 1329 simillimo
860 1299 1009 1340 nequitia,

119 1341 325 1382 improbitate,
342 1341 477 1372 audacia.

161 1385 305 1415 LXVII.
331 1388 353 1402 “
368 1385 405 1414 In
419 1385 540 1416 cohorte
555 1396 641 1416 carus
658 1385 841 1416 habebere.''
865 1384 952 1423 Quid
967 1390 1012 1416 est

117 1427 186 1465 hoc,
212 1430 234 1445 “
248 1429 287 1458 In
303 1428 424 1459 cohorte
437 1429 474 1459 ?'’
498 1439 560 1470 quo
577 1429 734 1470 pertinet?
758 1428 936 1470 Apronium
957 1428 1011 1459 do-

117 1473 190 1502 ces?
215 1471 314 1512 quid?
338 1472 370 1502 in
395 1477 525 1502 vestram
549 1473 714 1510 cohortem,
739 1478 769 1503 te
788 1471 949 1510 monitore,
971 1482 1011 1502 an

118 1514 175 1544 sua
197 1522 313 1555 sponte,
341 1517 544 1555 pervenerat?
579 1515 706 1553 “Quod
727 1515 837 1556 cuique
861 1525 937 1556 opus
961 1515 1010 1550 sit,

117 1558 271 1598 oppone.'‘
295 1557 369 1596 Qua
391 1558 584 1599 impudentia
603 1558 717 1600 putatis
736 1569 807 1589 eum
822 1558 854 1588 in
873 1557 1014 1588 domina-

120 1600 202 1631 tione
216 1600 320 1639 fuisse,
331 1601 385 1642 qui
400 1601 431 1631 in
446 1601 522 1642 fuga
531 1607 595 1632 tam
607 1603 765 1643 improbus
780 1602 842 1632 sit?
865 1601 934 1639 Ait,
945 1611 1012 1631 om-

121 1643 172 1674 nia
195 1645 325 1684 pecunia
345 1644 422 1675 effici
442 1655 550 1685 posse:
576 1648 598 1663 “
615 1645 665 1683 da,
684 1645 846 1686 profunde,
857 1644 1012 1685 oppone,”

120 1686 146 1717 si
168 1687 241 1717 velis
267 1687 394 1718 vincere.
419 1688 493 1718 Non
513 1688 570 1719 hoc
595 1688 673 1719 mihi
688 1694 751 1718 tam
768 1688 932 1719 molestum
957 1693 1013 1725 est,

121 1729 262 1771 Apronio
272 1731 398 1762 suadere
407 1730 649 1772 Timarchidem,
662 1742 757 1774 quam
769 1731 852 1772 quod
864 1731 921 1762 hoc
932 1730 1014 1761 idem

696 1776 716 1806 2
734 1783 759 1805 H
777 1776 796 1804 3
