1181 1902
201 73 264 102 206
395 71 449 102 IN
472 71 669 104 VERREM
694 72 740 103 II.
757 72 841 103 CAP.
857 72 910 103 54.

209 157 343 188 lidonem
360 158 538 189 nominavit.
563 159 635 189 Non
652 165 681 189 te
696 158 802 200 pudet,
819 159 941 195 Verres,
957 158 1023 198 ejus
1032 168 1104 188 mu-

209 201 290 231 lieris
306 201 452 231 arbitratu
468 202 591 241 gessisse
611 208 787 242 praeturam,
813 212 907 243 quam
927 202 965 232 L.
991 201 1103 231 Domi-·

208 243 268 273 tius
292 246 330 274 ab
354 255 384 274 se
399 245 561 283 nominari,
579 245 630 275 vix
646 245 703 275 sibi
718 246 881 275 honestum
896 255 958 275 esse
973 244 1102 275 arbitra-

212 287 303 316 batur
317 289 330 317 ?

255 330 346 360 LIV.
372 330 490 370 Rejecti
505 342 523 361 a
539 331 717 369 Chelidone,
735 331 858 372 capiunt
873 330 1034 361 consilium
1050 340 1103 360 ne-

211 373 385 410 cessarium,
403 380 437 403 ut
452 374 616 415 suscipiant
631 374 687 414 ipsi
703 375 869 414 negotium.
900 374 981 403 Cum
998 374 1103 403 Rabo-

212 415 263 445 nio
279 422 388 454 tutore,
409 417 491 457 quod
507 424 569 447 erat
585 417 636 447 vix
661 417 717 447 HS
736 416 939 457 quadraginta
956 416 1102 454 millium⁷

211 459 383 497 transigunt
403 460 458 490 Hs
482 460 618 490 ducentis
639 460 785 490 millibus.
821 460 928 489 Refert
950 459 988 489 ad
1011 459 1105 489 istum

213 512 278 532 rem
292 503 469 533 Habonius:
494 509 529 533 ut
544 503 601 533 sibi
617 503 764 540 videatur,
777 503 846 533 satis
858 502 1005 543 grandem
1015 512 1107 542 pecu-

214 545 309 582 niam,
327 552 355 575 et
371 546 442 576 satis
458 546 668 586 impudentem
685 557 755 576 esse.
781 546 855 582 Iste,
877 545 930 586 qui
951 545 1107 585 aliquanto

212 589 282 628 plus
298 589 467 629 cogitasset,
484 590 564 619 male
584 589 692 630 accipit
713 589 810 619 verbis
832 588 1031 618 Rabonium:
1056 597 1109 617 ne-

211 637 264 671 gat
281 642 351 661 eum
364 632 420 662 sibi
436 632 489 662 ills
499 632 647 662 decisione
660 632 828 662 satisfacere
839 641 935 672 posse.
960 631 1011 661 Ne
1022 630 1103 660 mul-

214 680 256 710 ta,
273 675 444 704 locaturum
461 685 491 705 se
508 685 570 705 esse
586 676 753 705 confirmat.

257 717 388 748 Tutores
403 718 467 748 haec
483 718 640 748 nesciunt:
666 717 747 758 quod
763 723 864 748 actum
881 723 944 747 erat
959 727 1028 747 cum
1043 717 1108 746 Ra-

213 761 316 795 honio,
329 767 440 801 putant
455 761 486 790 id
503 771 564 791 esse
579 761 799 791 certissimum:
825 761 943 790 nullam
959 761 1107 799 majorem

213 804 331 844 pupillo
347 809 490 834 metuunt
505 804 718 834 calamitatem.
744 804 805 834 Iste
821 814 890 834 vero
902 813 962 833 non
972 813 1108 844 procras-

214 846 310 876 tinat:
334 847 432 877 locare
461 847 578 887 incipit,
610 857 670 877 non
696 847 863 888 proscripta
892 856 990 886 neque
1011 845 1110 876 edicta

214 889 274 927 die,
301 890 485 920 alienissimo
509 895 656 930 tempore,
673 890 753 920 ludis
773 890 844 931 ipsis
867 889 1027 926 Romanis.
1044 889 1109 919 foro

215 938 330 962 ornato.
356 933 465 973 Itaque
480 933 634 962 renuntiat
650 933 807 963 Rabonius
823 933 908 962 illam
930 932 1111 962 decisionem

215 975 376 1006 tutoribus.
401 976 577 1006 Accurrunt
592 983 694 1006 tamen
710 976 749 1006 ad
770 981 890 1017 tempus
906 981 1038 1005 tutores:
1063 974 1110 1004 di-

215 1018 314 1058 gitum
338 1019 417 1048 tollit
443 1019 559 1049 Junius
579 1025 715 1059 patruus.
747 1019 802 1049 Isti
822 1019 903 1049 color
929 1018 1112 1048 immutatus

216 1068 260 1092 est
274 1073 281 1091 :
307 1061 420 1098 vultus,
433 1062 539 1099 oratio,
552 1072 638 1092 mens
650 1062 781 1103 denique
797 1062 916 1092 excidit.
942 1061 1027 1098 Quid
1040 1071 1110 1101 age-

215 1110 271 1141 ret,
289 1105 378 1145 coepit
393 1105 531 1145 cogitare.
571 1105 603 1135 Si
624 1115 699 1146 opus
720 1105 837 1146 pupillo
856 1105 1063 1140 redimeretur,
1086 1103 1112 1133 si

219 1158 265 1177 res
282 1148 377 1178 abiret
392 1149 430 1177 ab
447 1158 481 1178 eo
497 1148 648 1189 mancipe,
659 1159 751 1189 quem
768 1148 831 1188 ipse
847 1147 1044 1188 apposuisset,
1056 1146 1115 1176 sibi

216 1191 334 1220 nullam
351 1191 486 1232 praedam
502 1201 573 1221 esse.
598 1191 709 1232 Itaque
730 1191 888 1231 excogitat.
913 1190 999 1228 Quid
1013 1192 1027 1220 Ρ
1052 1189 1112 1219 Ni-

216 1233 261 1263 hil
287 1233 459 1274 ingeniose:
485 1234 573 1272 nihil,
591 1234 673 1275 quod
696 1234 860 1275 quisquam
880 1233 974 1274 possit
999 1233 1109 1270 dicere,

218 1279 240 1293 ‘⁶
258 1276 407 1317 improbe⁷
433 1287 539 1307 verum
563 1277 669 1307 callide
682 1277 715 1307 :''
738 1277 815 1307 nihil
839 1278 877 1307 ab
901 1276 958 1306 isto
983 1281 1109 1313 tectum,

216 1319 293 1349 nihil
318 1320 531 1350 veteratorium
558 1320 818 1360 exspectaveritis:
861 1319 965 1349 omnia
995 1324 1109 1359 aperta,

215 1363 320 1392 omnia
342 1363 511 1404 perspicua,
532 1363 729 1404 reperientur,
746 1363 948 1404 impudentia,
965 1361 1110 1399 amentia,

220 1405 356 1436 audacia.

263 1449 295 1478 Si
311 1448 429 1489 pupiHo
444 1459 521 1490 opus
532 1448 702 1486 redimitur,
719 1449 796 1479 mihi
806 1448 908 1490 praeda
917 1448 955 1478 de
969 1447 1113 1478 manibus

220 1491 356 1531 eripitur.
391 1492 485 1529 Quod
501 1498 544 1522 est
558 1492 651 1532 igitur
666 1492 835 1522 remedium
848 1494 861 1522 ?
885 1491 968 1532 quod
985 1493 999 1521 Ρ
1023 1501 1060 1520 ne
1076 1490 1113 1519 li-

218 1542 284 1564 ceat
296 1535 414 1575 pupillo
427 1535 581 1565 redimere.
599 1536 662 1566 Ubi
672 1536 725 1565 ina
734 1535 920 1566 consuetudo
932 1534 963 1563 in
979 1533 1111 1573 [bonis‚]

220 1577 385 1617 praedibus‚
402 1578 584 1619 praediisque
596 1578 772 1616 vendendis,
786 1578 925 1608 omnium
942 1576 1114 1613 consulum,

220 1630 391 1657 censorum,
408 1627 584 1661 praetorunn
609 1627 794 1662 quaestorum
817 1621 960 1661 denique,
977 1625 1012 1649 ut
1037 1618 1117 1660 opti-

221 1663 274 1693 ma
289 1664 461 1694 conditione
477 1664 514 1694 sit
530 1665 565 1702 is,
583 1666 652 1703 cuja
667 1675 713 1695 res
730 1664 778 1701 sit,
796 1665 900 1703 cujum
920 1662 1089 1703 periculum
1101 1663 1116 1691 ?

222 1705 371 1736 Excludit
387 1717 457 1736 euin
474 1708 584 1745 solum⁷
601 1708 661 1745 cui,
678 1718 771 1749 prope
787 1707 898 1744 dicam,
915 1705 970 1736 soli
986 1710 1117 1745 potesta-

221 1754 284 1780 tem
300 1749 411 1780 factam
428 1761 492 1781 esse
507 1752 675 1791 oportebat.
699 1750 786 1789 Quid
801 1750 883 1781 enim
899 1748 1063 1791 quisquam
1079 1746 1118 1778 ad
