1181 1902
248 103 298 135 IN
322 102 520 135 VERREM
538 103 604 135 111.
620 103 704 135 CAP.
721 104 774 135 56.
893 102 958 133 265

64 191 162 222 millia
175 191 290 231 palam,
307 190 396 220 salvis
410 190 540 230 legibus,
557 190 749 221 contulerunt
763 191 794 220 in
811 195 954 221 statuam.

66 235 219 270 Primum,
245 244 306 275 quo
338 239 453 263 tantam
484 234 670 274 pecuniam?
700 234 819 271 deinde,
845 244 955 274 quam-

63 279 167 308 obrem
184 287 318 307 censores
333 276 371 306 ad
393 282 524 306 statuam
547 277 602 306 tibi
623 277 841 307 conferebant?
866 276 953 307 Ordo

62 321 171 362 aliquis
187 329 345 350 censorum
361 326 404 349 est
419 319 599 359 collegium
593 321 606 340 ⁹
630 330 725 359 genus
750 320 874 360 aliquod
898 320 954 350 ho-

62 364 205 394 minum?
240 372 311 392 nam
339 367 392 391 aut
417 345 539 402 publice
565 362 698 393 civitates
728 363 798 393 istos
824 363 954 394 honores

59 407 189 442 habent;
214 412 266 436 aut
281 405 449 445 generatim
461 405 610 441 homines,
628 412 662 435 ut
673 412 815 442 aratores,
828 412 862 436 ut
873 417 954 436 mer-

59 456 183 486 catores,
200 455 235 479 ut
250 448 435 478 navicularii.
460 448 605 478 Censores
620 448 745 489 quidem
766 451 820 489 qui
843 449 953 489 magis,

61 503 155 533 quam
177 492 301 522 aediles?
332 490 383 521 Ob
399 490 602 521 beneficium?
633 491 716 531 Ergo
732 491 788 521 hoc
809 491 952 529 fatebere,

60 537 114 566 abs
130 541 159 566 te
173 536 238 565 haee
262 534 358 574 petita
378 544 440 564 esse
457 537 542 567 (nam
558 541 660 574 erepta
675 544 736 564 non
758 535 882 565 audebis
905 535 952 565 di-

59 586 156 615 cere);
184 584 213 608 te
233 588 282 608 eos
297 577 492 617 magistratus
512 577 698 614 hominibus,
716 578 864 615 beneficii,
891 588 951 608 non

59 621 245 663 reipublicae,
263 620 354 650 causa
369 620 558 660 permisisse?
583 620 652 651 Hoc
667 626 770 651 autem
792 631 862 651 cum
884 627 952 651 tute

57 665 200 702 fatebere,
225 663 388 704 quisquam
414 663 577 700 dubitabit,
599 664 674 704 quin
699 669 733 693 tu
755 664 845 694 istam
869 665 951 705 apud

58 708 188 749 populos
202 706 364 747 provinciae
374 706 460 736 istius
475 706 623 736 invidiam
638 713 729 747 atque
741 707 951 745 offensionem,

58 761 119 781 non
141 749 314 781 ambitionis
338 759 437 789 neque
457 749 672 780 beneficiorum
693 750 950 788 collocandorum,

58 794 110 825 sed
125 793 262 835 pecuniae
272 792 477 829 conciliandae,
494 793 585 823 causa
600 793 784 834 susceperis?

103 838 213 878 Itaque
227 836 273 866 illi
287 845 422 865 censores
436 835 572 866 fecerunt
587 835 680 872 idem,
696 837 779 877 quod
794 837 825 867 in
847 837 950 867 nostr&

58 880 214 926 republica
234 879 330 909 solent
352 878 374 908 11
398 878 451 919 qui
470 889 524 919 per
543 879 732 919 largitionem
754 880 951 920 magistratus

57 922 159 964 adepti
174 928 261 953 sunt:
287 921 434 951 dederunt
448 931 583 962 operam,
589 904 634 952 ont
650 922 692 952 ita
706 929 884 963 potestatem
897 934 949 963 ge-

56 972 167 1002 rerent,
192 972 227 996 ut
250 964 336 995 illam
358 965 501 994 lacunam
532 965 575 995 rei
600 965 758 996 familiaris
781 967 948 1007 explerent.

57 1010 107 1041 Sic
124 1019 230 1040 census
250 1007 373 1038 habitus
388 1013 443 1043 est,
463 1014 492 1038 te
506 1015 644 1048 praetore,
661 1016 696 1039 ut
711 1019 745 1039 eo
764 1019 855 1039 censu
878 1010 950 1040 nul-

56 1054 116 1084 lius
137 1051 265 1083 civitatis
286 1061 333 1081 res
354 1051 476 1091 publica
501 1057 604 1092 posset
629 1051 850 1082 administrari:
875 1063 948 1083 nam

56 1094 285 1137 locupletissimi
300 1095 447 1134 cujusque
462 1104 568 1124 census
583 1095 794 1132 extenuarant,
808 1096 948 1127 tenuissi-

56 1140 101 1170 mi
112 1143 269 1169 auxerant.
294 1137 462 1178 Itaque,'1n
478 1137 599 1167 tributis
613 1137 809 1178 imperandis,
827 1145 947 1170 tantum

56 1183 154 1213 oneris
169 1181 252 1230 plebi
266 1181 491 1221 imponebatur,
507 1186 554 1217 ut,
571 1181 689 1211 etiamsi
709 1182 847 1212 homines
868 1189 949 1213 tace-

55 1232 133 1262 rent,
150 1235 196 1255 res
207 1225 273 1265 ipsa
287 1224 376 1253 illum
392 1233 516 1253 censum
531 1224 719 1264 repudiaret;
743 1225 786 1264 id,
803 1225 908 1266 quod
901 1236 948 1256 m-

55 1268 152 1309 telligi
162 1267 307 1298 facillime
321 1277 353 1297 re
367 1267 434 1307 ipsa
448 1273 555 1307 potest.

58 1332 59 1335 =
100 1311 190 1342 LVI.
216 1311 299 1340 Nam
321 1310 359 1339 L.
388 1309 546 1347 Metellus,
572 1310 626 1351 qui
651 1312 861 1352 (posteaquam
892 1323 948 1353 ego

56 1353 230 1402 inquirendi
254 1363 345 1383 causa
367 1353 399 1382 in
423 1333 557 1383 Siciliam
587 1353 669 1391 veni)
694 1362 826 1403 repente,
844 1338 948 1386 Letilii

57 1398 213 1433 adventu,
218 1397 304 1426 istius
318 1406 379 1426 non
394 1395 486 1426 modo
507 1397 633 1433 amicus,
657 1407 763 1427 verum
783 1398 874 1428 etiam
899 1409 948 1429 co-

56 1447 178 1482 gnatus,
187 1440 284 1470 factus
294 1445 353 1475 est3
370 1440 406 1475 is,
420 1438 502 1480 quod
515 1440 654 1470 videbat
647 1440 732 1471 lstius
740 1451 863 1472 censum
871 1448 948 1473 stare

53 1485 140 1515 nullo
150 1483 242 1513 modo
258 1493 356 1523 posse,
373 1492 444 1513 eum
460 1492 584 1513 censum
600 1484 749 1514 observari
763 1485 864 1523 jussit,
881 1486 948 1526 qui,

53 1528 119 1558 viro
133 1526 296 1557 fortissimo
311 1532 402 1567 atque
417 1525 672 1562 innocentissimo,
689 1527 759 1557 Sex.
786 1528 947 1565 Peducaeo,

55 1575 193 1612 praetore,
209 1569 332 1599 habitus
346 1575 430 1599 esset-
454 1568 553 1599 Erant
569 1570 650 1599 enim
666 1575 733 1600 tum
754 1580 889 1602 censores
902 1572 946 1602 le-

55 1614 144 1654 gibus
155 1611 238 1649 facti,
254 1611 361 1642 delecti
375 1623 394 1642 a
409 1611 470 1642 suis
481 1612 670 1648 civitatibus;
695 1613 817 1654 quibus,
835 1615 858 1645 si
871 1615 947 1656 quid

55 1655 286 1691 commisissent,
294 1665 391 1695 poenae
399 1655 518 1695 legibus
526 1662 610 1685 erant
625 1657 803 1686 constitutae.
827 1658 857 1687 'l
860 1668 875 1688 e
891 1669 944 1688 au·

54 1705 116 1730 tem
138 1705 276 1740 praetore,
301 1698 355 1739 qui
379 1708 482 1728 censor
506 1705 559 1729 aut
578 1699 677 1739 legem
699 1706 858 1737 metueret,
883 1702 947 1742 quit

55 1751 116 1773 non
131 1742 300 1776 tenebatur,
318 1741 463 1782 quoniam
484 1749 600 1773 creatus
615 1743 682 1783 lege
704 1752 765 1773 non
784 1750 867 1780 erat,
893 1751 946 1775 aut

99 1785 162 1820 (Or
163 1788 220 1821 at.)
237 1793 258 1814 v
263 1793 362 1815 01..1.
671 1787 690 1815 2
707 1797 729 1816 Α
