1181 1902
201 113 253 144 IN
276 109 517 144 CAECILIUM
540 110 690 142 DIVIN.
714 110 798 142 CAP.
815 111 867 142 22.
919 111 977 142 131

91 199 197 232 Habet
211 200 369 236 honorem,
385 208 477 240 quem
491 197 644 239 petimus:
668 196 760 228 habet
774 207 871 238 spem,
888 207 982 239 quam

89 243 276 285 propositam
298 242 384 273 nobis
407 242 574 272 habemus:
601 241 694 271 habet
716 240 982 279 existimationem,

90 287 190 318 multo
205 286 324 323 sudore,
336 285 449 322 labore,
466 284 637 324 vigiliisque
652 284 827 314 collectam:
849 290 895 320 ut,
913 284 937 314 si
951 284 984 313 in

91 329 149 360 hac
164 340 253 360 causa
266 334 403 359 nostrum
419 327 552 358 officium
573 337 607 357 ac
627 326 817 367 diligentiam
837 328 984 368 probave-

92 373 200 410 rimus,
216 372 292 409 haec,
309 382 377 412 quae
391 370 468 407 dixi
486 370 613 400 retinere
633 380 687 411 per
701 370 851 410 populum
868 371 984 400 Roma-

92 426 170 447 num
190 415 355 446 incolumia
374 424 408 444 ac
428 413 511 444 salva
529 413 699 454 possimus·
724 413 748 443 si
768 413 922 443 tantulum
939 413 985 443 of-

91 459 214 491 fensum
229 458 456 498 titubatumque
471 456 529 492 sit;
553 462 588 486 ut
607 466 653 495 ea,
670 466 739 496 quae
757 455 934 496 singulatim
949 466 985 487 ac

93 503 146 532 diu
169 501 292 532 collecta
311 506 392 537 sunt,
412 510 474 530 uno
494 505 630 540 tempore
650 499 790 529 universa
810 499 984 539 perdamus.

94 546 300 594 Quapropter,
329 543 456 583 judices,
484 548 617 573 vestrum
647 548 692 572 est
721 542 862 582 deligere,
891 552 984 582 quem

93 588 271 619 existimetis
295 586 438 617 facillime
458 596 544 627 posse
566 585 811 626 magnitudinem
833 595 930 615 causae
950 596 985 616 ac

90 631 199 680 judicii
214 630 359 661 sustinere
374 629 444 667 fide,
461 629 629 670 diligentia,
646 628 780 677 consilio,
797 628 984 659 auctoritate.

94 675 159 705 Vos
174 674 199 704 51
210 674 287 704 mihi
303 673 343 711 Q.
355 672 513 704 Caecilium
529 671 769 712 anteposueritis,
786 682 842 712 ego
856 681 906 701 me
919 671 986 712 dig-

92 717 187 748 nitate
203 723 378 758 superatum
392 726 454 746 non
469 715 655 746 arbitrabor:
678 715 810 756 populus
825 715 987 745 Romanus

93 771 143 799 ne,
160 767 224 790 tam
238 761 408 797 honestam,
424 764 489 789 tam
510 769 560 789 sev
562 769 656 796 eram,
677 758 916 798 diligentemque
936 768 986 788 ac-

93 803 279 836 cusationem
300 813 399 844 neque
419 802 504 833 vobis
518 802 677 843 placuisse,
694 811 793 843 neque
808 800 906 832 ordini
921 811 987 832 ves-

93 853 140 879 tro
154 847 282 889 placere,
299 846 471 885 arbitretur,
487 844 651 887 providete.
