1181 1902
163 39 226 69 826
347 38 398 69 IN
422 38 618 70 VERREM
644 38 704 69 IV.
729 38 812 69 CAP.
830 39 881 69 40.

163 124 240 155 lucri
261 124 430 155 decumano
452 124 618 155 darentur?
654 124 701 155 At
722 134 890 166 permagno
911 123 1057 155 decumas

164 168 230 207 ejus
246 168 310 208 agri
326 168 458 198 vendidi.
490 167 639 198 Videlicet
651 168 807 208 gloriatur,
824 178 885 198 non
902 167 1055 208 Turpioni

162 210 283 240 lucrum
293 211 411 247 datum,
426 210 476 240 sed
493 209 623 241 Petrinis
638 211 797 251 pecuniam
811 217 954 251 ereptam.

208 253 279 283 XL.
298 253 383 291 Quid
396 255 409 284 Ρ
428 253 625 294 Halicyenses
641 257 784 294 (quorum
799 254 904 284 incolae
913 253 1057 283 decumas

164 295 249 334 dant,
267 296 324 336 ipsi
340 307 426 336 agros
441 297 593 326 immunes
616 296 741 333 habent)
758 307 858 327 nonne
875 296 945 326 huic
957 297 1055 327 eidem

164 339 327 380 Turpioni,
355 349 425 369 cum
449 340 584 369 decumae
610 339 626 355 *
641 341 676 369 C.
702 340 781 370 med.
810 340 971 376 venissent,
998 340 1055 370 HS

163 383 227 413 XV
242 383 278 412 M
296 382 367 412 dare
382 383 474 412 coacti
490 384 584 413 sunt?
620 383 652 413 Si
675 382 717 419 id,
740 383 822 423 quod
842 383 978 412 maxime
999 383 1058 421 vis,

162 436 262 466 posses
278 427 415 466 probare,
432 425 496 456 haec
511 425 550 455 ad
567 425 750 455 decumanos
765 426 850 456 lucra
866 426 991 462 venisse,
1008 425 1056 455 ni-

163 469 207 498 hil
223 474 252 499 te
268 468 420 508 attigisse;
444 474 546 498 tamen
570 468 618 498 hae
642 468 788 508 pecuniae,
814 479 867 509 per
883 468 944 498 vim
966 474 1060 509 atque

163 511 306 551 injuriam
332 517 417 541 tuam
442 517 537 551 captae
567 517 596 541 et
622 511 798 547 conciliatae,
824 511 879 541 tibi
905 511 1004 540 fraudi
1029 518 1060 541 et

163 554 352 584 damnationi
368 565 429 584 esse
441 554 592 596 deberent.
618 554 698 584 Cum
712 565 781 584 vero
793 554 849 584 hoc
866 554 980 584 nemini
990 565 1058 594 per-

162 597 288 627 suadere
303 597 408 637 possis,
422 603 452 626 te
467 603 530 626 tam
543 603 694 627 amentem
711 597 813 633 fuisse,
831 603 866 627 ut
881 597 1058 637 Apronium

162 640 407 681 ac'l‘urpionem,
419 650 517 670 servos
529 640 677 675 homines,
692 646 744 669 tuo
754 640 980 680 liberorumque
991 646 1060 669 tuo-

162 693 294 723 rumque
327 683 459 724 periculo
483 682 590 712 divites
614 683 678 712 fieri
702 683 813 719 velles;
845 683 1058 713 dubitaturum

163 736 350 767 quemquam
372 725 538 762 existimas,
560 726 635 766 quin
658 726 719 755 illis
740 725 901 756 emissariis
920 726 984 756 haec
1003 726 1060 756 tibi

163 769 262 799 omnis
277 768 406 809 pecunia
421 768 548 809 quaesita
563 769 601 798 sit
612 770 626 798 Ρ

207 813 362 852 Segestam
381 811 454 840 item
480 811 518 841 ad
542 811 713 841 immunem
738 810 888 841 civitatem
907 811 1060 842 Venerius

164 854 367 895 Symmachus
383 853 570 884 decumanus
586 853 770 883 immittitur.
796 854 828 884 Is
838 855 876 883 ab
889 853 944 883 isto
955 854 1059 885 literas

164 898 261 934 affert,
280 903 313 927 ut
327 897 395 932 sibi,
413 902 516 927 contra
531 897 635 927 onmia
650 897 933 934 senatus-consulta,
955 903 1060 927 contra

163 941 266 971 omnia
279 941 360 979 jura,
377 946 541 980 contraque
555 940 654 980 legem
667 940 839 980 Rupiliam,
857 945 941 969 extra
956 939 1058 969 forum

163 983 373 1014 vadimonium
384 982 563 1023 promittant
572 988 711 1013 aratores.
734 982 852 1013 Audite
860 982 972 1021 literas,
981 993 1059 1023 quas

164 1027 203 1058 ad
219 1029 397 1067 Segestanos
412 1025 536 1055 miserit.

440 1069 568 1103 (Literoe
587 1069 622 1099 C.
646 1069 777 1105 Verris.)

208 1112 270 1143 Hic
282 1110 432 1143 Venerius
450 1111 709 1152 quemadmodum
726 1116 855 1141 aratores
872 1110 1003 1148 eluserit,
1020 1121 1058 1142 ex

163 1155 227 1186 una
239 1155 376 1196 pactione
390 1155 522 1184 hominis
536 1155 654 1185 honesti
669 1154 851 1195 gratiosique
867 1154 1035 1195 cognoscite
1047 1165 1056 1184 :

165 1199 197 1229 in
210 1198 316 1229 eodem
328 1197 409 1228 enim
422 1208 530 1237 genere
546 1203 617 1227 sunt
632 1203 746 1228 caetera.

207 1241 330 1272 Diocles
345 1247 389 1271 est
402 1240 648 1277 Panormitanus,
664 1240 788 1270 Phimes
799 1239 989 1280 cognomine,
1003 1239 1060 1270 ho-

166 1295 218 1315 mo
230 1283 365 1321 illustris,
375 1294 408 1313 ac
417 1284 526 1313 nobilis
536 1282 676 1324 [arator]
703 1284 734 1313 Is
744 1294 850 1323 agrum
860 1283 888 1312 in
897 1285 1061 1322 Segestano

165 1331 252 1362 (nam
268 1326 483 1358 commercium
496 1327 526 1356 in
544 1337 578 1357 eo
593 1337 666 1366 agro
682 1326 906 1356 Panormitanis
916 1332 973 1361 est)
987 1336 1059 1355 con-

164 1371 292 1401 ductum
307 1370 438 1400 habebat
452 1370 507 1399 Hs
518 1380 570 1399 sex
586 1369 731 1399 millibus.
758 1369 818 1398 Pro
834 1367 974 1404 decuma,
987 1379 1058 1399 cum

164 1413 301 1454 pulsatus
317 1424 335 1442 a
347 1412 479 1443 Venerio
495 1418 580 1448 esset,
594 1412 704 1442 decidit
720 1412 776 1442 HS
789 1412 871 1442 XVI
883 1411 1019 1442 millibus
1030 1417 1060 1442 et

166 1456 345 1487 DCLIIII.
371 1455 409 1485 Id
425 1466 462 1485 ex
476 1455 585 1485 tabulis
601 1455 694 1495 ipsius
710 1455 886 1495 cognoscite.

339 1500 478 1532 (Noml’n
496 1500 616 1528 Dioclis
634 1499 879 1532 I’anoronittmi.)

210 1542 294 1572 Huic
304 1542 401 1571 eidem
410 1541 594 1582 Symmacho
600 1541 740 1571 Anneius
750 1541 915 1577 Brocchus,
925 1546 1055 1580 senator,

166 1585 258 1616 homo
268 1595 302 1615 eo
314 1584 483 1624 splendore,
495 1584 530 1614 ea
542 1584 662 1621 virtute,
675 1584 736 1624 qua
748 1594 852 1614 omnes
865 1583 1057 1621 existimatis,

167 1638 311 1658 nummos
326 1633 434 1668 praeter
449 1627 637 1657 frumentum
650 1633 769 1657 coactus
785 1632 828 1657 est
843 1627 923 1656 dare.
958 1627 1059 1657 vene-

165 1671 250 1701 rione
262 1681 357 1707 servo,
374 1676 402 1700 te
418 1676 554 1710 praetore,
571 1670 640 1702 talis
655 1669 711 1710 vir,
728 1675 846 1701 senator
861 1669 967 1712 populi
991 1670 1058 1701 Ro-

166 1714 262 1753 mani,
275 1713 404 1755 quaestui
418 1713 477 1744 fuit
486 1713 500 1742 ἲ
