<?xml version="1.0" encoding="UTF-8"?>
<!DOCTYPE html PUBLIC "-//W3C//DTD XHTML 1.0 Transitional//EN"
    "http://www.w3.org/TR/xhtml1/DTD/xhtml1-transitional.dtd">
<html xmlns="http://www.w3.org/1999/xhtml" xml:lang="en" lang="en">
 <head>
  <title>
</title>
<meta http-equiv="Content-Type" content="text/html;charset=utf-8" />
  <meta name='ocr-system' content='tesseract 3.04.00' />
  <meta name='ocr-capabilities' content='ocr_page ocr_carea ocr_par ocr_line ocrx_word'/>
</head>
<body>
  <div class='ocr_page' id='page_1' title='image "./operaern05ciceuoft_0259.png"; bbox 0 0 1181 1902; ppageno 0'>
   <div class='ocr_carea' id='block_1_1' title="bbox 0 963 5 1871">
    <p class='ocr_par' dir='ltr' id='par_1_1' title="bbox 0 963 5 1871">
     <span class='ocr_line' id='line_1_1' title="bbox 0 963 5 1871; baseline 0 0"><span class='ocrx_word' id='word_1_1' title='bbox 0 963 5 1871; x_wconf 95' lang='lat' dir='ltr'><strong> </strong></span> 
     </span>
    </p>
   </div>
   <div class='ocr_carea' id='block_1_2' title="bbox 305 65 1000 100">
    <p class='ocr_par' dir='ltr' id='par_1_2' title="bbox 305 65 1000 100">
     <span class='ocr_line' id='line_1_2' title="bbox 305 65 1000 100; baseline -0.01 0"><span class='ocrx_word' id='word_1_2' title='bbox 305 69 354 100; x_wconf 89' lang='lat' dir='ltr'><strong>IN</strong></span> <span class='ocrx_word' id='word_1_3' title='bbox 381 69 575 100; x_wconf 73' lang='lat' dir='ltr'><strong>VERREM</strong></span> <span class='ocrx_word' id='word_1_4' title='bbox 601 69 665 98; x_wconf 88' lang='lat'><em>111.</em></span> <span class='ocrx_word' id='word_1_5' title='bbox 689 67 838 98; x_wconf 66' lang='lat' dir='ltr'><strong>CA1›.36.</strong></span> <span class='ocrx_word' id='word_1_6' title='bbox 938 65 1000 100; x_wconf 77' lang='lat'><strong>247</strong></span> 
     </span>
    </p>
   </div>
   <div class='ocr_carea' id='block_1_3' title="bbox 87 150 999 1788">
    <p class='ocr_par' dir='ltr' id='par_1_3' title="bbox 87 150 999 1788">
     <span class='ocr_line' id='line_1_3' title="bbox 110 150 998 197; baseline -0.008 -11"><span class='ocrx_word' id='word_1_7' title='bbox 110 155 183 197; x_wconf 78' lang='lat' dir='ltr'><strong>scite</strong></span> <span class='ocrx_word' id='word_1_8' title='bbox 198 156 276 186; x_wconf 86' lang='lat' dir='ltr'><strong>facta</strong></span> <span class='ocrx_word' id='word_1_9' title='bbox 291 160 321 185; x_wconf 87' lang='lat' dir='ltr'><strong>et</strong></span> <span class='ocrx_word' id='word_1_10' title='bbox 335 160 469 186; x_wconf 86' lang='lat' dir='ltr'><strong>venuste.</strong></span> <span class='ocrx_word' id='word_1_11' title='bbox 515 155 592 185; x_wconf 83' lang='lat' dir='ltr'><strong>Haec</strong></span> <span class='ocrx_word' id='word_1_12' title='bbox 603 161 633 185; x_wconf 88' lang='lat' dir='ltr'><strong>et</strong></span> <span class='ocrx_word' id='word_1_13' title='bbox 643 154 703 184; x_wconf 83' lang='lat' dir='ltr'><strong>alia</strong></span> <span class='ocrx_word' id='word_1_14' title='bbox 714 153 814 193; x_wconf 70' lang='lat' dir='ltr'><strong>Scipio</strong></span> <span class='ocrx_word' id='word_1_15' title='bbox 829 161 890 181; x_wconf 90' lang='lat' dir='ltr'><strong>non</strong></span> <span class='ocrx_word' id='word_1_16' title='bbox 901 150 998 191; x_wconf 85' lang='lat' dir='ltr'><strong>negli-</strong></span> 
     </span>
     <span class='ocr_line' id='line_1_4' title="bbox 109 193 999 246; baseline -0.006 -18"><span class='ocrx_word' id='word_1_17' title='bbox 109 194 216 238; x_wconf 78' lang='lat' dir='ltr'><strong>genter</strong></span> <span class='ocrx_word' id='word_1_18' title='bbox 231 199 390 238; x_wconf 82' lang='lat' dir='ltr'><strong>abjecerat,</strong></span> <span class='ocrx_word' id='word_1_19' title='bbox 407 204 442 228; x_wconf 83' lang='lat' dir='ltr'><strong>ut</strong></span> <span class='ocrx_word' id='word_1_20' title='bbox 455 199 547 228; x_wconf 91' lang='lat' dir='ltr'><strong>homo</strong></span> <span class='ocrx_word' id='word_1_21' title='bbox 565 197 736 246; x_wconf 74' lang='lat' dir='ltr'><strong>intelligens</strong></span> <span class='ocrx_word' id='word_1_22' title='bbox 750 197 860 227; x_wconf 89' lang='lat' dir='ltr'>Verres</span> <span class='ocrx_word' id='word_1_23' title='bbox 881 193 999 224; x_wconf 88' lang='lat' dir='ltr'><strong>auferre</strong></span> 
     </span>
     <span class='ocr_line' id='line_1_5' title="bbox 111 236 997 281; baseline -0.005 -10"><span class='ocrx_word' id='word_1_24' title='bbox 111 247 230 281; x_wconf 83' lang='lat' dir='ltr'><strong>posset;</strong></span> <span class='ocrx_word' id='word_1_25' title='bbox 255 241 306 271; x_wconf 85' lang='lat' dir='ltr'><strong>sed</strong></span> <span class='ocrx_word' id='word_1_26' title='bbox 330 240 537 271; x_wconf 82' lang='lat' dir='ltr'><strong>Thermitanis</strong></span> <span class='ocrx_word' id='word_1_27' title='bbox 559 241 746 271; x_wconf 78' lang='lat' dir='ltr'><strong>restituerat:</strong></span> <span class='ocrx_word' id='word_1_28' title='bbox 772 248 832 269; x_wconf 89' lang='lat' dir='ltr'><strong>non</strong></span> <span class='ocrx_word' id='word_1_29' title='bbox 853 247 914 278; x_wconf 91' lang='lat' dir='ltr'><strong>quo</strong></span> <span class='ocrx_word' id='word_1_30' title='bbox 934 236 997 277; x_wconf 85' lang='lat' dir='ltr'><strong>ipse</strong></span> 
     </span>
     <span class='ocr_line' id='line_1_6' title="bbox 111 278 997 321; baseline -0.006 -8"><span class='ocrx_word' id='word_1_31' title='bbox 111 284 222 321; x_wconf 80' lang='lat' dir='ltr'><strong>hortos,</strong></span> <span class='ocrx_word' id='word_1_32' title='bbox 240 290 293 314; x_wconf 87' lang='lat' dir='ltr'><strong>aut</strong></span> <span class='ocrx_word' id='word_1_33' title='bbox 309 285 530 321; x_wconf 88' lang='lat' dir='ltr'><strong>suburbanum,</strong></span> <span class='ocrx_word' id='word_1_34' title='bbox 547 289 601 313; x_wconf 86' lang='lat' dir='ltr'><strong>aut</strong></span> <span class='ocrx_word' id='word_1_35' title='bbox 619 284 721 313; x_wconf 88' lang='lat' dir='ltr'><strong>locum</strong></span> <span class='ocrx_word' id='word_1_36' title='bbox 741 281 876 317; x_wconf 82' lang='lat' dir='ltr'><strong>omnino,</strong></span> <span class='ocrx_word' id='word_1_37' title='bbox 894 278 947 309; x_wconf 88' lang='lat' dir='ltr'><strong>ubi</strong></span> <span class='ocrx_word' id='word_1_38' title='bbox 962 289 997 309; x_wconf 88' lang='lat' dir='ltr'><strong>ea</strong></span> 
     </span>
     <span class='ocr_line' id='line_1_7' title="bbox 110 322 997 367; baseline -0.005 -11"><span class='ocrx_word' id='word_1_39' title='bbox 110 333 243 367; x_wconf 76' lang='lat' dir='ltr'><strong>poneret,</strong></span> <span class='ocrx_word' id='word_1_40' title='bbox 260 327 382 357; x_wconf 87' lang='lat' dir='ltr'><strong>nullum</strong></span> <span class='ocrx_word' id='word_1_41' title='bbox 397 326 540 362; x_wconf 81' lang='lat' dir='ltr'><strong>haberet;</strong></span> <span class='ocrx_word' id='word_1_42' title='bbox 565 326 628 364; x_wconf 87' lang='lat' dir='ltr'><strong>sed,</strong></span> <span class='ocrx_word' id='word_1_43' title='bbox 641 325 803 356; x_wconf 68' lang='lat' dir='ltr'><strong>sidonium</strong></span> <span class='ocrx_word' id='word_1_44' title='bbox 815 322 997 360; x_wconf 76' lang='lat' dir='ltr'><strong>abstulisset,</strong></span> 
     </span>
     <span class='ocr_line' id='line_1_8' title="bbox 109 366 998 410; baseline -0.005 -11.894"><span class='ocrx_word' id='word_1_45' title='bbox 109 379 169 399; x_wconf 87' lang='lat' dir='ltr'><strong>non</strong></span> <span class='ocrx_word' id='word_1_46' title='bbox 186 370 239 400; x_wconf 81' lang='grc'><strong>(1111</strong></span> <span class='ocrx_word' id='word_1_47' title='bbox 255 369 403 410; x_wconf 75' lang='lat' dir='ltr'>Scipionis</span> <span class='ocrx_word' id='word_1_48' title='bbox 413 369 648 410; x_wconf 77' lang='lat' dir='ltr'><strong>appellarentur,</strong></span> <span class='ocrx_word' id='word_1_49' title='bbox 661 368 712 398; x_wconf 86' lang='lat' dir='ltr'><strong>sed</strong></span> <span class='ocrx_word' id='word_1_50' title='bbox 724 377 840 405; x_wconf 90' lang='lat' dir='ltr'><strong>eorum,</strong></span> <span class='ocrx_word' id='word_1_51' title='bbox 853 366 891 396; x_wconf 89' lang='lat' dir='ltr'><strong>ad</strong></span> <span class='ocrx_word' id='word_1_52' title='bbox 907 375 998 406; x_wconf 76' lang='lat' dir='ltr'><strong>quos-</strong></span> 
     </span>
     <span class='ocr_line' id='line_1_9' title="bbox 108 408 997 454; baseline -0.006 -12"><span class='ocrx_word' id='word_1_53' title='bbox 108 423 135 442; x_wconf 54' lang='lat' dir='ltr'><strong>cr</strong></span> <span class='ocrx_word' id='word_1_54' title='bbox 127 420 240 454; x_wconf 65' lang='lat' dir='ltr'><strong>imque</strong></span> <span class='ocrx_word' id='word_1_55' title='bbox 255 413 348 453; x_wconf 89' lang='lat' dir='ltr'><strong>ipsius</strong></span> <span class='ocrx_word' id='word_1_56' title='bbox 363 419 460 443; x_wconf 82' lang='lat' dir='ltr'><strong>morte</strong></span> <span class='ocrx_word' id='word_1_57' title='bbox 471 412 638 443; x_wconf 86' lang='lat' dir='ltr'><strong>venissent.</strong></span> <span class='ocrx_word' id='word_1_58' title='bbox 664 421 745 441; x_wconf 83' lang='lat' dir='ltr'><strong>nunc</strong></span> <span class='ocrx_word' id='word_1_59' title='bbox 757 410 804 440; x_wconf 88' lang='lat' dir='ltr'><strong>his</strong></span> <span class='ocrx_word' id='word_1_60' title='bbox 815 409 887 440; x_wconf 89' lang='lat' dir='ltr'><strong>locis</strong></span> <span class='ocrx_word' id='word_1_61' title='bbox 899 408 997 448; x_wconf 80' lang='lat' dir='ltr'><strong>posita</strong></span> 
     </span>
     <span class='ocr_line' id='line_1_10' title="bbox 106 451 995 496; baseline -0.005 -11.995"><span class='ocrx_word' id='word_1_62' title='bbox 106 462 188 493; x_wconf 78' lang='lat' dir='ltr'><strong>sunt,</strong></span> <span class='ocrx_word' id='word_1_63' title='bbox 200 463 234 486; x_wconf 90' lang='lat' dir='ltr'><strong>ut</strong></span> <span class='ocrx_word' id='word_1_64' title='bbox 250 456 326 485; x_wconf 88' lang='lat' dir='ltr'><strong>mihi</strong></span> <span class='ocrx_word' id='word_1_65' title='bbox 336 466 453 496; x_wconf 85' lang='lat' dir='ltr'><strong>semper</strong></span> <span class='ocrx_word' id='word_1_66' title='bbox 464 455 612 495; x_wconf 86' lang='lat' dir='ltr'>Scipionis</span> <span class='ocrx_word' id='word_1_67' title='bbox 624 454 687 485; x_wconf 88' lang='lat' dir='ltr'><strong>fore</strong></span> <span class='ocrx_word' id='word_1_68' title='bbox 699 454 867 489; x_wconf 83' lang='lat' dir='ltr'><strong>videantur,</strong></span> <span class='ocrx_word' id='word_1_69' title='bbox 879 451 995 492; x_wconf 85' lang='lat' dir='ltr'><strong>ita-que</strong></span> 
     </span>
     <span class='ocr_line' id='line_1_11' title="bbox 109 498 256 528; baseline 0 0"><span class='ocrx_word' id='word_1_70' title='bbox 109 498 256 528; x_wconf 84' lang='lat' dir='ltr'><strong>dicantur.</strong></span> 
     </span>
     <span class='ocr_line' id='line_1_12' title="bbox 102 541 996 582; baseline -0.006 -10"><span class='ocrx_word' id='word_1_71' title='bbox 102 572 105 574; x_wconf 72' lang='grc'><strong>,</strong></span> <span class='ocrx_word' id='word_1_72' title='bbox 150 541 311 572; x_wconf 83' lang='lat' dir='ltr'>XXXVI.</span> <span class='ocrx_word' id='word_1_73' title='bbox 337 542 414 572; x_wconf 84' lang='lat' dir='ltr'><strong>Haec</strong></span> <span class='ocrx_word' id='word_1_74' title='bbox 433 552 504 572; x_wconf 89' lang='lat' dir='ltr'><strong>cum</strong></span> <span class='ocrx_word' id='word_1_75' title='bbox 518 542 574 571; x_wconf 87' lang='lat' dir='ltr'><strong>iste</strong></span> <span class='ocrx_word' id='word_1_76' title='bbox 588 546 731 582; x_wconf 84' lang='lat' dir='ltr'><strong>posceret,</strong></span> <span class='ocrx_word' id='word_1_77' title='bbox 748 545 946 581; x_wconf 83' lang='lat' dir='ltr'><strong>agereturque</strong></span> <span class='ocrx_word' id='word_1_78' title='bbox 961 548 996 567; x_wconf 84' lang='lat' dir='ltr'><strong>ea</strong></span> 
     </span>
     <span class='ocr_line' id='line_1_13' title="bbox 109 581 996 622; baseline -0.006 -8"><span class='ocrx_word' id='word_1_79' title='bbox 109 594 154 614; x_wconf 84' lang='lat' dir='ltr'><strong>res</strong></span> <span class='ocrx_word' id='word_1_80' title='bbox 169 585 201 614; x_wconf 89' lang='lat' dir='ltr'><strong>in</strong></span> <span class='ocrx_word' id='word_1_81' title='bbox 212 590 328 622; x_wconf 77' lang='lat' dir='ltr'><strong>senatu,</strong></span> <span class='ocrx_word' id='word_1_82' title='bbox 342 585 486 615; x_wconf 86' lang='lat' dir='ltr'><strong>Sthenius</strong></span> <span class='ocrx_word' id='word_1_83' title='bbox 497 584 758 615; x_wconf 86' lang='lat' dir='ltr'><strong>vehementissime</strong></span> <span class='ocrx_word' id='word_1_84' title='bbox 771 582 896 615; x_wconf 81' lang='lat' dir='ltr'><strong>restitit:</strong></span> <span class='ocrx_word' id='word_1_85' title='bbox 914 581 996 610; x_wconf 88' lang='lat' dir='ltr'><strong>mul-</strong></span> 
     </span>
     <span class='ocr_line' id='line_1_14' title="bbox 106 624 995 668; baseline -0.003 -12"><span class='ocrx_word' id='word_1_86' title='bbox 106 634 197 667; x_wconf 82' lang='lat' dir='ltr'><strong>taque</strong></span> <span class='ocrx_word' id='word_1_87' title='bbox 219 632 266 661; x_wconf 81' lang='lat' dir='ltr'><strong>(ut</strong></span> <span class='ocrx_word' id='word_1_88' title='bbox 286 628 316 657; x_wconf 92' lang='lat' dir='ltr'><strong>in</strong></span> <span class='ocrx_word' id='word_1_89' title='bbox 338 628 444 668; x_wconf 89' lang='lat' dir='ltr'><strong>primis</strong></span> <span class='ocrx_word' id='word_1_90' title='bbox 465 627 637 658; x_wconf 83' lang='lat' dir='ltr'><strong>Siculorum</strong></span> <span class='ocrx_word' id='word_1_91' title='bbox 660 627 691 657; x_wconf 91' lang='lat' dir='ltr'><strong>in</strong></span> <span class='ocrx_word' id='word_1_92' title='bbox 712 625 838 656; x_wconf 87' lang='lat' dir='ltr'><strong>dicendo</strong></span> <span class='ocrx_word' id='word_1_93' title='bbox 857 624 995 665; x_wconf 84' lang='lat' dir='ltr'><strong>copiosus</strong></span> 
     </span>
     <span class='ocr_line' id='line_1_15' title="bbox 105 668 995 711; baseline -0.003 -12"><span class='ocrx_word' id='word_1_94' title='bbox 105 677 163 707; x_wconf 77' lang='lat' dir='ltr'><strong>est)</strong></span> <span class='ocrx_word' id='word_1_95' title='bbox 179 671 447 701; x_wconf 78' lang='lat' dir='ltr'><strong>commemoravit:</strong></span> <span class='ocrx_word' id='word_1_96' title='bbox 472 672 579 700; x_wconf 73' lang='lat' dir='ltr'><strong>urbem</strong></span> <span class='ocrx_word' id='word_1_97' title='bbox 594 670 764 711; x_wconf 87' lang='lat' dir='ltr'><strong>relinquere</strong></span> <span class='ocrx_word' id='word_1_98' title='bbox 778 668 995 699; x_wconf 77' lang='lat' dir='ltr'><strong>Thermitanos</strong></span> 
     </span>
     <span class='ocr_line' id='line_1_16' title="bbox 104 710 995 754; baseline -0.003 -12"><span class='ocrx_word' id='word_1_99' title='bbox 104 724 167 743; x_wconf 79' lang='lat' dir='ltr'><strong>esse</strong></span> <span class='ocrx_word' id='word_1_100' title='bbox 182 713 346 751; x_wconf 80' lang='lat' dir='ltr'><strong>honestius,</strong></span> <span class='ocrx_word' id='word_1_101' title='bbox 364 724 458 754; x_wconf 86' lang='lat' dir='ltr'><strong>quam</strong></span> <span class='ocrx_word' id='word_1_102' title='bbox 475 713 550 753; x_wconf 88' lang='lat' dir='ltr'><strong>pati,</strong></span> <span class='ocrx_word' id='word_1_103' title='bbox 567 713 633 743; x_wconf 84' lang='lat' dir='ltr'><strong>tolli</strong></span> <span class='ocrx_word' id='word_1_104' title='bbox 654 723 691 743; x_wconf 83' lang='lat' dir='ltr'><strong>ex</strong></span> <span class='ocrx_word' id='word_1_105' title='bbox 712 713 786 742; x_wconf 87' lang='lat' dir='ltr'><strong>urbe</strong></span> <span class='ocrx_word' id='word_1_106' title='bbox 806 710 995 741; x_wconf 82' lang='lat' dir='ltr'><strong>monimenta</strong></span> 
     </span>
     <span class='ocr_line' id='line_1_17' title="bbox 99 753 992 797; baseline -0.003 -12"><span class='ocrx_word' id='word_1_107' title='bbox 99 757 268 795; x_wconf 83' lang='lat' dir='ltr'><strong>majorum,</strong></span> <span class='ocrx_word' id='word_1_108' title='bbox 294 757 390 797; x_wconf 85' lang='lat' dir='ltr'><strong>spolia</strong></span> <span class='ocrx_word' id='word_1_109' title='bbox 408 757 554 794; x_wconf 84' lang='lat' dir='ltr'><strong>hostium,</strong></span> <span class='ocrx_word' id='word_1_110' title='bbox 580 756 725 786; x_wconf 86' lang='lat' dir='ltr'><strong>beneficia</strong></span> <span class='ocrx_word' id='word_1_111' title='bbox 744 753 900 785; x_wconf 82' lang='lat' dir='ltr'><strong>clarissimi</strong></span> <span class='ocrx_word' id='word_1_112' title='bbox 924 753 992 789; x_wconf 71' lang='lat' dir='ltr'><strong>vrri,</strong></span> 
     </span>
     <span class='ocr_line' id='line_1_18' title="bbox 103 796 992 840; baseline -0.001 -13"><span class='ocrx_word' id='word_1_113' title='bbox 103 799 215 829; x_wconf 85' lang='lat' dir='ltr'><strong>indicia</strong></span> <span class='ocrx_word' id='word_1_114' title='bbox 244 800 390 830; x_wconf 78' lang='lat' dir='ltr'><strong>societatis</strong></span> <span class='ocrx_word' id='word_1_115' title='bbox 419 799 526 840; x_wconf 90' lang='lat' dir='ltr'><strong>populi</strong></span> <span class='ocrx_word' id='word_1_116' title='bbox 555 799 690 830; x_wconf 85' lang='lat' dir='ltr'><strong>Romani</strong></span> <span class='ocrx_word' id='word_1_117' title='bbox 722 804 814 839; x_wconf 91' lang='lat' dir='ltr'><strong>atque</strong></span> <span class='ocrx_word' id='word_1_118' title='bbox 842 796 992 827; x_wconf 80' lang='lat' dir='ltr'><strong>amicitiae.</strong></span> 
     </span>
     <span class='ocr_line' id='line_1_19' title="bbox 106 842 991 883; baseline -0.002 -12"><span class='ocrx_word' id='word_1_119' title='bbox 106 842 259 872; x_wconf 77' lang='lat' dir='ltr'><strong>Commoti</strong></span> <span class='ocrx_word' id='word_1_120' title='bbox 281 843 377 873; x_wconf 85' lang='lat' dir='ltr'><strong>animi</strong></span> <span class='ocrx_word' id='word_1_121' title='bbox 397 849 468 873; x_wconf 88' lang='lat' dir='ltr'><strong>sunt</strong></span> <span class='ocrx_word' id='word_1_122' title='bbox 486 842 645 872; x_wconf 81' lang='lat' dir='ltr'><strong>omnium.</strong></span> <span class='ocrx_word' id='word_1_123' title='bbox 670 848 805 883; x_wconf 83' lang='lat' dir='ltr'><strong>repertus</strong></span> <span class='ocrx_word' id='word_1_124' title='bbox 826 846 870 871; x_wconf 87' lang='lat' dir='ltr'><strong>est</strong></span> <span class='ocrx_word' id='word_1_125' title='bbox 890 849 991 878; x_wconf 88' lang='lat' dir='ltr'><strong>nemo,</strong></span> 
     </span>
     <span class='ocr_line' id='line_1_20' title="bbox 106 882 994 933; baseline -0.002 -18"><span class='ocrx_word' id='word_1_126' title='bbox 106 886 179 925; x_wconf 84' lang='lat' dir='ltr'><strong>quin</strong></span> <span class='ocrx_word' id='word_1_127' title='bbox 206 886 284 916; x_wconf 81' lang='lat' dir='ltr'><strong>mori</strong></span> <span class='ocrx_word' id='word_1_128' title='bbox 309 886 420 916; x_wconf 81' lang='lat' dir='ltr'><strong>diceret</strong></span> <span class='ocrx_word' id='word_1_129' title='bbox 446 886 539 916; x_wconf 88' lang='lat' dir='ltr'><strong>satius</strong></span> <span class='ocrx_word' id='word_1_130' title='bbox 565 895 636 916; x_wconf 86' lang='lat' dir='ltr'><strong>esse.</strong></span> <span class='ocrx_word' id='word_1_131' title='bbox 676 886 786 933; x_wconf 78' lang='lat' dir='ltr'><strong>Itaque</strong></span> <span class='ocrx_word' id='word_1_132' title='bbox 811 883 868 914; x_wconf 89' lang='lat' dir='ltr'><strong>hoc</strong></span> <span class='ocrx_word' id='word_1_133' title='bbox 893 882 994 913; x_wconf 84' lang='lat' dir='ltr'><strong>adhuc</strong></span> 
     </span>
     <span class='ocr_line' id='line_1_21' title="bbox 105 928 986 969; baseline -0.002 -12"><span class='ocrx_word' id='word_1_134' title='bbox 105 929 253 969; x_wconf 83' lang='lat' dir='ltr'><strong>oppidum</strong></span> <span class='ocrx_word' id='word_1_135' title='bbox 271 929 380 959; x_wconf 86' lang='lat' dir='ltr'><strong>Verres</strong></span> <span class='ocrx_word' id='word_1_136' title='bbox 395 929 511 959; x_wconf 84' lang='lat' dir='ltr'><strong>invenit</strong></span> <span class='ocrx_word' id='word_1_137' title='bbox 530 939 625 969; x_wconf 89' lang='lat' dir='ltr'><strong>prope</strong></span> <span class='ocrx_word' id='word_1_138' title='bbox 644 929 744 958; x_wconf 89' lang='lat' dir='ltr'><strong>solum</strong></span> <span class='ocrx_word' id='word_1_139' title='bbox 764 928 795 957; x_wconf 90' lang='lat' dir='ltr'><strong>in</strong></span> <span class='ocrx_word' id='word_1_140' title='bbox 813 929 884 958; x_wconf 89' lang='lat' dir='ltr'><strong>orbe</strong></span> <span class='ocrx_word' id='word_1_141' title='bbox 900 932 986 956; x_wconf 81' lang='lat' dir='ltr'><strong>terra</strong></span> 
     </span>
     <span class='ocr_line' id='line_1_22' title="bbox 105 969 991 1011; baseline -0.003 -10"><span class='ocrx_word' id='word_1_142' title='bbox 105 982 186 1009; x_wconf 86' lang='lat' dir='ltr'><strong>rum,</strong></span> <span class='ocrx_word' id='word_1_143' title='bbox 204 972 284 1002; x_wconf 82' lang='lat' dir='ltr'><strong>unde</strong></span> <span class='ocrx_word' id='word_1_144' title='bbox 299 972 376 1002; x_wconf 82' lang='lat' dir='ltr'><strong>nihil</strong></span> <span class='ocrx_word' id='word_1_145' title='bbox 391 971 541 1011; x_wconf 87' lang='lat' dir='ltr'><strong>ejusmodi</strong></span> <span class='ocrx_word' id='word_1_146' title='bbox 552 981 654 1002; x_wconf 87' lang='lat' dir='ltr'><strong>rerum</strong></span> <span class='ocrx_word' id='word_1_147' title='bbox 666 971 703 1001; x_wconf 89' lang='lat' dir='ltr'><strong>de</strong></span> <span class='ocrx_word' id='word_1_148' title='bbox 714 971 837 1011; x_wconf 84' lang='lat' dir='ltr'><strong>publico</strong></span> <span class='ocrx_word' id='word_1_149' title='bbox 851 981 905 1011; x_wconf 90' lang='lat' dir='ltr'><strong>per</strong></span> <span class='ocrx_word' id='word_1_150' title='bbox 917 969 991 1007; x_wconf 85' lang='lat' dir='ltr'><strong>vim,</strong></span> 
     </span>
     <span class='ocr_line' id='line_1_23' title="bbox 106 1012 992 1055; baseline 0 -11"><span class='ocrx_word' id='word_1_151' title='bbox 106 1015 182 1044; x_wconf 88' lang='lat' dir='ltr'><strong>nihil</strong></span> <span class='ocrx_word' id='word_1_152' title='bbox 198 1015 323 1052; x_wconf 74' lang='lat' dir='ltr'><strong>occulte,</strong></span> <span class='ocrx_word' id='word_1_153' title='bbox 340 1015 417 1044; x_wconf 86' lang='lat' dir='ltr'>nihil</span> <span class='ocrx_word' id='word_1_154' title='bbox 432 1014 571 1055; x_wconf 88' lang='lat' dir='ltr'><strong>imperio,</strong></span> <span class='ocrx_word' id='word_1_155' title='bbox 588 1014 664 1044; x_wconf 76' lang='lat' dir='ltr'><strong>nihil</strong></span> <span class='ocrx_word' id='word_1_156' title='bbox 683 1014 792 1055; x_wconf 67' lang='lat' dir='ltr'><strong>gratia,</strong></span> <span class='ocrx_word' id='word_1_157' title='bbox 811 1012 905 1052; x_wconf 90' lang='lat' dir='ltr'><strong>[nihil</strong></span> <span class='ocrx_word' id='word_1_158' title='bbox 924 1023 992 1053; x_wconf 84' lang='lat' dir='ltr'><strong>pre-</strong></span> 
     </span>
     <span class='ocr_line' id='line_1_24' title="bbox 105 1056 994 1098; baseline -0.002 -11"><span class='ocrx_word' id='word_1_159' title='bbox 105 1058 175 1098; x_wconf 88' lang='lat' dir='ltr'><strong>tio,]</strong></span> <span class='ocrx_word' id='word_1_160' title='bbox 192 1064 290 1098; x_wconf 79' lang='lat' dir='ltr'><strong>posset</strong></span> <span class='ocrx_word' id='word_1_161' title='bbox 305 1058 431 1088; x_wconf 86' lang='lat' dir='ltr'><strong>auferre.</strong></span> <span class='ocrx_word' id='word_1_162' title='bbox 455 1058 678 1088; x_wconf 87' lang='lat' dir='ltr'><strong>Verumtamen</strong></span> <span class='ocrx_word' id='word_1_163' title='bbox 693 1057 781 1087; x_wconf 87' lang='lat' dir='ltr'><strong>hasce</strong></span> <span class='ocrx_word' id='word_1_164' title='bbox 800 1056 894 1095; x_wconf 89' lang='lat' dir='ltr'><strong>hujus</strong></span> <span class='ocrx_word' id='word_1_165' title='bbox 909 1057 994 1097; x_wconf 89' lang='lat' dir='ltr'><strong>cupi-</strong></span> 
     </span>
     <span class='ocr_line' id='line_1_25' title="bbox 104 1099 993 1141; baseline -0.002 -11"><span class='ocrx_word' id='word_1_166' title='bbox 104 1101 211 1131; x_wconf 85' lang='lat' dir='ltr'><strong>ditates</strong></span> <span class='ocrx_word' id='word_1_167' title='bbox 224 1111 374 1141; x_wconf 80' lang='lat' dir='ltr'><strong>exponam</strong></span> <span class='ocrx_word' id='word_1_168' title='bbox 389 1101 448 1131; x_wconf 86' lang='lat' dir='ltr'><strong>alio</strong></span> <span class='ocrx_word' id='word_1_169' title='bbox 462 1101 547 1131; x_wconf 90' lang='lat' dir='ltr'><strong>loco:</strong></span> <span class='ocrx_word' id='word_1_170' title='bbox 572 1110 654 1131; x_wconf 91' lang='lat' dir='ltr'><strong>nunc</strong></span> <span class='ocrx_word' id='word_1_171' title='bbox 668 1100 707 1130; x_wconf 87' lang='lat' dir='ltr'><strong>ad</strong></span> <span class='ocrx_word' id='word_1_172' title='bbox 717 1099 879 1131; x_wconf 85' lang='lat' dir='ltr'><strong>Sthenium</strong></span> <span class='ocrx_word' id='word_1_173' title='bbox 895 1109 993 1129; x_wconf 86' lang='lat' dir='ltr'><strong>rever-</strong></span> 
     </span>
     <span class='ocr_line' id='line_1_26' title="bbox 105 1143 993 1185; baseline -0.002 -11"><span class='ocrx_word' id='word_1_174' title='bbox 105 1150 158 1174; x_wconf 88' lang='lat' dir='ltr'><strong>tar.</strong></span> <span class='ocrx_word' id='word_1_175' title='bbox 184 1144 293 1185; x_wconf 86' lang='lat' dir='ltr'><strong>Itaque</strong></span> <span class='ocrx_word' id='word_1_176' title='bbox 308 1144 375 1181; x_wconf 85' lang='lat' dir='ltr'><strong>iste,</strong></span> <span class='ocrx_word' id='word_1_177' title='bbox 387 1144 579 1174; x_wconf 90' lang='lat' dir='ltr'><strong>vehementer</strong></span> <span class='ocrx_word' id='word_1_178' title='bbox 591 1143 717 1174; x_wconf 82' lang='lat' dir='ltr'><strong>Sthenio</strong></span> <span class='ocrx_word' id='word_1_179' title='bbox 732 1143 878 1181; x_wconf 87' lang='lat' dir='ltr'><strong>infensus,</strong></span> <span class='ocrx_word' id='word_1_180' title='bbox 891 1143 993 1183; x_wconf 88' lang='lat' dir='ltr'><strong>hospi-</strong></span> 
     </span>
     <span class='ocr_line' id='line_1_27' title="bbox 105 1186 994 1227; baseline -0.001 -10"><span class='ocrx_word' id='word_1_181' title='bbox 105 1187 182 1217; x_wconf 83' lang='lat' dir='ltr'><strong>tium</strong></span> <span class='ocrx_word' id='word_1_182' title='bbox 205 1187 232 1217; x_wconf 91' lang='lat' dir='ltr'><strong>ei</strong></span> <span class='ocrx_word' id='word_1_183' title='bbox 254 1187 425 1217; x_wconf 84' lang='lat' dir='ltr'><strong>renuntiat:</strong></span> <span class='ocrx_word' id='word_1_184' title='bbox 450 1187 541 1217; x_wconf 88' lang='lat' dir='ltr'><strong>domo</strong></span> <span class='ocrx_word' id='word_1_185' title='bbox 559 1187 624 1226; x_wconf 87' lang='lat' dir='ltr'><strong>ejus</strong></span> <span class='ocrx_word' id='word_1_186' title='bbox 644 1187 783 1227; x_wconf 85' lang='lat' dir='ltr'><strong>emigrat,</strong></span> <span class='ocrx_word' id='word_1_187' title='bbox 805 1193 896 1227; x_wconf 90' lang='lat' dir='ltr'><strong>atque</strong></span> <span class='ocrx_word' id='word_1_188' title='bbox 918 1186 994 1216; x_wconf 90' lang='lat' dir='ltr'><strong>adeo</strong></span> 
     </span>
     <span class='ocr_line' id='line_1_28' title="bbox 104 1228 994 1271; baseline -0.001 -11"><span class='ocrx_word' id='word_1_189' title='bbox 104 1230 187 1260; x_wconf 77' lang='lat' dir='ltr'><strong>exit:</strong></span> <span class='ocrx_word' id='word_1_190' title='bbox 213 1240 284 1260; x_wconf 83' lang='lat' dir='ltr'><strong>nam</strong></span> <span class='ocrx_word' id='word_1_191' title='bbox 301 1232 366 1270; x_wconf 89' lang='lat' dir='ltr'><strong>jam</strong></span> <span class='ocrx_word' id='word_1_192' title='bbox 385 1236 455 1260; x_wconf 87' lang='lat' dir='ltr'><strong>ante</strong></span> <span class='ocrx_word' id='word_1_193' title='bbox 474 1230 629 1271; x_wconf 61' lang='lat' dir='ltr'><strong>migrarat.</strong></span> <span class='ocrx_word' id='word_1_194' title='bbox 661 1229 747 1260; x_wconf 88' lang='lat' dir='ltr'><strong>Eum</strong></span> <span class='ocrx_word' id='word_1_195' title='bbox 767 1235 870 1260; x_wconf 89' lang='lat' dir='ltr'><strong>autem</strong></span> <span class='ocrx_word' id='word_1_196' title='bbox 890 1228 994 1259; x_wconf 90' lang='lat' dir='ltr'><strong>inimi-</strong></span> 
     </span>
     <span class='ocr_line' id='line_1_29' title="bbox 103 1272 993 1311; baseline -0.001 -8"><span class='ocrx_word' id='word_1_197' title='bbox 103 1273 215 1303; x_wconf 82' lang='lat' dir='ltr'><strong>cissimi</strong></span> <span class='ocrx_word' id='word_1_198' title='bbox 228 1273 348 1304; x_wconf 79' lang='lat' dir='ltr'><strong>Sthenii</strong></span> <span class='ocrx_word' id='word_1_199' title='bbox 363 1273 490 1303; x_wconf 88' lang='lat' dir='ltr'><strong>domum</strong></span> <span class='ocrx_word' id='word_1_200' title='bbox 505 1284 593 1303; x_wconf 88' lang='lat' dir='ltr'><strong>suam</strong></span> <span class='ocrx_word' id='word_1_201' title='bbox 608 1273 709 1303; x_wconf 85' lang='lat' dir='ltr'><strong>statim</strong></span> <span class='ocrx_word' id='word_1_202' title='bbox 724 1273 864 1311; x_wconf 89' lang='lat' dir='ltr'><strong>invitant,</strong></span> <span class='ocrx_word' id='word_1_203' title='bbox 878 1278 913 1303; x_wconf 93' lang='lat' dir='ltr'><strong>ut</strong></span> <span class='ocrx_word' id='word_1_204' title='bbox 927 1272 993 1302; x_wconf 89' lang='lat' dir='ltr'><strong>ani-</strong></span> 
     </span>
     <span class='ocr_line' id='line_1_30' title="bbox 104 1315 992 1356; baseline 0.002 -10"><span class='ocrx_word' id='word_1_205' title='bbox 104 1326 191 1346; x_wconf 88' lang='lat' dir='ltr'><strong>mum</strong></span> <span class='ocrx_word' id='word_1_206' title='bbox 215 1317 279 1356; x_wconf 89' lang='lat' dir='ltr'><strong>ejus</strong></span> <span class='ocrx_word' id='word_1_207' title='bbox 300 1317 332 1346; x_wconf 90' lang='lat' dir='ltr'><strong>in</strong></span> <span class='ocrx_word' id='word_1_208' title='bbox 355 1317 518 1347; x_wconf 83' lang='lat' dir='ltr'><strong>Sthenium</strong></span> <span class='ocrx_word' id='word_1_209' title='bbox 539 1317 776 1354; x_wconf 88' lang='lat' dir='ltr'><strong>inflammarent,</strong></span> <span class='ocrx_word' id='word_1_210' title='bbox 800 1315 992 1348; x_wconf 84' lang='lat' dir='ltr'><strong>ementiendo</strong></span> 
     </span>
     <span class='ocr_line' id='line_1_31' title="bbox 103 1358 989 1400; baseline 0 -11"><span class='ocrx_word' id='word_1_211' title='bbox 103 1359 220 1400; x_wconf 84' lang='lat' dir='ltr'><strong>aliquid</strong></span> <span class='ocrx_word' id='word_1_212' title='bbox 244 1366 273 1390; x_wconf 91' lang='lat' dir='ltr'><strong>et</strong></span> <span class='ocrx_word' id='word_1_213' title='bbox 299 1360 495 1391; x_wconf 88' lang='lat' dir='ltr'><strong>criminando.</strong></span> <span class='ocrx_word' id='word_1_214' title='bbox 530 1359 576 1389; x_wconf 86' lang='lat' dir='ltr'><strong>Hi</strong></span> <span class='ocrx_word' id='word_1_215' title='bbox 599 1366 701 1390; x_wconf 83' lang='lat' dir='ltr'><strong>autem</strong></span> <span class='ocrx_word' id='word_1_216' title='bbox 729 1364 813 1390; x_wconf 82' lang='lat' dir='ltr'><strong>erant</strong></span> <span class='ocrx_word' id='word_1_217' title='bbox 840 1358 989 1400; x_wconf 86' lang='lat' dir='ltr'><strong>[inimici]</strong></span> 
     </span>
     <span class='ocr_line' id='line_1_32' title="bbox 103 1402 993 1443; baseline 0 -11"><span class='ocrx_word' id='word_1_218' title='bbox 103 1402 290 1443; x_wconf 80' lang='lat' dir='ltr'><strong>Agathinus,</strong></span> <span class='ocrx_word' id='word_1_219' title='bbox 306 1403 398 1433; x_wconf 86' lang='lat' dir='ltr'><strong>homo</strong></span> <span class='ocrx_word' id='word_1_220' title='bbox 413 1403 534 1440; x_wconf 89' lang='lat' dir='ltr'><strong>nobilis,</strong></span> <span class='ocrx_word' id='word_1_221' title='bbox 550 1409 580 1432; x_wconf 88' lang='lat' dir='ltr'><strong>et</strong></span> <span class='ocrx_word' id='word_1_222' title='bbox 592 1402 775 1439; x_wconf 86' lang='lat' dir='ltr'><strong>Dorotheus,</strong></span> <span class='ocrx_word' id='word_1_223' title='bbox 792 1403 846 1443; x_wconf 93' lang='lat' dir='ltr'><strong>qui</strong></span> <span class='ocrx_word' id='word_1_224' title='bbox 860 1403 993 1433; x_wconf 81' lang='lat' dir='ltr'><strong>habebat</strong></span> 
     </span>
     <span class='ocr_line' id='line_1_33' title="bbox 92 1445 992 1486; baseline 0.001 -12"><span class='ocrx_word' id='word_1_225' title='bbox 92 1446 133 1481; x_wconf 39' lang='lat' dir='ltr'><strong>,in</strong></span> <span class='ocrx_word' id='word_1_226' title='bbox 150 1446 343 1476; x_wconf 81' lang='lat' dir='ltr'><strong>matrimonio</strong></span> <span class='ocrx_word' id='word_1_227' title='bbox 359 1446 574 1484; x_wconf 76' lang='lat' dir='ltr'><strong>Callidamam,</strong></span> <span class='ocrx_word' id='word_1_228' title='bbox 587 1445 739 1486; x_wconf 80' lang='lat' dir='ltr'><strong>Agathini</strong></span> <span class='ocrx_word' id='word_1_229' title='bbox 753 1446 818 1484; x_wconf 88' lang='lat' dir='ltr'><strong>ejus</strong></span> <span class='ocrx_word' id='word_1_230' title='bbox 833 1445 940 1483; x_wconf 88' lang='lat' dir='ltr'><strong>filiam,</strong></span> <span class='ocrx_word' id='word_1_231' title='bbox 953 1446 992 1476; x_wconf 91' lang='lat' dir='ltr'><strong>de</strong></span> 
     </span>
     <span class='ocr_line' id='line_1_34' title="bbox 103 1488 992 1530; baseline 0 -12"><span class='ocrx_word' id='word_1_232' title='bbox 103 1488 164 1529; x_wconf 66' lang='lat' dir='ltr'><strong>qua</strong></span> <span class='ocrx_word' id='word_1_233' title='bbox 179 1489 233 1519; x_wconf 84' lang='lat' dir='ltr'><strong>iste</strong></span> <span class='ocrx_word' id='word_1_234' title='bbox 249 1489 392 1519; x_wconf 75' lang='lat' dir='ltr'><strong>audierat.</strong></span> <span class='ocrx_word' id='word_1_235' title='bbox 418 1489 527 1530; x_wconf 88' lang='lat' dir='ltr'><strong>Itaque</strong></span> <span class='ocrx_word' id='word_1_236' title='bbox 546 1489 585 1518; x_wconf 87' lang='lat' dir='ltr'><strong>ad</strong></span> <span class='ocrx_word' id='word_1_237' title='bbox 600 1498 746 1529; x_wconf 86' lang='lat' dir='ltr'><strong>generum</strong></span> <span class='ocrx_word' id='word_1_238' title='bbox 760 1488 913 1529; x_wconf 85' lang='lat' dir='ltr'><strong>Agathini</strong></span> <span class='ocrx_word' id='word_1_239' title='bbox 932 1489 992 1519; x_wconf 89' lang='lat' dir='ltr'><strong>mi-</strong></span> 
     </span>
     <span class='ocr_line' id='line_1_35' title="bbox 102 1531 991 1571; baseline 0.001 -10"><span class='ocrx_word' id='word_1_240' title='bbox 102 1542 189 1571; x_wconf 59' lang='lat' dir='ltr'><strong>grare</strong></span> <span class='ocrx_word' id='word_1_241' title='bbox 203 1532 321 1561; x_wconf 73' lang='lat' dir='ltr'><strong>maluit.</strong></span> <span class='ocrx_word' id='word_1_242' title='bbox 346 1533 417 1562; x_wconf 82' lang='lat' dir='ltr'><strong>Una</strong></span> <span class='ocrx_word' id='word_1_243' title='bbox 431 1542 492 1562; x_wconf 82' lang='lat' dir='ltr'><strong>nox</strong></span> <span class='ocrx_word' id='word_1_244' title='bbox 507 1532 721 1569; x_wconf 85' lang='lat' dir='ltr'><strong>intercesserat,</strong></span> <span class='ocrx_word' id='word_1_245' title='bbox 738 1542 808 1562; x_wconf 89' lang='lat' dir='ltr'><strong>cum</strong></span> <span class='ocrx_word' id='word_1_246' title='bbox 822 1532 879 1562; x_wconf 89' lang='lat' dir='ltr'><strong>iste</strong></span> <span class='ocrx_word' id='word_1_247' title='bbox 891 1531 991 1562; x_wconf 90' lang='lat' dir='ltr'><strong>Doro-</strong></span> 
     </span>
     <span class='ocr_line' id='line_1_36' title="bbox 105 1574 992 1614; baseline 0.002 -10"><span class='ocrx_word' id='word_1_248' title='bbox 105 1575 210 1606; x_wconf 71' lang='lat' dir='ltr'><strong>theum</strong></span> <span class='ocrx_word' id='word_1_249' title='bbox 226 1575 267 1605; x_wconf 85' lang='lat' dir='ltr'><strong>sic</strong></span> <span class='ocrx_word' id='word_1_250' title='bbox 282 1574 438 1614; x_wconf 79' lang='lat' dir='ltr'><strong>diligebat,</strong></span> <span class='ocrx_word' id='word_1_251' title='bbox 455 1581 489 1605; x_wconf 90' lang='lat' dir='ltr'><strong>ut</strong></span> <span class='ocrx_word' id='word_1_252' title='bbox 504 1575 627 1612; x_wconf 83' lang='lat' dir='ltr'><strong>diceres,</strong></span> <span class='ocrx_word' id='word_1_253' title='bbox 644 1575 747 1605; x_wconf 86' lang='lat' dir='ltr'><strong>omnia</strong></span> <span class='ocrx_word' id='word_1_254' title='bbox 766 1574 844 1605; x_wconf 89' lang='lat' dir='ltr'><strong>inter</strong></span> <span class='ocrx_word' id='word_1_255' title='bbox 864 1585 913 1605; x_wconf 88' lang='lat' dir='ltr'><strong>eos</strong></span> <span class='ocrx_word' id='word_1_256' title='bbox 929 1585 992 1606; x_wconf 89' lang='lat' dir='ltr'><strong>esse</strong></span> 
     </span>
     <span class='ocr_line' id='line_1_37' title="bbox 103 1618 992 1659; baseline 0.002 -12"><span class='ocrx_word' id='word_1_257' title='bbox 103 1618 298 1653; x_wconf 76' lang='lat' dir='ltr'><strong>communia;</strong></span> <span class='ocrx_word' id='word_1_258' title='bbox 323 1618 518 1658; x_wconf 84' lang='lat' dir='ltr'><strong>Agathinum</strong></span> <span class='ocrx_word' id='word_1_259' title='bbox 537 1618 580 1648; x_wconf 84' lang='lat' dir='ltr'><strong>ita</strong></span> <span class='ocrx_word' id='word_1_260' title='bbox 599 1619 786 1655; x_wconf 85' lang='lat' dir='ltr'><strong>observabat,</strong></span> <span class='ocrx_word' id='word_1_261' title='bbox 803 1623 838 1647; x_wconf 87' lang='lat' dir='ltr'><strong>ut</strong></span> <span class='ocrx_word' id='word_1_262' title='bbox 857 1618 992 1659; x_wconf 87' lang='lat' dir='ltr'><strong>aliquem</strong></span> 
     </span>
     <span class='ocr_line' id='line_1_38' title="bbox 103 1661 990 1702; baseline 0.001 -12"><span class='ocrx_word' id='word_1_263' title='bbox 103 1661 226 1690; x_wconf 83' lang='lat' dir='ltr'><strong>affinem</strong></span> <span class='ocrx_word' id='word_1_264' title='bbox 241 1671 275 1691; x_wconf 83' lang='lat' dir='ltr'><strong>ac</strong></span> <span class='ocrx_word' id='word_1_265' title='bbox 289 1661 507 1702; x_wconf 88' lang='lat' dir='ltr'><strong>propinquum.</strong></span> <span class='ocrx_word' id='word_1_266' title='bbox 540 1661 740 1691; x_wconf 84' lang='lat' dir='ltr'><strong>Contemnere</strong></span> <span class='ocrx_word' id='word_1_267' title='bbox 756 1661 848 1691; x_wconf 85' lang='lat' dir='ltr'><strong>etiam</strong></span> <span class='ocrx_word' id='word_1_268' title='bbox 868 1661 990 1702; x_wconf 86' lang='lat' dir='ltr'><strong>signum</strong></span> 
     </span>
     <span class='ocr_line' id='line_1_39' title="bbox 103 1703 990 1745; baseline 0 -12"><span class='ocrx_word' id='word_1_269' title='bbox 103 1703 180 1734; x_wconf 80' lang='lat' dir='ltr'><strong>illud</strong></span> <span class='ocrx_word' id='word_1_270' title='bbox 198 1704 334 1734; x_wconf 85' lang='lat' dir='ltr'><strong>Himerae</strong></span> <span class='ocrx_word' id='word_1_271' title='bbox 346 1705 410 1743; x_wconf 80' lang='lat' dir='ltr'><strong>jam</strong></span> <span class='ocrx_word' id='word_1_272' title='bbox 426 1704 595 1742; x_wconf 79' lang='lat' dir='ltr'><strong>videbatur,</strong></span> <span class='ocrx_word' id='word_1_273' title='bbox 608 1704 690 1745; x_wconf 85' lang='lat' dir='ltr'><strong>quod</strong></span> <span class='ocrx_word' id='word_1_274' title='bbox 702 1714 773 1734; x_wconf 89' lang='lat' dir='ltr'><strong>eum</strong></span> <span class='ocrx_word' id='word_1_275' title='bbox 784 1705 882 1735; x_wconf 89' lang='lat' dir='ltr'><strong>multo</strong></span> <span class='ocrx_word' id='word_1_276' title='bbox 893 1705 990 1745; x_wconf 70' lang='lat' dir='ltr'><strong>magis</strong></span> 
     </span>
     <span class='ocr_line' id='line_1_40' title="bbox 87 1747 797 1788; baseline 0.003 -12"><span class='ocrx_word' id='word_1_277' title='bbox 87 1780 90 1783; x_wconf 16' lang='grc' dir='ltr'><strong><em>Δ</em></strong></span> <span class='ocrx_word' id='word_1_278' title='bbox 104 1747 202 1787; x_wconf 75' lang='lat' dir='ltr'><strong>ligura</strong></span> <span class='ocrx_word' id='word_1_279' title='bbox 217 1752 246 1778; x_wconf 87' lang='lat' dir='ltr'><strong>ct</strong></span> <span class='ocrx_word' id='word_1_280' title='bbox 259 1747 444 1778; x_wconf 84' lang='lat' dir='ltr'><strong>lineamenta</strong></span> <span class='ocrx_word' id='word_1_281' title='bbox 458 1747 584 1788; x_wconf 80' lang='lat' dir='ltr'><strong>hospitae</strong></span> <span class='ocrx_word' id='word_1_282' title='bbox 600 1747 797 1778; x_wconf 71' lang='lat' dir='ltr'><strong>delectabant.</strong></span> 
     </span>
    </p>
   </div>
  </div>
 </body>
</html>
