1181 1902
0 0 1181 120 ——r

191 195 233 226 54
278 193 370 225 PRO
393 192 559 225 ROSCIO
582 193 817 225 AMERINO.
842 193 926 226 CAP.
943 196 995 227 20.

191 291 268 317 sare,
281 285 373 321 atque
387 279 419 309 id
431 279 569 319 objicere,
583 279 665 322 quod
682 281 810 321 planum
828 280 925 311 facere
939 291 1000 312 non
1016 291 1083 313 mo·
1156 303 1157 317 1

192 324 232 354 do
259 333 318 353 non
343 323 447 363 possis,
471 334 575 353 verum
600 334 637 353 ne
663 324 777 354 coneris
802 324 954 364 quidem?
978 325 1082 356 Nemo
1156 331 1158 363 ¹,

193 369 329 396 nostruin
345 372 399 402 est,
416 366 521 403 Eruci,
539 366 613 406 quin
633 367 716 403 sciat,
740 366 794 396 tibi
816 367 987 398 inimicitias
1011 378 1081 398 cum

192 412 262 440 Sex.
282 409 390 439 Roscio
406 409 504 438 nullas
520 420 589 439 esse.
614 409 729 439 Vident
739 419 853 447 omnes,
866 410 927 449 quii
940 410 976 440 de
992 411 1083 441 caus&

192 452 264 482 huic
279 452 419 482 inimicus
431 452 540 482 venias.
564 452 682 489 Sciunt,
698 453 824 490 hujusce
838 453 969 492 pecunia
985 458 1013 483 te
1028 453 1083 483 ad-

193 495 320 525 ductum
336 505 407 524 esse.
436 495 521 532 Quid
538 506 607 535 ergo
623 498 692 526 est?
728 495 776 524 Ita
789 501 890 525 tamen
907 498 1038 535 quaestns
1054 503 1084 526 te

192 538 338 578 cupidum
366 548 426 567 esse
449 539 615 578 oportebat,
638 544 672 568 ut
695 538 805 567 horum
830 537 1084 569 existimationem

192 586 222 610 et
238 582 336 620 legem
354 581 529 610 Remmiam
546 588 666 621 putares
678 581 794 620 aliquid
807 581 903 610 valere
919 588 1065 621 oportere.

235 624 310 655 XX.
327 624 526 653 Accusatores
541 624 653 653 multos
669 634 730 653 esse
746 623 777 652 in
793 623 923 660 civitate,
941 625 1015 654 utile
1028 630 1082 663 est,

191 672 226 696 ut
238 672 322 696 metu
332 666 519 696 contincatur
535 667 659 696 audacia
671 678 678 696 :
697 672 904 696 verumtamen
918 666 974 697 hoc
986 667 1028 697 ita
1039 674 1084 698 est

191 709 277 746 utile,
300 715 333 739 ut
354 719 391 739 ne
412 710 501 749 plane
521 709 688 739 illudamur
706 710 744 739 ab
765 709 996 740 accusatoribus.
1029 711 1085 740 In-

191 761 300 782 nocens
317 758 360 782 est
375 752 546 793 quispiam:
572 758 793 788 verumtamen,
818 763 1008 792 quamquam
1028 755 1083 783 ab-

191 801 236 824 est
260 806 278 825 a
302 796 402 835 crrlpfz,
428 795 596 835 suspicione
619 800 720 825 tamen
742 805 802 824 non
824 801 913 825 caret.
946 795 1084 826 Tametsi

191 838 336 868 miserum
353 844 406 875 est,
424 844 525 868 tamen
543 838 580 873 ei,
597 838 650 878 qui
666 838 748 867 hunc
760 844 886 874 accuset,
904 839 1016 878 possim
1029 839 1084 868 ali-

190 891 252 920 quo
264 881 355 911 modo
369 881 530 921 ignoscere.
555 881 635 910 Cum
649 881 729 910 enim
742 881 857 921 aliquid
869 880 989 917 habeat,
1001 882 1084 922 quod

190 924 283 963 possit
296 924 454 954 criminose
469 934 503 954 ac
518 923 679 963 suspiciose
695 923 801 959 dicere,
819 930 920 964 aperte
935 924 1084 954 ludificari

189 971 219 996 et
231 967 409 996 cahunniari
419 967 514 996 sciens
526 976 585 996 non
597 966 741 996 videatur.
766 968 870 1004 Quare
882 966 968 997 facile
978 977 1085 998 omnes

190 1010 335 1049 patimur,
361 1020 422 1039 esse
443 1009 685 1050 quamplurimos
706 1015 909 1045 accusatores;
934 1010 1015 1050 quod
1034 1011 1082 1040 in-

190 1062 311 1088 nocens„
331 1052 355 1082 si
371 1058 525 1082 accusatus
546 1052 594 1087 sit,
611 1052 725 1081 absolvi
740 1058 857 1092 potcst;
881 1062 1003 1089 nocens,
1024 1053 1082 1084 nisi

190 1102 344 1125 accusatus
360 1095 462 1131 fucrit,
484 1095 677 1125 condemnari
693 1104 752 1124 non
768 1100 874 1135 potest.
909 1095 1023 1126 Utilius
1038 1102 1083 1126 est

190 1144 293 1168 autem
309 1138 422 1168 absolvi
438 1138 640 1173 innocentem,
666 1148 759 1177 quam
780 1144 938 1168 nocentem
958 1149 1081 1169 causam

190 1190 251 1210 non
276 1181 383 1210 dicere.
415 1181 585 1210 Anseribus
609 1180 720 1210 cibaria
739 1181 859 1221 publice
878 1181 1026 1219 locantur,
1052 1188 1082 1212 et

188 1234 275 1253 canes
292 1224 415 1253 aluntur
430 1224 460 1252 in
478 1223 639 1263 Capitolio,
655 1229 690 1252 ut
705 1224 883 1263 significent,
900 1224 924 1253 si
936 1224 1017 1254 fures
1029 1235 1080 1255 ve-

188 1267 296 1296 nerint.
329 1269 375 1296 At
400 1266 481 1296 fures
501 1267 699 1296 internoscere
717 1276 777 1295 non
793 1272 936 1306 possunt:
962 1267 1078 1307 signifi-

187 1316 256 1339 cant
269 1316 382 1347 tamen
400 1310 424 1339 si
441 1309 493 1349 qui
509 1315 598 1339 noctu
614 1309 645 1338 in
663 1309 849 1349 Capitolium
864 1309 1018 1339 venerint:
1037 1317 1078 1349 et,

187 1352 261 1392 quia
281 1352 311 1381 id
331 1359 373 1382 est
394 1352 604 1399 suspiciosum,
627 1358 731 1381 tamet.
729 1352 745 1380 i
761 1352 862 1382 bestie
878 1359 959 1389 sunt,
977 1359 1079 1384 tamen

186 1394 218 1424 in
235 1406 259 1424 e·
261 1405 300 1424 un
314 1402 429 1435 partem
443 1395 543 1435 potius
554 1400 688 1434 peccant,
703 1405 754 1434 qu
747 1405 771 1423 ae
783 1401 826 1424 est
838 1395 960 1425 cautior.
985 1396 1079 1433 Quod

186 1437 210 1466 si
231 1437 298 1467 luce
322 1449 444 1478 Quoque
464 1447 551 1467 canes
574 1437 694 1474 latchnt
717 1448 786 1467 cum
809 1438 891 1468 Deos
912 1438 1077 1469 salutatum

185 1480 280 1520 aliqui
296 1481 451 1516 vcnerintg
468 1480 584 1520 opinor,
601 1480 636 1509 iis
648 1491 735 1510 crura
750 1480 979 1520 suffiingantur,
996 1482 1078 1522 qucd

185 1534 265 1553 acics
281 1524 340 1553 sint
355 1523 446 1553 etiam
463 1529 541 1560 tum,
563 1533 633 1553 cum
649 1523 778 1563 suspicio
796 1524 882 1553 nulla
902 1524 948 1553 sit.
973 1524 1077 1555 Simil-

185 1566 259 1595 lima
283 1572 326 1596 est
350 1571 557 1596 accusatorum
585 1565 669 1595 ratio.
709 1566 776 1595 Alii
802 1568 934 1597 vestrum
960 1577 1078 1598 anseres

184 1614 266 1645 sunt,
284 1609 336 1649 qui
352 1609 563 1638 tantummodo
578 1609 721 1644 clamant,
735 1619 840 1639 nocere
855 1619 914 1639 non
931 1617 1074 1650 possunt3

183 1652 235 1681 alii
251 1662 350 1687 canes,
364 1652 417 1691 qui
432 1658 461 1681 et
472 1652 580 1681 latrare
593 1658 621 1681 et
632 1651 768 1681 mordere
784 1658 917 1691 possunt.
953 1653 1076 1683 Cibaria

183 1694 268 1724 vobis
283 1694 409 1734 przeberi
430 1694 586 1724 videmus:
612 1705 663 1724 vos
683 1700 785 1724 autem
806 1694 940 1724 maxime
960 1695 1074 1726 debetis

183 1736 214 1766 in
232 1747 280 1767 eos
299 1738 448 1777 impetum
469 1737 576 1772 facere,
599 1737 652 1777 qui
673 1743 835 1767 merentur.
869 1737 938 1767 Hoc
958 1739 1073 1779 populo

181 1779 388 1819 gratissimum
405 1786 457 1810 est.
482 1779 612 1816 Deinde,
630 1780 654 1809 si
670 1780 785 1816 voletis,
803 1780 983 1817 etiamtum,
1001 1791 1071 1811 cum

183 1822 343 1852 verisimile
357 1822 413 1852 erit
427 1822 561 1863 aliquem
577 1822 771 1859 commisisse,
793 1822 824 1852 in
841 1823 1007 1863 suspicione
1027 1824 1071 1854 la-

182 1870 308 1896 tratote:
326 1865 357 1896 id
367 1876 489 1902 quoque
501 1865 621 1897 concedi
634 1871 739 1902 potest.
764 1865 817 1896 Sin
832 1872 934 1897 autem
951 1866 991 1897 sic
1003 1877 1073 1902 age-
