1181 1902
214 63 278 94 334
388 64 439 95 IN
462 62 660 94 VERREM
685 62 745 94 IV.
772 62 857 93 CAP.
881 63 934 94 48.

215 155 245 179 et
259 159 330 179 cum
351 149 477 190 singulis
497 149 649 190 pactiones
663 148 913 187 decumanorum,
928 148 1022 180 literis
1037 159 1105 190 per-

215 192 302 232 sequi
318 199 346 222 et
361 193 504 223 conficere
522 203 640 222 necesse
663 198 716 222 est.
748 192 866 232 Jugera
888 192 1012 233 professi
1033 199 1103 222 sunt

213 241 345 266 aratores
357 246 461 266 omnes
476 235 603 276 imperio
615 242 705 276 atque
720 234 857 265 instituto
869 240 941 265 tuo:
966 245 1026 265 non
1039 235 1105 275 opi-

216 288 272 307 nor
287 289 474 319 quemquam
490 279 591 308 minus
607 289 668 308 esse
683 278 862 318 professum,
885 288 989 319 quam,
1007 288 1105 319 quan-

216 327 283 350 tum
296 322 419 357 auisset,
437 332 505 351 cum
522 327 566 351 tot
581 331 693 359 cruces,
707 327 750 351 tot
766 321 924 361 supplicia,
941 326 985 350 tot
1003 331 1040 350 ex
1057 331 1106 350 co-

215 364 301 394 horte
317 371 549 405 recuperatores,
566 369 813 404 proponerentur.
852 364 891 393 In
912 364 1018 403 jugere
1041 363 1105 403 agri

216 406 360 437 Leontini
376 407 568 437 medimnum
584 407 645 437 fere
660 406 749 436 tritici
765 406 883 443 seritur,
899 406 1045 447 perpetua
1060 412 1105 436 at-

215 460 276 490 que
288 450 429 491 aequabili
446 451 567 480 satione.
600 450 686 490 Ager
702 449 791 479 efficit
806 460 876 480 cum
897 456 1012 485 octav0,
1029 450 1106 479 bene

215 499 251 522 ut
265 500 393 533 agatur;
417 504 534 530 verum,
551 499 586 523 ut
597 503 701 523 omnes
721 492 774 522 Dii
790 492 945 532 adjuvent,
963 502 1032 522 cum
1054 491 1106 521 de-

215 546 315 565 cumo.
348 536 442 574 Quod
467 537 490 567 si
511 535 633 577 quando
648 536 766 573 accidit,
784 542 850 565 tum
874 535 918 573 fit,
936 541 970 564 ut
986 540 1107 564 tantum

214 578 351 609 decumae
361 579 409 617 sit,
421 586 572 620 quantum
582 579 705 609 severis:
723 578 779 608 hoc
790 584 843 615 est,
857 584 902 614 ut,
916 584 991 618 quot
998 578 1106 617 jugera

216 627 288 651 sunt
304 628 377 659 sata,
392 623 516 652 totidem
533 622 688 652 medimna
699 621 834 652 decumae
844 621 1019 651 debeantur.

262 665 330 695 Hoc
346 676 415 695 cum
432 666 474 695 ita
492 672 583 700 esset;
607 665 742 705 primum
766 664 844 694 illud
868 664 946 701 dico,
968 664 1107 704 pluribus

217 707 353 738 millibus
375 708 564 738 medimnum
581 708 697 738 venisse
712 707 853 737 decumas
872 707 936 747 agri
952 706 1107 743 Leontini,

217 761 311 790 quam
327 758 402 791 quot
417 751 514 780 miliia
532 752 676 790 jugerum
692 756 756 779 sata
771 756 855 780 erant
870 750 901 779 in
917 760 989 790 agro
1006 749 1108 779 Leon-

218 793 291 823 tino.
316 793 409 831 Quod
421 794 446 823 si
458 794 522 824 fieri
538 803 597 823 non
614 798 741 833 poterat,
758 798 793 822 ut
807 793 876 832 plus
892 802 983 832 quam
1004 792 1107 822 decem

217 836 374 866 medimna
389 847 426 866 ex
440 838 546 877 jugere
567 842 705 871 ararent;
729 835 920 865 medimnum
945 842 1046 865 autem
1070 845 1108 864 ex

214 879 322 919 jugere
345 879 514 910 decumano
533 879 598 908 dari
613 884 740 919 poterat,
765 889 835 908 cum
858 888 929 918 ager
954 878 1009 914 (id,
1026 877 1108 918 quod

217 932 339 962 perraro
368 923 480 959 evenit)
511 932 582 952 cum
608 922 737 952 decumo
757 921 932 956 extulisset;
957 931 1025 961 quae
1046 927 1109 950 erat

217 965 294 995 ratio
315 965 486 1003 decumani,
507 965 531 995 si
556 964 680 1005 quidem
702 965 849 1001 decumae,
877 974 911 994 ac
933 974 993 993 non
1016 965 1107 1000 bona,

218 1009 363 1038 venibant
379 1014 544 1044 aratorum,
566 1014 601 1038 ut
621 1008 759 1048 pluribus
775 1007 929 1048 aliquanto
945 1006 1109 1036 medimnis

217 1050 360 1081 decumas
372 1057 495 1087 emeret,
509 1061 602 1092 quam
616 1052 724 1091 jugera
739 1057 823 1080 erant
838 1052 926 1080 sata?

264 1093 427 1124 XLVIII.
446 1095 484 1124 In
492 1094 654 1129 Leontino,
661 1095 805 1133 jugerum
814 1092 991 1133 subscriptio
1001 1103 1035 1122 ac
1044 1102 1113 1133 pro-

217 1136 306 1167 fessio
318 1146 378 1167 non
389 1143 433 1167 est
442 1137 511 1178 plus
524 1137 622 1167 XXX
635 1137 777 1166 millium.
802 1136 949 1166 Decumae
959 1135 1109 1165 XXXVI

218 1180 409 1210 medimnum
429 1180 565 1210 millibus
580 1180 746 1210 venierunt.
785 1179 918 1215 Erravit,
947 1188 984 1209 an
1010 1178 1111 1219 potius

219 1222 372 1259 insanivit,
382 1223 561 1263 Apronius?
584 1223 680 1253 immo
692 1229 758 1252 tum
770 1223 938 1258 insanisset,
953 1221 976 1251 si
988 1221 1111 1251 aratori-

219 1266 288 1303 bus,
306 1266 388 1306 quod
399 1266 553 1303 deberent,
564 1266 680 1295 licitum
693 1271 779 1303 esset,
793 1272 822 1295 et
832 1275 904 1301 non,
915 1264 997 1305 quod
1009 1265 1112 1304 Apro-

219 1308 288 1338 nius
311 1308 496 1349 imperdsset,
527 1319 644 1339 neeesse
667 1308 773 1338 fuisset
795 1308 875 1338 dare.
919 1308 952 1337 Si
976 1307 1110 1344 ostendo,

221 1351 324 1381 minus
341 1352 436 1382 tribus
451 1352 613 1382 medimnis
629 1352 659 1381 in
672 1352 816 1392 jugerum
832 1350 985 1380 neminem
998 1350 1113 1380 dedisse

221 1394 377 1430 decumae3
402 1395 555 1432 concedes,
572 1395 690 1435 opinor,
707 1400 741 1424 ut
764 1404 834 1424 cum
855 1393 983 1424 decumo
998 1393 1113 1422 fructus

220 1438 364 1467 arationis
380 1444 537 1478 perceptus
553 1438 601 1475 sit,
627 1437 779 1467 neminem
795 1437 897 1466 minus
913 1436 1008 1465 tribus
1023 1436 1114 1465 decu-

223 1480 281 1510 mis
297 1480 422 1511 dedisse.
445 1482 552 1522 Atque
568 1481 624 1511 hoc
638 1481 670 1510 in
686 1479 821 1510 beneficii
837 1480 901 1509 loco
917 1479 1047 1519 petitum
1069 1484 1113 1508 est

223 1524 262 1552 ab
278 1524 429 1563 Apronio,
441 1530 475 1554 ut
490 1524 521 1553 in
535 1525 643 1564 jugera
655 1523 774 1563 singula
784 1523 874 1552 ternis
886 1522 1049 1552 medimnis
1061 1521 1113 1551 de-

223 1565 322 1596 cidere
337 1566 446 1596 liceret.
483 1567 579 1603 Nam,
601 1577 672 1597 cum
688 1577 705 1596 a
721 1565 825 1596 multis
846 1571 1003 1606 quaterna,
1021 1564 1112 1595 etiam

223 1608 329 1649 quina,
347 1609 536 1649 exigerentur
549 1621 558 1645 ;
583 1610 688 1639 multis
697 1615 799 1639 autem
811 1618 871 1638 non
882 1607 972 1637 modo
982 1616 1112 1647 granum

224 1651 359 1688 nullum,
377 1653 427 1682 sed
440 1662 478 1683 ne
492 1653 587 1693 paleae
602 1652 737 1693 quidem,
755 1662 792 1683 ex
807 1651 891 1682 omni
906 1651 1007 1680 fructu
1023 1656 1114 1693 atque

226 1704 264 1723 ex
280 1704 382 1724 annuo
403 1695 504 1726 labore
522 1695 783 1736 relinquerent11r;
807 1700 874 1724 tum
889 1699 1018 1723 aratores
1034 1693 1114 1722 Cen-

224 1737 351 1778 turipini
363 1738 430 1779 (qui
443 1748 587 1769 numerus
598 1738 630 1768 in
640 1747 712 1779 agro
728 1737 879 1769 Leontino
893 1736 1048 1767 maximus
1057 1740 1114 1773 est)
