1181 1902
188 40 253 70 346
362 40 415 72 IN
438 40 637 73 VERREM
660 41 721 73 IV.
745 41 829 72 CAP.
853 41 906 72 60.

186 126 355 166 Syracusis,
380 127 471 157 multi
495 127 611 168 equites
635 127 781 165 Romani,
802 127 859 158 viri
873 125 1020 167 primarii,
1037 134 1076 157 ex

186 169 250 209 qua
275 170 360 210 copia
382 177 602 211 recuperatores
625 170 708 210 rejici
733 176 892 211 oporteret,
917 169 971 210 qui
993 169 1080 199 aliter

180 212 321 250 judicare
345 213 430 243 nullo
450 213 542 244 modo
557 219 686 254 possent.
712 214 810 244 Instat
825 212 994 244 Scandilius
1009 222 1078 252 pos-

181 265 251 285 cere
275 262 502 296 recuperatores.
537 257 623 286 Tum
649 257 714 295 iste,
731 257 823 286 homo
845 256 998 291 innocens,
1023 254 1077 295 qui

184 297 272 327 illam
288 299 489 339 suspicionem
503 300 613 337 levare,
636 306 727 340 atque
748 301 785 329 ab
807 309 836 329 se
857 308 1009 328 removere
1026 308 1079 328 cu-

185 347 281 380 peret,
295 348 514 382 recuperatores
529 343 602 372 dicit
617 353 646 372 se
662 343 699 372 de
714 343 834 373 cohorte
853 341 908 371 sua
923 341 1077 370 daturum.

230 384 301 414 LX.
327 385 387 414 Pro
404 385 506 415 Deum
528 385 750 426 hominumque
773 385 884 415 fidem!
912 394 1004 424 quem
1021 393 1076 423 ego

182 429 317 457 accuso?
350 428 382 457 in
407 439 469 468 quo
493 439 593 458 meam
617 427 797 458 industriam
823 438 857 458 ac
887 426 1077 466 diligentiam

185 470 311 509 spectari
324 471 391 500 volo
401 471 415 499 ?
439 471 512 511 quid
528 477 582 508 est,
600 471 682 512 quod
698 482 764 511 ego,
781 470 907 500 dicendo
923 475 976 499 aut
995 469 1077 509 cogi-

185 512 289 549 tando,
317 513 431 544 efficere
452 520 504 544 aut
528 515 646 555 assequi
670 514 821 544 debeam?
845 513 961 550 Teneo,
979 518 1076 549 teneo,

183 555 323 595 inquam,
346 556 376 586 in
393 557 500 587 mediis
524 557 720 597 vectigalibus
743 556 849 597 populi
873 555 1017 591 Romani,
1045 554 1077 584 in

182 598 257 638 ipsis
274 598 422 630 fructibus
446 600 607 640 provinciae
632 600 752 636 Siciliae,
778 600 890 635 furem,
916 598 1078 627 manifesto

184 640 405 683 [averrentem]
431 654 495 673 rem
511 643 741 673 frumentariam
757 652 891 679 omnem,
917 641 1078 682 pecuniam

185 684 374 715 maximam:
400 691 501 723 teneo,
518 686 657 726 inquam,
674 686 729 721 ita,
749 691 784 715 ut
800 695 909 724 negare
930 694 989 714 non
1009 694 1079 723 pos-

184 727 232 756 sit.
259 728 341 757 Nam
369 728 443 768 quid
466 729 518 758 hic
542 728 647 759 dicet?
681 728 809 768 Sponsio
835 728 913 757 facta
940 733 983 756 est
1007 737 1077 756 cum

183 770 337 809 cognitore
361 776 414 800 tuo
440 771 580 812 Apronio
599 771 636 801 de
656 771 786 800 fortunis
801 770 860 800 tuis
876 770 1028 805 omnibus,
1046 769 1079 798 ni

182 813 299 842 socium
315 819 344 843 te
360 814 416 844 sibi
432 814 462 843 in
476 814 610 844 decumis
626 824 687 844 esse
703 813 860 843 dictitaret.
892 812 1079 852 Exspectant

182 865 299 893 omnes,
317 863 439 896 quantae
455 857 510 887 tibi
528 868 563 887 ea
578 867 624 887 res
636 867 716 887 curae
734 856 791 892 sit;
816 854 1077 896 quemadmodum

183 898 346 928 hominum
369 899 584 930 existimationi
599 906 629 930 te
649 906 740 940 atque
764 898 968 929 innocentiam
992 903 1078 927 tuam

184 942 306 981 probari
330 942 412 972 velis.
438 943 501 973 Hic
524 949 557 973 tu
582 942 747 979 medicum,
772 948 802 972 et
825 940 1027 981 haruspicem,
1049 945 1082 970 et

184 995 356 1024 praeconem
378 991 478 1023 tuum,
496 992 717 1026 recuperatores
742 984 838 1021 dabis,
856 990 909 1014 aut
932 983 1023 1013 etiam
1039 983 1077 1012 il-

183 1027 250 1057 lum
266 1028 379 1068 ipsum,
397 1039 488 1069 quem
502 1034 534 1058 tu
545 1029 576 1058 in
593 1029 713 1058 cohorte
729 1029 782 1058 tua
799 1027 978 1057 Cassianum
994 1026 1078 1065 judi-

182 1080 249 1100 cem
262 1071 404 1107 habebas,
422 1071 446 1101 si
459 1082 519 1112 qua
534 1082 580 1101 res
595 1072 693 1110 major
708 1077 793 1108 esset,
811 1070 970 1110 Papirium
987 1069 1079 1098 Pota-

183 1123 319 1151 monem,
336 1114 491 1144 hominem
512 1125 661 1151 severum,
687 1124 724 1144 ex
749 1119 846 1144 vetere
869 1113 923 1142 illa
947 1112 1078 1153 equestri

180 1156 311 1197 discipli
305 1168 331 1186 1
325 1168 360 1187 1.
354 1159 366 1179 ‘³
391 1158 561 1188 Scandilius
576 1157 728 1198 postulare
738 1157 775 1187 de
790 1161 939 1186 conventu
955 1165 1079 1207 recupe—

183 1205 305 1229 ratores.
329 1200 358 1229 'l
363 1211 414 1230 um
431 1201 486 1231 iste
502 1207 592 1240 negat
608 1211 638 1230 se
654 1200 691 1230 de
707 1199 928 1230 existimatione
943 1209 998 1228 sua
1013 1197 1078 1228 cui-

183 1252 289 1282 quam,
307 1243 363 1273 nisi
379 1243 451 1281 suis,
469 1243 712 1274 commissurum.
741 1243 772 1272 N
776 1242 951 1282 eootratores
966 1246 1078 1281 putant

183 1295 246 1315 esse
262 1291 360 1326 turpe,
377 1286 409 1315 id
420 1286 521 1316 forum
537 1286 594 1316 sibi
611 1286 753 1334 iniquum
770 1286 896 1324 ejurare,
914 1284 968 1314 ubi
983 1293 1077 1323 nego-

187 1327 311 1358 tientur.
358 1330 474 1359 Praetor
506 1329 694 1370 provinciam
715 1338 802 1359 suam
824 1333 919 1358 totam
944 1326 1001 1357 sibi
1031 1327 1079 1356 in-

183 1370 290 1411 iquam
307 1372 413 1410 ejurat.

227 1414 257 1443 O
275 1414 497 1463 impudentiam
514 1415 719 1456 singularem!
745 1414 807 1444 Hic
822 1413 955 1454 postulat
970 1422 1001 1442 se
1011 1412 1076 1442 Ro-

182 1466 242 1486 mae
258 1458 384 1495 absolvi,
401 1458 455 1498 qui
471 1459 502 1487 in
518 1469 560 1488 su·
556 1459 573 1488 52
588 1456 741 1499 provincia
749 1456 907 1497 judicavit,
930 1467 961 1486 se
976 1455 1076 1485 absol-

182 1499 213 1529 vi
238 1500 322 1529 nullo
347 1502 438 1530 modo
462 1503 572 1541 posse?
600 1501 653 1542 (1111
668 1502 737 1542 plus
753 1500 904 1530 existimet
919 1498 1001 1539 apud
1016 1498 1076 1527 lec-

182 1541 312 1572 tissimos
328 1550 476 1574 senatores
492 1544 664 1584 pecuniam,
682 1554 775 1584 quam
791 1542 873 1583 apud
890 1548 947 1571 tres
960 1540 1076 1581 negoti-

180 1591 278 1615 atores
304 1592 434 1622 metum,
466 1588 573 1617 valere.
611 1587 781 1617 Scandilius
806 1595 875 1616 vero
896 1590 986 1625 negat
1012 1593 1075 1613 sese

181 1628 265 1668 apud
288 1629 521 1660 Artemidorum
537 1635 776 1670 recuperatorem
792 1630 920 1659 verbum
936 1637 998 1657 esse
1013 1626 1076 1656 fac-

181 1675 304 1701 turum:
329 1677 359 1702 et
374 1677 476 1702 tamen
488 1679 580 1712 auget
595 1679 686 1713 atque
701 1678 805 1702 onerat
819 1677 849 1701 te
863 1669 950 1701 bonis
971 1669 1075 1700 condi-

180 1713 325 1753 tionibus,
342 1714 367 1745 si
382 1721 415 1745 tu
431 1715 477 1746 uti
492 1716 584 1746 velis.
609 1715 645 1755 si,
661 1725 699 1746 ex
714 1713 869 1757 provincia
883 1712 988 1745 Sicilia
999 1711 1074 1750 tota,
