1181 1902
263 39 311 70 IN
339 37 532 69 VERREM
559 37 598 67 V.
623 38 706 68 (Δι’.
729 38 774 67 16.
901 39 959 68 401

73 128 278 166 conjecturam
299 126 395 155 facere
419 124 658 164 uniuscujusque
683 129 712 154 et
735 123 907 164 cupiditatis
934 130 963 159 et

72 169 306 201 incontinentiae.
330 168 406 205 Qui,
418 178 486 197 reus
500 168 577 207 lege,
594 172 623 197 et
638 177 706 197 reus
716 167 964 208 comperendinet„

71 219 133 250 tus,
157 222 188 242 re
203 216 233 242 et
252 210 393 252 opinione
408 209 570 241 hominum
590 220 678 251 poene
692 210 866 246 damnatus,
887 215 964 240 tem-

73 265 178 297 perare
192 264 253 285 non
275 253 407 295 potuerit
429 253 565 283 maximo
585 258 747 291 conventu,
769 253 845 295 quin
860 252 899 283 L.
916 253 965 283 Si.

73 309 175 329 sennae
197 302 357 337 argentum
381 301 520 326 tractaret
537 301 567 326 et
590 295 811 331 considerarem
835 295 917 326 hunc
931 296 964 326 in

75 339 229 382 provincia
252 345 410 381 praetorem
431 339 595 379 quisquam
618 339 740 379 putabit
759 349 777 369 a
792 338 965 369 Siculorum

71 390 197 425 argento
212 382 408 423 cupiditatem
423 387 476 411 aut
491 392 601 411 manus
616 382 764 412 abstinere
776 382 908 422 potuisse
920 382 935 411 P

117 427 212 458 XVI.
236 426 367 462 Verum,
384 425 429 455 uti
445 424 632 465 Lilybaeum,
656 424 738 454 unde
753 425 886 465 digressa
908 431 963 464 est,

73 470 169 500 oratio
184 474 360 504 revertatur,
374 467 497 498 Diocles
508 473 563 504 est,
582 467 739 508 Pamphili
752 477 855 508 gener,
871 468 967 506 illius,

72 524 93 543 a
108 523 169 554 quo
184 511 293 553 hydria
316 511 418 541 ablata
437 516 492 547 est,
515 510 665 551 Popillius
689 511 877 551 cognomine.
910 512 964 542 Ab

73 556 131 586 hoc
146 554 231 586 abaci
246 564 317 585 vasa
331 553 445 589 omnia,
465 558 500 584 ut
515 553 652 593 exposita
672 552 804 591 fuerant,
828 555 963 585 abstulit.

73 599 176 637 Dicat,
197 598 278 635 licet,
295 607 326 628 se
341 596 467 627 emisse:
491 596 604 626 etenim
624 596 686 633 hic,
708 602 831 637 propter
845 597 965 638 magni-

72 641 211 672 tudinem
230 640 316 678 furti,
339 645 421 677 sunt,
445 645 480 670 ut
499 639 616 680 opinor,
636 639 732 670 literae
751 639 855 677 factae3
876 640 967 680 jussit

73 683 304 715 Timarchidem
319 682 467 713 aestimare
482 688 653 723 argentum.
677 681 750 720 Quo
759 683 874 715 modo?
889 694 964 724 quo,

73 727 127 769 qui
142 737 280 768 unquam
295 725 470 756 tenuissime
481 725 513 755 in
522 725 683 756 donatione
692 725 875 757 histrionum
886 727 966 757 aesti·

73 770 178 801 mavit.
203 768 342 800 Tametsi
354 768 540 808 jamdudum
556 779 633 806 erro,
653 768 707 810 qui
730 774 793 799 tam
808 769 908 800 multa
927 769 966 800 de

72 814 134 844 tuis
160 812 344 844 emtionibus
366 812 458 842 verba
480 811 601 849 faciam,
627 817 657 842 et
680 822 827 853 quaeram,
859 818 964 843 utrum

72 855 191 893 emeris,
217 861 247 886 et
267 854 432 896 quomodo,
457 860 486 884 et
501 854 608 895 quanti
624 854 750 885 emeris:
775 855 859 896 quod
873 857 965 887 verbo

72 899 237 939 transigere
248 907 383 939 possum.
414 897 483 928 Ede
497 897 574 927 mihi
586 897 744 938 scriptum,
757 898 832 939 quid
847 899 966 940 argenti

71 942 104 972 in
119 941 274 983 provincia
289 938 391 972 Sicilia
405 940 530 982 parari&
543 940 624 971 unde
635 940 781 981 quidque,
795 947 849 972 aut
858 942 966 984 quanti

73 995 191 1016 emeris.

116 1027 203 1066 Quid
218 1027 274 1058 fit?
298 1037 487 1068 quamquam
502 1036 564 1057 non
575 1026 724 1057 debebam
740 1037 795 1068 ego
807 1029 861 1058 abs
873 1033 902 1058 te
910 1028 966 1060 has

72 1071 174 1102 literas
189 1081 329 1112 poscere:
352 1080 402 1101 me
414 1070 496 1100 enim
510 1070 629 1100 tabulas
644 1075 712 1101 tuas
727 1070 838 1102 habere
853 1076 883 1102 et
896 1081 968 1113 pro-

71 1113 149 1145 ferre
169 1115 335 1155 oportebat.
370 1113 490 1145 Verum
509 1123 603 1153 negas
625 1118 655 1144 te
677 1112 788 1144 horum
814 1124 967 1145 annorum

71 1157 188 1198 aliquot
203 1156 371 1188 confecisse.
406 1156 564 1197 Compone
583 1155 651 1195 hoc,
668 1156 752 1198 quod
774 1158 906 1198 postulo,
927 1157 966 1188 de

70 1206 215 1240 argento:
240 1199 278 1230 de
292 1199 410 1241 reliquo
424 1199 537 1230 videro.
561 1200 584 1218 ‘⁶
601 1199 669 1230 Nec
687 1200 834 1241 scriptum
853 1200 964 1238 habeo,

71 1253 126 1274 nec
141 1253 266 1284 possum
281 1242 400 1273 edere.’'
423 1242 509 1280 Quid
524 1241 664 1273 futurum
676 1242 770 1283 igitur
784 1248 829 1273 est
840 1244 854 1273 ,⁹
877 1242 965 1281 Quid

73 1286 227 1316 existimas
242 1286 332 1316 hosce
347 1285 464 1325 judices
479 1285 576 1316 facere
590 1295 677 1326 posse
690 1285 720 1317 ,θ’
738 1286 860 1317 Domus
874 1287 966 1327 plena

73 1328 231 1370 signorum
240 1328 515 1370 pulcherrimorum
524 1329 591 1368 jam
600 1328 693 1359 etiam
704 1334 774 1360 ante
782 1335 948 1370 praeturam
956 1342 965 1360 ε

73 1372 173 1403 multa
188 1371 228 1402 ad
243 1372 329 1402 villas
345 1378 412 1402 tuas
426 1371 535 1413 posita,
560 1371 643 1412 apud
666 1371 779 1403 amicos
800 1372 900 1403 multa
914 1373 967 1405 de.

73 1415 182 1456 posita,
192 1415 293 1445 multa
301 1414 367 1446 aliis
377 1415 448 1445 data
461 1420 554 1456 atque
564 1414 693 1445 donata:
717 1415 830 1446 tabulae
841 1416 966 1447 nullum

74 1458 210 1489 indicant
222 1464 349 1489 emtum.
374 1457 478 1489 Omne
493 1463 654 1498 argentum
665 1458 803 1489 ablatum
812 1468 851 1489 ex
864 1458 968 1490 Sicilia

74 1506 119 1531 est
132 1512 140 1531 :
165 1501 242 1531 nihil
254 1501 410 1542 cuiquam,
427 1500 511 1542 quod
526 1511 617 1531 suum
631 1500 692 1531 dici
703 1501 804 1539 vellet,
814 1502 966 1535 relictum.

73 1544 218 1585 Fingitur
232 1544 373 1585 improba
386 1544 530 1582 defensio,
543 1550 703 1584 praetorem
715 1554 806 1575 omne
815 1544 847 1574 id
858 1555 967 1586 argen-

72 1593 141 1618 tum
163 1587 325 1618 coemisse:
351 1593 453 1618 tamen
474 1586 609 1628 idipsum
632 1587 744 1618 tabulis
765 1587 967 1619 demonstrari

71 1639 134 1660 non
148 1636 256 1672 potest.
289 1631 322 1662 Si
334 1641 410 1672 quas
422 1630 541 1661 tabulas
555 1630 682 1671 profem,
698 1631 731 1661 in
745 1630 804 1669 his,
821 1631 896 1672 quid
911 1632 967 1663 ha-

71 1673 154 1712 beas,
179 1673 334 1715 quomodo
356 1673 480 1711 habeas,
502 1673 650 1715 scriptum
669 1684 731 1704 non
752 1679 806 1704 est.
841 1674 967 1705 Horum

43 1726 53 1735 ·
68 1721 173 1748 autem
188 1722 374 1758 temporum,
391 1726 461 1748 cum
478 1722 506 1748 te
520 1716 670 1758 plurimas
685 1727 731 1748 res
747 1717 854 1749 emisse
871 1717 965 1758 dicas,

602 1761 620 1789 ⁴2
640 1769 668 1790 M
686 1761 706 1791 3
