<?xml version="1.0" encoding="UTF-8"?>
<!DOCTYPE html PUBLIC "-//W3C//DTD XHTML 1.0 Transitional//EN"
    "http://www.w3.org/TR/xhtml1/DTD/xhtml1-transitional.dtd">
<html xmlns="http://www.w3.org/1999/xhtml" xml:lang="en" lang="en">
 <head>
  <title>
</title>
<meta http-equiv="Content-Type" content="text/html;charset=utf-8" />
  <meta name='ocr-system' content='tesseract 3.04.00' />
  <meta name='ocr-capabilities' content='ocr_page ocr_carea ocr_par ocr_line ocrx_word'/>
</head>
<body>
  <div class='ocr_page' id='page_1' title='image "./operaern05ciceuoft_0307.png"; bbox 0 0 1181 1902; ppageno 0'>
   <div class='ocr_carea' id='block_1_1' title="bbox 239 94 939 128">
    <p class='ocr_par' dir='ltr' id='par_1_1' title="bbox 239 94 939 128">
     <span class='ocr_line' id='line_1_1' title="bbox 239 94 939 128; baseline -0.003 -2"><span class='ocrx_word' id='word_1_1' title='bbox 239 95 290 126; x_wconf 78' lang='lat' dir='ltr'>IN</span> <span class='ocrx_word' id='word_1_2' title='bbox 315 94 511 128; x_wconf 80' lang='lat' dir='ltr'>VERREM</span> <span class='ocrx_word' id='word_1_3' title='bbox 536 94 596 126; x_wconf 90' lang='lat' dir='ltr'>IV.</span> <span class='ocrx_word' id='word_1_4' title='bbox 620 94 705 125; x_wconf 70' lang='lat' dir='ltr'>CAP.</span> <span class='ocrx_word' id='word_1_5' title='bbox 721 95 751 124; x_wconf 89' lang='lat'>8.</span> <span class='ocrx_word' id='word_1_6' title='bbox 875 95 939 126; x_wconf 82' lang='lat'>295</span> 
     </span>
    </p>
   </div>
   <div class='ocr_carea' id='block_1_2' title="bbox 55 181 950 1818">
    <p class='ocr_par' dir='ltr' id='par_1_2' title="bbox 55 181 947 427">
     <span class='ocr_line' id='line_1_2' title="bbox 55 181 944 223; baseline -0.003 -10"><span class='ocrx_word' id='word_1_7' title='bbox 55 182 136 223; x_wconf 83' lang='lat' dir='ltr'>leges</span> <span class='ocrx_word' id='word_1_8' title='bbox 150 182 180 212; x_wconf 93' lang='lat' dir='ltr'>in</span> <span class='ocrx_word' id='word_1_9' title='bbox 197 182 283 212; x_wconf 83' lang='lat' dir='ltr'>sartis</span> <span class='ocrx_word' id='word_1_10' title='bbox 298 182 382 212; x_wconf 85' lang='lat' dir='ltr'>tectis</span> <span class='ocrx_word' id='word_1_11' title='bbox 398 181 554 222; x_wconf 81' lang='lat' dir='ltr'>exigendis</span> <span class='ocrx_word' id='word_1_12' title='bbox 569 181 673 211; x_wconf 88' lang='lat' dir='ltr'>tollere</span> <span class='ocrx_word' id='word_1_13' title='bbox 688 186 718 210; x_wconf 86' lang='lat' dir='ltr'>et</span> <span class='ocrx_word' id='word_1_14' title='bbox 732 185 920 211; x_wconf 87' lang='lat' dir='ltr'>commutare</span> <span class='ocrx_word' id='word_1_15' title='bbox 932 191 944 217; x_wconf 86' lang='lat'><strong>;</strong></span> 
     </span>
     <span class='ocr_line' id='line_1_3' title="bbox 57 223 947 264; baseline -0.002 -9"><span class='ocrx_word' id='word_1_16' title='bbox 57 235 95 255; x_wconf 89' lang='lat' dir='ltr'>ne</span> <span class='ocrx_word' id='word_1_17' title='bbox 105 226 129 255; x_wconf 86' lang='lat' dir='ltr'>is</span> <span class='ocrx_word' id='word_1_18' title='bbox 140 224 309 262; x_wconf 76' lang='lat' dir='ltr'><strong>redimeret,</strong></span> <span class='ocrx_word' id='word_1_19' title='bbox 320 226 389 264; x_wconf 84' lang='lat' dir='ltr'>cuja</span> <span class='ocrx_word' id='word_1_20' title='bbox 401 235 445 255; x_wconf 91' lang='lat' dir='ltr'>res</span> <span class='ocrx_word' id='word_1_21' title='bbox 455 231 531 255; x_wconf 85' lang='lat' dir='ltr'>esset</span> <span class='ocrx_word' id='word_1_22' title='bbox 542 235 551 260; x_wconf 88' lang='grc'>;</span> <span class='ocrx_word' id='word_1_23' title='bbox 575 234 613 254; x_wconf 92' lang='lat' dir='ltr'>ne</span> <span class='ocrx_word' id='word_1_24' title='bbox 625 223 743 264; x_wconf 91' lang='lat' dir='ltr'>pupillo</span> <span class='ocrx_word' id='word_1_25' title='bbox 753 229 865 254; x_wconf 87' lang='lat' dir='ltr'>tutores</span> <span class='ocrx_word' id='word_1_26' title='bbox 876 233 947 263; x_wconf 88' lang='lat' dir='ltr'>pro-</span> 
     </span>
     <span class='ocr_line' id='line_1_4' title="bbox 56 267 947 309; baseline -0.002 -11"><span class='ocrx_word' id='word_1_27' title='bbox 56 268 226 309; x_wconf 86' lang='lat' dir='ltr'>pinquique</span> <span class='ocrx_word' id='word_1_28' title='bbox 243 269 443 305; x_wconf 83' lang='lat' dir='ltr'>consulerent,</span> <span class='ocrx_word' id='word_1_29' title='bbox 463 278 524 308; x_wconf 86' lang='lat' dir='ltr'>quo</span> <span class='ocrx_word' id='word_1_30' title='bbox 544 267 647 297; x_wconf 88' lang='lat' dir='ltr'>minus</span> <span class='ocrx_word' id='word_1_31' title='bbox 661 267 790 297; x_wconf 87' lang='lat' dir='ltr'>fortunis</span> <span class='ocrx_word' id='word_1_32' title='bbox 804 267 947 296; x_wconf 89' lang='lat' dir='ltr'>omnibus</span> 
     </span>
     <span class='ocr_line' id='line_1_5' title="bbox 58 310 947 351; baseline -0.003 -10"><span class='ocrx_word' id='word_1_33' title='bbox 58 317 257 347; x_wconf 85' lang='lat' dir='ltr'>everteretur;</span> <span class='ocrx_word' id='word_1_34' title='bbox 282 311 425 351; x_wconf 85' lang='lat' dir='ltr'>exiguam</span> <span class='ocrx_word' id='word_1_35' title='bbox 440 310 520 340; x_wconf 83' lang='lat' dir='ltr'>diem</span> <span class='ocrx_word' id='word_1_36' title='bbox 533 310 682 351; x_wconf 65' lang='lat' dir='ltr'>praefinire</span> <span class='ocrx_word' id='word_1_37' title='bbox 699 310 793 350; x_wconf 88' lang='lat' dir='ltr'>operi,</span> <span class='ocrx_word' id='word_1_38' title='bbox 811 319 872 350; x_wconf 90' lang='lat' dir='ltr'>quo</span> <span class='ocrx_word' id='word_1_39' title='bbox 890 320 947 339; x_wconf 85' lang='lat' dir='ltr'>cae-</span> 
     </span>
     <span class='ocr_line' id='line_1_6' title="bbox 59 353 947 394; baseline -0.002 -10"><span class='ocrx_word' id='word_1_40' title='bbox 59 360 138 384; x_wconf 88' lang='lat' dir='ltr'>teros</span> <span class='ocrx_word' id='word_1_41' title='bbox 158 356 197 384; x_wconf 87' lang='lat' dir='ltr'>ab</span> <span class='ocrx_word' id='word_1_42' title='bbox 213 354 334 394; x_wconf 83' lang='lat' dir='ltr'>negotio</span> <span class='ocrx_word' id='word_1_43' title='bbox 354 353 539 389; x_wconf 72' lang='lat' dir='ltr'>excluderes,</span> <span class='ocrx_word' id='word_1_44' title='bbox 567 353 630 393; x_wconf 89' lang='lat' dir='ltr'>ipse</span> <span class='ocrx_word' id='word_1_45' title='bbox 653 353 685 382; x_wconf 88' lang='lat' dir='ltr'>in</span> <span class='ocrx_word' id='word_1_46' title='bbox 706 359 759 383; x_wconf 86' lang='lat' dir='ltr'>tuo</span> <span class='ocrx_word' id='word_1_47' title='bbox 779 353 947 382; x_wconf 87' lang='lat' dir='ltr'>redemtore</span> 
     </span>
     <span class='ocr_line' id='line_1_7' title="bbox 57 396 597 427; baseline -0.004 0"><span class='ocrx_word' id='word_1_48' title='bbox 57 397 177 427; x_wconf 85' lang='lat' dir='ltr'>nullam</span> <span class='ocrx_word' id='word_1_49' title='bbox 193 403 305 427; x_wconf 88' lang='lat' dir='ltr'>certam</span> <span class='ocrx_word' id='word_1_50' title='bbox 319 396 402 426; x_wconf 86' lang='lat' dir='ltr'>diem</span> <span class='ocrx_word' id='word_1_51' title='bbox 417 398 597 426; x_wconf 79' lang='lat' dir='ltr'>observares.</span> 
     </span>
    </p>

    <p class='ocr_par' dir='ltr' id='par_1_3' title="bbox 57 438 950 1288">
     <span class='ocr_line' id='line_1_8' title="bbox 101 438 948 479; baseline -0.002 -9"><span class='ocrx_word' id='word_1_52' title='bbox 101 441 312 478; x_wconf 80' lang='lat' dir='ltr'>Quamobrem</span> <span class='ocrx_word' id='word_1_53' title='bbox 336 449 447 470; x_wconf 86' lang='lat' dir='ltr'>novam</span> <span class='ocrx_word' id='word_1_54' title='bbox 476 439 575 479; x_wconf 84' lang='lat' dir='ltr'>legem</span> <span class='ocrx_word' id='word_1_55' title='bbox 605 445 635 468; x_wconf 86' lang='lat' dir='ltr'>te</span> <span class='ocrx_word' id='word_1_56' title='bbox 664 438 696 468; x_wconf 89' lang='lat' dir='ltr'>in</span> <span class='ocrx_word' id='word_1_57' title='bbox 725 438 860 468; x_wconf 81' lang='lat' dir='ltr'>decumis</span> <span class='ocrx_word' id='word_1_58' title='bbox 887 443 948 468; x_wconf 86' lang='lat' dir='ltr'>sta-</span> 
     </span>
     <span class='ocr_line' id='line_1_9' title="bbox 57 481 946 521; baseline -0.003 -8"><span class='ocrx_word' id='word_1_59' title='bbox 57 483 149 513; x_wconf 83' lang='lat' dir='ltr'>tuisse</span> <span class='ocrx_word' id='word_1_60' title='bbox 173 493 234 513; x_wconf 92' lang='lat' dir='ltr'>non</span> <span class='ocrx_word' id='word_1_61' title='bbox 253 483 357 520; x_wconf 87' lang='lat' dir='ltr'>miror,</span> <span class='ocrx_word' id='word_1_62' title='bbox 379 482 535 513; x_wconf 88' lang='lat' dir='ltr'>hominem</span> <span class='ocrx_word' id='word_1_63' title='bbox 555 482 588 511; x_wconf 88' lang='lat' dir='ltr'>in</span> <span class='ocrx_word' id='word_1_64' title='bbox 611 481 715 512; x_wconf 87' lang='lat' dir='ltr'>edictis</span> <span class='ocrx_word' id='word_1_65' title='bbox 735 481 892 521; x_wconf 69' lang='lat' dir='ltr'>praetoriis,</span> <span class='ocrx_word' id='word_1_66' title='bbox 913 481 946 511; x_wconf 88' lang='lat' dir='ltr'>in</span> 
     </span>
     <span class='ocr_line' id='line_1_10' title="bbox 58 524 944 566; baseline -0.001 -11"><span class='ocrx_word' id='word_1_67' title='bbox 58 526 198 556; x_wconf 82' lang='lat' dir='ltr'>censoriis</span> <span class='ocrx_word' id='word_1_68' title='bbox 212 526 342 566; x_wconf 83' lang='lat' dir='ltr'>legibus,</span> <span class='ocrx_word' id='word_1_69' title='bbox 359 532 422 555; x_wconf 86' lang='lat' dir='ltr'>tam</span> <span class='ocrx_word' id='word_1_70' title='bbox 437 525 630 566; x_wconf 73' lang='lat' dir='ltr'>prudentem,</span> <span class='ocrx_word' id='word_1_71' title='bbox 647 531 709 554; x_wconf 89' lang='lat' dir='ltr'>tam</span> <span class='ocrx_word' id='word_1_72' title='bbox 726 524 944 554; x_wconf 77' lang='lat' dir='ltr'>exercitatum:</span> 
     </span>
     <span class='ocr_line' id='line_1_11' title="bbox 58 567 945 610; baseline -0.002 -12"><span class='ocrx_word' id='word_1_73' title='bbox 58 577 132 605; x_wconf 91' lang='lat' dir='ltr'>non,</span> <span class='ocrx_word' id='word_1_74' title='bbox 158 569 297 610; x_wconf 87' lang='lat' dir='ltr'>inquam,</span> <span class='ocrx_word' id='word_1_75' title='bbox 324 569 429 605; x_wconf 79' lang='lat' dir='ltr'>miror,</span> <span class='ocrx_word' id='word_1_76' title='bbox 457 574 486 598; x_wconf 82' lang='lat' dir='ltr'>te</span> <span class='ocrx_word' id='word_1_77' title='bbox 509 568 626 608; x_wconf 82' lang='lat' dir='ltr'>aliquid</span> <span class='ocrx_word' id='word_1_78' title='bbox 653 567 857 607; x_wconf 79' lang='lat' dir='ltr'>excogitasse:</span> <span class='ocrx_word' id='word_1_79' title='bbox 883 567 945 606; x_wconf 90' lang='lat' dir='ltr'>sed,</span> 
     </span>
     <span class='ocr_line' id='line_1_12' title="bbox 59 611 948 660; baseline -0.002 -18"><span class='ocrx_word' id='word_1_80' title='bbox 59 611 141 652; x_wconf 88' lang='lat' dir='ltr'>quod</span> <span class='ocrx_word' id='word_1_81' title='bbox 157 613 210 642; x_wconf 60' lang='lat' dir='ltr'>tua</span> <span class='ocrx_word' id='word_1_82' title='bbox 225 618 342 660; x_wconf 81' lang='lat' dir='ltr'>sponte,</span> <span class='ocrx_word' id='word_1_83' title='bbox 358 612 475 651; x_wconf 83' lang='lat' dir='ltr'>injussu</span> <span class='ocrx_word' id='word_1_84' title='bbox 491 611 608 652; x_wconf 89' lang='lat' dir='ltr'>populi,</span> <span class='ocrx_word' id='word_1_85' title='bbox 629 611 692 641; x_wconf 83' lang='lat' dir='ltr'>siue</span> <span class='ocrx_word' id='word_1_86' title='bbox 708 612 810 641; x_wconf 66' lang='lat' dir='ltr'>senati</span> <span class='ocrx_word' id='word_1_87' title='bbox 814 621 827 640; x_wconf 89' lang='lat' dir='ltr'>s</span> <span class='ocrx_word' id='word_1_88' title='bbox 845 617 948 640; x_wconf 86' lang='lat' dir='ltr'>aucto-</span> 
     </span>
     <span class='ocr_line' id='line_1_13' title="bbox 58 653 946 696; baseline -0.002 -12"><span class='ocrx_word' id='word_1_89' title='bbox 58 655 158 692; x_wconf 87' lang='lat' dir='ltr'>ritate,</span> <span class='ocrx_word' id='word_1_90' title='bbox 172 656 242 694; x_wconf 90' lang='lat' dir='ltr'>jura</span> <span class='ocrx_word' id='word_1_91' title='bbox 256 665 328 696; x_wconf 84' lang='lat' dir='ltr'>prov</span> <span class='ocrx_word' id='word_1_92' title='bbox 331 655 416 685; x_wconf 85' lang='lat' dir='ltr'>inciae</span> <span class='ocrx_word' id='word_1_93' title='bbox 429 654 538 685; x_wconf 71' lang='lat' dir='ltr'>siciliae</span> <span class='ocrx_word' id='word_1_94' title='bbox 548 661 622 684; x_wconf 92' lang='lat' dir='ltr'>mut·</span> <span class='ocrx_word' id='word_1_95' title='bbox 618 654 687 691; x_wconf 54' lang='lat' dir='ltr'>Aris,</span> <span class='ocrx_word' id='word_1_96' title='bbox 704 653 735 683; x_wconf 88' lang='lat' dir='ltr'>id</span> <span class='ocrx_word' id='word_1_97' title='bbox 750 653 946 694; x_wconf 80' lang='lat' dir='ltr'>reprehendo,</span> 
     </span>
     <span class='ocr_line' id='line_1_14' title="bbox 58 696 948 728; baseline -0.001 -2"><span class='ocrx_word' id='word_1_98' title='bbox 58 697 90 727; x_wconf 92' lang='lat' dir='ltr'>id</span> <span class='ocrx_word' id='word_1_99' title='bbox 115 707 231 728; x_wconf 88' lang='lat' dir='ltr'>accuso.</span> <span class='ocrx_word' id='word_1_100' title='bbox 264 698 302 728; x_wconf 84' lang='lat' dir='ltr'>L.</span> <span class='ocrx_word' id='word_1_101' title='bbox 325 698 453 728; x_wconf 76' lang='lat' dir='ltr'>Octavio</span> <span class='ocrx_word' id='word_1_102' title='bbox 476 704 505 727; x_wconf 92' lang='lat' dir='ltr'>et</span> <span class='ocrx_word' id='word_1_103' title='bbox 526 698 562 727; x_wconf 90' lang='lat' dir='ltr'>C.</span> <span class='ocrx_word' id='word_1_104' title='bbox 585 697 682 727; x_wconf 87' lang='lat' dir='ltr'>Cottae</span> <span class='ocrx_word' id='word_1_105' title='bbox 705 696 879 727; x_wconf 88' lang='lat' dir='ltr'>consulibus</span> <span class='ocrx_word' id='word_1_106' title='bbox 903 707 948 726; x_wconf 88' lang='lat' dir='ltr'>se-</span> 
     </span>
     <span class='ocr_line' id='line_1_15' title="bbox 58 739 948 788; baseline -0.001 -18"><span class='ocrx_word' id='word_1_107' title='bbox 58 746 148 771; x_wconf 86' lang='lat' dir='ltr'>natus</span> <span class='ocrx_word' id='word_1_108' title='bbox 167 741 315 781; x_wconf 79' lang='lat' dir='ltr'>permisit,</span> <span class='ocrx_word' id='word_1_109' title='bbox 336 748 372 771; x_wconf 93' lang='lat' dir='ltr'>ut</span> <span class='ocrx_word' id='word_1_110' title='bbox 390 741 453 771; x_wconf 87' lang='lat' dir='ltr'>vini</span> <span class='ocrx_word' id='word_1_111' title='bbox 473 747 503 770; x_wconf 87' lang='lat' dir='ltr'>et</span> <span class='ocrx_word' id='word_1_112' title='bbox 522 740 580 771; x_wconf 86' lang='lat' dir='ltr'>olei</span> <span class='ocrx_word' id='word_1_113' title='bbox 600 740 753 788; x_wconf 81' lang='lat' dir='ltr'>decumas,</span> <span class='ocrx_word' id='word_1_114' title='bbox 774 746 803 769; x_wconf 90' lang='lat' dir='ltr'>et</span> <span class='ocrx_word' id='word_1_115' title='bbox 822 739 948 780; x_wconf 88' lang='lat' dir='ltr'>frugum</span> 
     </span>
     <span class='ocr_line' id='line_1_16' title="bbox 58 782 949 825; baseline 0 -13"><span class='ocrx_word' id='word_1_116' title='bbox 58 783 259 821; x_wconf 83' lang='lat' dir='ltr'>minutarum,</span> <span class='ocrx_word' id='word_1_117' title='bbox 281 795 357 825; x_wconf 87' lang='lat' dir='ltr'>quas</span> <span class='ocrx_word' id='word_1_118' title='bbox 379 790 449 814; x_wconf 86' lang='lat' dir='ltr'>ante</span> <span class='ocrx_word' id='word_1_119' title='bbox 467 791 497 814; x_wconf 91' lang='lat' dir='ltr'>te</span> <span class='ocrx_word' id='word_1_120' title='bbox 512 790 673 824; x_wconf 81' lang='lat' dir='ltr'>quaestores</span> <span class='ocrx_word' id='word_1_121' title='bbox 695 783 727 812; x_wconf 84' lang='lat' dir='ltr'>in</span> <span class='ocrx_word' id='word_1_122' title='bbox 753 782 855 815; x_wconf 77' lang='lat' dir='ltr'>Sicilia</span> <span class='ocrx_word' id='word_1_123' title='bbox 876 793 949 812; x_wconf 88' lang='lat' dir='ltr'>ven-</span> 
     </span>
     <span class='ocr_line' id='line_1_17' title="bbox 58 825 949 866; baseline -0.002 -9"><span class='ocrx_word' id='word_1_124' title='bbox 58 825 111 856; x_wconf 86' lang='lat' dir='ltr'>der</span> <span class='ocrx_word' id='word_1_125' title='bbox 112 837 127 856; x_wconf 90' lang='lat' dir='ltr'>e</span> <span class='ocrx_word' id='word_1_126' title='bbox 151 829 354 865; x_wconf 79' lang='lat' dir='ltr'>consuessent,</span> <span class='ocrx_word' id='word_1_127' title='bbox 380 827 490 857; x_wconf 86' lang='lat' dir='ltr'>Romae</span> <span class='ocrx_word' id='word_1_128' title='bbox 512 827 695 862; x_wconf 85' lang='lat' dir='ltr'>venderent,</span> <span class='ocrx_word' id='word_1_129' title='bbox 718 826 879 866; x_wconf 86' lang='lat' dir='ltr'>legemque</span> <span class='ocrx_word' id='word_1_130' title='bbox 901 825 949 856; x_wconf 90' lang='lat' dir='ltr'>his</span> 
     </span>
     <span class='ocr_line' id='line_1_18' title="bbox 57 869 949 911; baseline -0.001 -12"><span class='ocrx_word' id='word_1_131' title='bbox 57 870 159 907; x_wconf 86' lang='lat' dir='ltr'>rebus,</span> <span class='ocrx_word' id='word_1_132' title='bbox 176 880 270 911; x_wconf 86' lang='lat' dir='ltr'>quam</span> <span class='ocrx_word' id='word_1_133' title='bbox 290 870 363 910; x_wconf 85' lang='lat' dir='ltr'>ipsis</span> <span class='ocrx_word' id='word_1_134' title='bbox 378 870 539 908; x_wconf 84' lang='lat' dir='ltr'>videretur,</span> <span class='ocrx_word' id='word_1_135' title='bbox 556 869 714 900; x_wconf 86' lang='lat' dir='ltr'>edicerent.</span> <span class='ocrx_word' id='word_1_136' title='bbox 739 871 821 899; x_wconf 79' lang='lat' dir='ltr'>Cum</span> <span class='ocrx_word' id='word_1_137' title='bbox 840 869 949 899; x_wconf 87' lang='lat' dir='ltr'>locatio</span> 
     </span>
     <span class='ocr_line' id='line_1_19' title="bbox 58 911 950 954; baseline -0.001 -12"><span class='ocrx_word' id='word_1_138' title='bbox 58 912 153 950; x_wconf 86' lang='lat' dir='ltr'>fieret,</span> <span class='ocrx_word' id='word_1_139' title='bbox 184 913 339 954; x_wconf 84' lang='lat' dir='ltr'>publicani</span> <span class='ocrx_word' id='word_1_140' title='bbox 368 913 572 954; x_wconf 79' lang='lat' dir='ltr'>postularunt,</span> <span class='ocrx_word' id='word_1_141' title='bbox 600 912 748 954; x_wconf 84' lang='lat' dir='ltr'>quasdam</span> <span class='ocrx_word' id='word_1_142' title='bbox 774 923 820 942; x_wconf 91' lang='lat' dir='ltr'>res</span> <span class='ocrx_word' id='word_1_143' title='bbox 846 918 881 941; x_wconf 88' lang='lat' dir='ltr'>ut</span> <span class='ocrx_word' id='word_1_144' title='bbox 909 911 950 942; x_wconf 88' lang='lat' dir='ltr'>ad</span> 
     </span>
     <span class='ocr_line' id='line_1_20' title="bbox 59 955 949 997; baseline 0.001 -13"><span class='ocrx_word' id='word_1_145' title='bbox 59 955 159 995; x_wconf 82' lang='lat' dir='ltr'>legem</span> <span class='ocrx_word' id='word_1_146' title='bbox 189 956 344 994; x_wconf 81' lang='lat' dir='ltr'>adderent,</span> <span class='ocrx_word' id='word_1_147' title='bbox 369 966 468 997; x_wconf 89' lang='lat' dir='ltr'>neque</span> <span class='ocrx_word' id='word_1_148' title='bbox 497 962 597 986; x_wconf 85' lang='lat' dir='ltr'>tamen</span> <span class='ocrx_word' id='word_1_149' title='bbox 625 967 644 986; x_wconf 90' lang='lat' dir='ltr'>a</span> <span class='ocrx_word' id='word_1_150' title='bbox 673 955 812 986; x_wconf 80' lang='lat' dir='ltr'>censoriis</span> <span class='ocrx_word' id='word_1_151' title='bbox 835 955 949 986; x_wconf 68' lang='lat' dir='ltr'>caeteris</span> 
     </span>
     <span class='ocr_line' id='line_1_21' title="bbox 59 998 949 1039; baseline 0.001 -12"><span class='ocrx_word' id='word_1_152' title='bbox 59 998 177 1038; x_wconf 85' lang='lat' dir='ltr'>legibus</span> <span class='ocrx_word' id='word_1_153' title='bbox 203 999 381 1030; x_wconf 86' lang='lat' dir='ltr'>recederent.</span> <span class='ocrx_word' id='word_1_154' title='bbox 406 1001 520 1030; x_wconf 78' lang='lat' dir='ltr'>Contra</span> <span class='ocrx_word' id='word_1_155' title='bbox 544 999 623 1029; x_wconf 84' lang='lat' dir='ltr'>dixit</span> <span class='ocrx_word' id='word_1_156' title='bbox 645 998 670 1028; x_wconf 89' lang='lat' dir='ltr'>is</span> <span class='ocrx_word' id='word_1_157' title='bbox 695 998 762 1039; x_wconf 88' lang='lat' dir='ltr'>(qui</span> <span class='ocrx_word' id='word_1_158' title='bbox 785 1009 856 1028; x_wconf 86' lang='lat' dir='ltr'>casu</span> <span class='ocrx_word' id='word_1_159' title='bbox 880 1005 949 1028; x_wconf 89' lang='lat' dir='ltr'>tum</span> 
     </span>
     <span class='ocr_line' id='line_1_22' title="bbox 59 1041 946 1082; baseline 0 -11"><span class='ocrx_word' id='word_1_160' title='bbox 59 1041 170 1071; x_wconf 87' lang='lat' dir='ltr'>Romae</span> <span class='ocrx_word' id='word_1_161' title='bbox 193 1042 265 1079; x_wconf 82' lang='lat' dir='ltr'>fuit)</span> <span class='ocrx_word' id='word_1_162' title='bbox 286 1049 357 1072; x_wconf 88' lang='lat' dir='ltr'>tuus</span> <span class='ocrx_word' id='word_1_163' title='bbox 379 1043 498 1082; x_wconf 87' lang='lat' dir='ltr'>hospes,</span> <span class='ocrx_word' id='word_1_164' title='bbox 519 1043 640 1077; x_wconf 75' lang='lat' dir='ltr'>Verres,</span> <span class='ocrx_word' id='word_1_165' title='bbox 664 1042 783 1082; x_wconf 81' lang='lat' dir='ltr'>hospes,</span> <span class='ocrx_word' id='word_1_166' title='bbox 806 1041 946 1081; x_wconf 84' lang='lat' dir='ltr'>inquam,</span> 
     </span>
     <span class='ocr_line' id='line_1_23' title="bbox 59 1084 948 1123; baseline 0 -9"><span class='ocrx_word' id='word_1_167' title='bbox 59 1090 87 1114; x_wconf 86' lang='lat' dir='ltr'>et</span> <span class='ocrx_word' id='word_1_168' title='bbox 105 1084 262 1116; x_wconf 79' lang='lat' dir='ltr'>familiaris</span> <span class='ocrx_word' id='word_1_169' title='bbox 283 1092 364 1123; x_wconf 84' lang='lat' dir='ltr'>tuus,</span> <span class='ocrx_word' id='word_1_170' title='bbox 381 1085 525 1116; x_wconf 78' lang='lat' dir='ltr'>Sthenius</span> <span class='ocrx_word' id='word_1_171' title='bbox 543 1085 592 1115; x_wconf 87' lang='lat' dir='ltr'>hic</span> <span class='ocrx_word' id='word_1_172' title='bbox 613 1085 841 1115; x_wconf 86' lang='lat' dir='ltr'>Thermitanus.</span> <span class='ocrx_word' id='word_1_173' title='bbox 866 1085 948 1114; x_wconf 84' lang='lat' dir='ltr'>Con-</span> 
     </span>
     <span class='ocr_line' id='line_1_24' title="bbox 58 1127 947 1169; baseline 0 -12"><span class='ocrx_word' id='word_1_174' title='bbox 58 1127 138 1158; x_wconf 87' lang='lat' dir='ltr'>sules</span> <span class='ocrx_word' id='word_1_175' title='bbox 156 1138 278 1158; x_wconf 88' lang='lat' dir='ltr'>causam</span> <span class='ocrx_word' id='word_1_176' title='bbox 294 1134 520 1169; x_wconf 85' lang='lat' dir='ltr'>cognoverunt:</span> <span class='ocrx_word' id='word_1_177' title='bbox 545 1138 615 1158; x_wconf 93' lang='lat' dir='ltr'>cum</span> <span class='ocrx_word' id='word_1_178' title='bbox 633 1128 710 1158; x_wconf 86' lang='lat' dir='ltr'>viros</span> <span class='ocrx_word' id='word_1_179' title='bbox 725 1127 883 1169; x_wconf 87' lang='lat' dir='ltr'>primarios</span> <span class='ocrx_word' id='word_1_180' title='bbox 901 1134 947 1158; x_wconf 85' lang='lat' dir='ltr'>at-</span> 
     </span>
     <span class='ocr_line' id='line_1_25' title="bbox 57 1170 946 1212; baseline 0 -12"><span class='ocrx_word' id='word_1_181' title='bbox 57 1181 118 1211; x_wconf 90' lang='lat' dir='ltr'>que</span> <span class='ocrx_word' id='word_1_182' title='bbox 141 1172 344 1212; x_wconf 85' lang='lat' dir='ltr'>amplissimos</span> <span class='ocrx_word' id='word_1_183' title='bbox 367 1171 495 1202; x_wconf 78' lang='lat' dir='ltr'>civitatis</span> <span class='ocrx_word' id='word_1_184' title='bbox 516 1171 629 1201; x_wconf 89' lang='lat' dir='ltr'>multos</span> <span class='ocrx_word' id='word_1_185' title='bbox 652 1171 684 1201; x_wconf 88' lang='lat' dir='ltr'>in</span> <span class='ocrx_word' id='word_1_186' title='bbox 708 1170 869 1201; x_wconf 80' lang='lat' dir='ltr'>consilium</span> <span class='ocrx_word' id='word_1_187' title='bbox 893 1170 946 1201; x_wconf 85' lang='lat' dir='ltr'>ad-</span> 
     </span>
     <span class='ocr_line' id='line_1_26' title="bbox 57 1214 948 1255; baseline 0.001 -12"><span class='ocrx_word' id='word_1_188' title='bbox 57 1214 222 1251; x_wconf 55' lang='lat' dir='ltr'>vocassent,</span> <span class='ocrx_word' id='word_1_189' title='bbox 234 1216 271 1245; x_wconf 90' lang='lat' dir='ltr'>de</span> <span class='ocrx_word' id='word_1_190' title='bbox 285 1214 402 1245; x_wconf 88' lang='lat' dir='ltr'>consilii</span> <span class='ocrx_word' id='word_1_191' title='bbox 417 1214 565 1245; x_wconf 65' lang='lat' dir='ltr'>sententia</span> <span class='ocrx_word' id='word_1_192' title='bbox 575 1214 823 1255; x_wconf 61' lang='lat' dir='ltr'>pronuntiarunt,</span> <span class='ocrx_word' id='word_1_193' title='bbox 839 1224 870 1246; x_wconf 82' lang='lat' dir='ltr'>se</span> <span class='ocrx_word' id='word_1_194' title='bbox 879 1214 948 1254; x_wconf 87' lang='lat' dir='ltr'>lege</span> 
     </span>
     <span class='ocr_line' id='line_1_27' title="bbox 58 1256 421 1288; baseline 0.006 -2"><span class='ocrx_word' id='word_1_195' title='bbox 58 1256 224 1288; x_wconf 65' lang='lat' dir='ltr'>Hieronica</span> <span class='ocrx_word' id='word_1_196' title='bbox 239 1258 421 1288; x_wconf 85' lang='lat' dir='ltr'>vendituros.</span> 
     </span>
    </p>

    <p class='ocr_par' dir='ltr' id='par_1_4' title="bbox 55 1298 947 1718">
     <span class='ocr_line' id='line_1_28' title="bbox 101 1298 947 1342; baseline 0 -12"><span class='ocrx_word' id='word_1_197' title='bbox 101 1300 199 1330; x_wconf 91' lang='lat' dir='ltr'>VIII.</span> <span class='ocrx_word' id='word_1_198' title='bbox 217 1301 306 1331; x_wconf 86' lang='lat' dir='ltr'>Itane</span> <span class='ocrx_word' id='word_1_199' title='bbox 317 1312 387 1331; x_wconf 89' lang='lat' dir='ltr'>vero</span> <span class='ocrx_word' id='word_1_200' title='bbox 395 1303 410 1332; x_wconf 65' lang='grc' dir='ltr'><strong><em>ἓ</em></strong></span> <span class='ocrx_word' id='word_1_201' title='bbox 424 1301 652 1342; x_wconf 84' lang='lat' dir='ltr'>prudentissimi</span> <span class='ocrx_word' id='word_1_202' title='bbox 663 1301 731 1337; x_wconf 88' lang='lat' dir='ltr'>viri,</span> <span class='ocrx_word' id='word_1_203' title='bbox 744 1298 865 1330; x_wconf 52' lang='lat' dir='ltr'>summi)⁴</span> <span class='ocrx_word' id='word_1_204' title='bbox 876 1310 947 1331; x_wconf 87' lang='lat' dir='ltr'>auc-</span> 
     </span>
     <span class='ocr_line' id='line_1_29' title="bbox 56 1342 947 1385; baseline 0.002 -13"><span class='ocrx_word' id='word_1_205' title='bbox 56 1342 176 1373; x_wconf 74' lang='lat' dir='ltr'>toritate</span> <span class='ocrx_word' id='word_1_206' title='bbox 186 1344 316 1384; x_wconf 87' lang='lat' dir='ltr'>praediti,</span> <span class='ocrx_word' id='word_1_207' title='bbox 329 1344 441 1385; x_wconf 85' lang='lat' dir='ltr'>quibus</span> <span class='ocrx_word' id='word_1_208' title='bbox 453 1350 573 1374; x_wconf 87' lang='lat' dir='ltr'>senatus</span> <span class='ocrx_word' id='word_1_209' title='bbox 587 1345 692 1385; x_wconf 87' lang='lat' dir='ltr'>legum</span> <span class='ocrx_word' id='word_1_210' title='bbox 706 1343 902 1374; x_wconf 83' lang='lat' dir='ltr'>dicendarum</span> <span class='ocrx_word' id='word_1_211' title='bbox 913 1344 947 1374; x_wconf 86' lang='lat' dir='ltr'>in</span> 
     </span>
     <span class='ocr_line' id='line_1_30' title="bbox 55 1385 944 1428; baseline 0.001 -12"><span class='ocrx_word' id='word_1_212' title='bbox 55 1385 189 1417; x_wconf 77' lang='lat' dir='ltr'>locandis</span> <span class='ocrx_word' id='word_1_213' title='bbox 205 1387 400 1428; x_wconf 84' lang='lat' dir='ltr'>vectigalibus</span> <span class='ocrx_word' id='word_1_214' title='bbox 416 1397 544 1418; x_wconf 72' lang='lat' dir='ltr'>,omnem</span> <span class='ocrx_word' id='word_1_215' title='bbox 559 1393 738 1428; x_wconf 83' lang='lat' dir='ltr'>potestatem</span> <span class='ocrx_word' id='word_1_216' title='bbox 757 1387 944 1427; x_wconf 87' lang='lat' dir='ltr'>permiserat,</span> 
     </span>
     <span class='ocr_line' id='line_1_31' title="bbox 55 1430 946 1471; baseline 0.001 -12"><span class='ocrx_word' id='word_1_217' title='bbox 55 1430 249 1471; x_wconf 88' lang='lat' dir='ltr'>populusque</span> <span class='ocrx_word' id='word_1_218' title='bbox 264 1431 425 1461; x_wconf 85' lang='lat' dir='ltr'>Romanus</span> <span class='ocrx_word' id='word_1_219' title='bbox 443 1430 524 1461; x_wconf 90' lang='lat' dir='ltr'>idem</span> <span class='ocrx_word' id='word_1_220' title='bbox 542 1431 682 1470; x_wconf 89' lang='lat' dir='ltr'>jusserat,</span> <span class='ocrx_word' id='word_1_221' title='bbox 700 1430 802 1461; x_wconf 87' lang='lat' dir='ltr'>Siculo</span> <span class='ocrx_word' id='word_1_222' title='bbox 822 1440 884 1460; x_wconf 88' lang='lat' dir='ltr'>uno</span> <span class='ocrx_word' id='word_1_223' title='bbox 899 1440 946 1460; x_wconf 88' lang='lat' dir='ltr'>re-</span> 
     </span>
     <span class='ocr_line' id='line_1_32' title="bbox 56 1472 947 1514; baseline 0.002 -13"><span class='ocrx_word' id='word_1_224' title='bbox 56 1478 189 1510; x_wconf 80' lang='lat' dir='ltr'>cusante,</span> <span class='ocrx_word' id='word_1_225' title='bbox 206 1483 277 1503; x_wconf 86' lang='lat' dir='ltr'>cum</span> <span class='ocrx_word' id='word_1_226' title='bbox 286 1473 520 1514; x_wconf 86' lang='lat' dir='ltr'>amplificatione</span> <span class='ocrx_word' id='word_1_227' title='bbox 530 1473 734 1514; x_wconf 86' lang='lat' dir='ltr'>vectigalium,</span> <span class='ocrx_word' id='word_1_228' title='bbox 745 1483 857 1506; x_wconf 79' lang='lat' dir='ltr'>nomen</span> <span class='ocrx_word' id='word_1_229' title='bbox 869 1472 947 1505; x_wconf 89' lang='lat' dir='ltr'>Hie-</span> 
     </span>
     <span class='ocr_line' id='line_1_33' title="bbox 55 1515 946 1557; baseline 0.001 -12"><span class='ocrx_word' id='word_1_230' title='bbox 55 1515 166 1546; x_wconf 80' lang='lat' dir='ltr'>ronicae</span> <span class='ocrx_word' id='word_1_231' title='bbox 188 1516 263 1557; x_wconf 80' lang='lat' dir='ltr'>legis</span> <span class='ocrx_word' id='word_1_232' title='bbox 285 1523 403 1547; x_wconf 86' lang='lat' dir='ltr'>mutare</span> <span class='ocrx_word' id='word_1_233' title='bbox 426 1517 609 1547; x_wconf 84' lang='lat' dir='ltr'>noluerunt:</span> <span class='ocrx_word' id='word_1_234' title='bbox 634 1524 679 1552; x_wconf 90' lang='lat' dir='ltr'>tu,</span> <span class='ocrx_word' id='word_1_235' title='bbox 706 1516 800 1546; x_wconf 90' lang='lat' dir='ltr'>homo</span> <span class='ocrx_word' id='word_1_236' title='bbox 824 1515 946 1546; x_wconf 88' lang='lat' dir='ltr'>minimi</span> 
     </span>
     <span class='ocr_line' id='line_1_34' title="bbox 55 1558 944 1600; baseline 0.001 -12"><span class='ocrx_word' id='word_1_237' title='bbox 55 1558 183 1595; x_wconf 84' lang='lat' dir='ltr'>consilii,</span> <span class='ocrx_word' id='word_1_238' title='bbox 191 1559 306 1590; x_wconf 84' lang='lat' dir='ltr'>nullius</span> <span class='ocrx_word' id='word_1_239' title='bbox 318 1560 514 1597; x_wconf 87' lang='lat' dir='ltr'>auctoritatis,</span> <span class='ocrx_word' id='word_1_240' title='bbox 525 1560 644 1599; x_wconf 81' lang='lat' dir='ltr'>injussu</span> <span class='ocrx_word' id='word_1_241' title='bbox 654 1559 761 1600; x_wconf 90' lang='lat' dir='ltr'>populi</span> <span class='ocrx_word' id='word_1_242' title='bbox 770 1570 804 1590; x_wconf 90' lang='lat' dir='ltr'>ac</span> <span class='ocrx_word' id='word_1_243' title='bbox 813 1561 944 1597; x_wconf 67' lang='lat' dir='ltr'>senatus,</span> 
     </span>
     <span class='ocr_line' id='line_1_35' title="bbox 55 1601 947 1641; baseline 0.002 -11"><span class='ocrx_word' id='word_1_244' title='bbox 55 1601 120 1631; x_wconf 57' lang='lat' dir='ltr'>tota</span> <span class='ocrx_word' id='word_1_245' title='bbox 139 1602 242 1632; x_wconf 62' lang='lat' dir='ltr'>Sicilia</span> <span class='ocrx_word' id='word_1_246' title='bbox 262 1610 428 1641; x_wconf 86' lang='lat' dir='ltr'>recusante,</span> <span class='ocrx_word' id='word_1_247' title='bbox 452 1613 523 1633; x_wconf 89' lang='lat' dir='ltr'>cum</span> <span class='ocrx_word' id='word_1_248' title='bbox 543 1603 680 1633; x_wconf 82' lang='lat' dir='ltr'>maximo</span> <span class='ocrx_word' id='word_1_249' title='bbox 700 1602 880 1633; x_wconf 82' lang='lat' dir='ltr'>detrimento</span> <span class='ocrx_word' id='word_1_250' title='bbox 901 1607 947 1632; x_wconf 90' lang='lat' dir='ltr'>at-</span> 
     </span>
     <span class='ocr_line' id='line_1_36' title="bbox 56 1645 946 1687; baseline 0.002 -14"><span class='ocrx_word' id='word_1_251' title='bbox 56 1654 116 1684; x_wconf 85' lang='lat' dir='ltr'>que</span> <span class='ocrx_word' id='word_1_252' title='bbox 128 1645 202 1675; x_wconf 88' lang='lat' dir='ltr'>adeo</span> <span class='ocrx_word' id='word_1_253' title='bbox 214 1645 306 1676; x_wconf 79' lang='lat' dir='ltr'>exitio</span> <span class='ocrx_word' id='word_1_254' title='bbox 315 1645 520 1687; x_wconf 85' lang='lat' dir='ltr'>vectigalium,</span> <span class='ocrx_word' id='word_1_255' title='bbox 532 1652 627 1676; x_wconf 86' lang='lat' dir='ltr'>totam</span> <span class='ocrx_word' id='word_1_256' title='bbox 638 1646 835 1676; x_wconf 87' lang='lat' dir='ltr'>Hieronicam</span> <span class='ocrx_word' id='word_1_257' title='bbox 846 1645 946 1686; x_wconf 88' lang='lat' dir='ltr'>legem</span> 
     </span>
     <span class='ocr_line' id='line_1_37' title="bbox 55 1688 212 1718; baseline 0.007 -1"><span class='ocrx_word' id='word_1_258' title='bbox 55 1688 212 1718; x_wconf 82' lang='lat' dir='ltr'>sustulisti.</span> 
     </span>
    </p>

    <p class='ocr_par' dir='ltr' id='par_1_5' title="bbox 56 1731 949 1818">
     <span class='ocr_line' id='line_1_38' title="bbox 99 1731 949 1781; baseline 0.002 -21"><span class='ocrx_word' id='word_1_259' title='bbox 99 1731 146 1761; x_wconf 86' lang='lat' dir='ltr'>At</span> <span class='ocrx_word' id='word_1_260' title='bbox 155 1742 249 1772; x_wconf 84' lang='lat' dir='ltr'>quam</span> <span class='ocrx_word' id='word_1_261' title='bbox 259 1732 364 1780; x_wconf 83' lang='lat' dir='ltr'>legem</span> <span class='ocrx_word' id='word_1_262' title='bbox 376 1733 507 1773; x_wconf 81' lang='lat' dir='ltr'>corrigit,</span> <span class='ocrx_word' id='word_1_263' title='bbox 520 1732 650 1772; x_wconf 84' lang='lat' dir='ltr'>judices,</span> <span class='ocrx_word' id='word_1_264' title='bbox 662 1737 754 1781; x_wconf 80' lang='lat' dir='ltr'>atque</span> <span class='ocrx_word' id='word_1_265' title='bbox 769 1731 844 1762; x_wconf 85' lang='lat' dir='ltr'>adeo</span> <span class='ocrx_word' id='word_1_266' title='bbox 852 1736 949 1762; x_wconf 86' lang='lat' dir='ltr'>totam</span> 
     </span>
     <span class='ocr_line' id='line_1_39' title="bbox 56 1773 949 1818; baseline 0.001 -15"><span class='ocrx_word' id='word_1_267' title='bbox 56 1773 158 1805; x_wconf 81' lang='lat' dir='ltr'>wnit.</span> <span class='ocrx_word' id='word_1_268' title='bbox 151 1783 163 1793; x_wconf 75' lang='lat'>·⁶</span> <span class='ocrx_word' id='word_1_269' title='bbox 187 1775 359 1807; x_wconf 80' lang='lat' dir='ltr'>acutissime</span> <span class='ocrx_word' id='word_1_270' title='bbox 382 1786 418 1807; x_wconf 83' lang='lat' dir='ltr'>ac</span> <span class='ocrx_word' id='word_1_271' title='bbox 441 1775 672 1818; x_wconf 86' lang='lat' dir='ltr'>diligentissime</span> <span class='ocrx_word' id='word_1_272' title='bbox 691 1775 835 1816; x_wconf 80' lang='lat' dir='ltr'>scriptam</span> <span class='ocrx_word' id='word_1_273' title='bbox 879 1784 949 1816; x_wconf 85' lang='lat' dir='ltr'>quae</span> 
     </span>
    </p>
   </div>
   <div class='ocr_carea' id='block_1_3' title="bbox 1154 1013 1164 1614">
    <p class='ocr_par' dir='ltr' id='par_1_6' title="bbox 1154 1013 1164 1614">
     <span class='ocr_line' id='line_1_40' title="bbox 1154 1013 1164 1614; baseline 0 0"><span class='ocrx_word' id='word_1_274' title='bbox 1154 1013 1164 1614; x_wconf 95' lang='lat' dir='ltr'> </span> 
     </span>
    </p>
   </div>
   <div class='ocr_carea' id='block_1_4' title="bbox 1151 0 1181 1639">
    <p class='ocr_par' dir='ltr' id='par_1_7' title="bbox 1151 0 1181 1639">
     <span class='ocr_line' id='line_1_41' title="bbox 1151 0 1181 1639; baseline 0 0"><span class='ocrx_word' id='word_1_275' title='bbox 1151 0 1181 1639; x_wconf 95' lang='lat' dir='ltr'> </span> 
     </span>
    </p>
   </div>
  </div>
 </body>
</html>
