1181 1902
219 182 263 219 74
307 181 399 213 PRO
422 181 589 213 Roscro
612 168 845 214 AMERINO.
870 180 1019 213 cinno.

219 278 301 306 mus,
315 269 365 308 jus
380 268 469 299 officii
483 268 632 299 laedimus.
663 269 758 299 Recte
772 268 865 309 igitur
878 268 1008 307 majores
1022 275 1107 304 eum,

220 312 275 352 qui
291 311 405 342 socium
426 311 588 350 fefellisset,
611 312 642 342 in
661 312 796 342 virorum
816 313 965 342 bonorum
981 319 1109 340 numero

219 364 282 385 non
297 354 443 395 putarunt
458 355 561 385 haberi
576 361 720 395 oportere.

264 397 311 427 At
326 408 394 427 vero
410 398 449 427 T.
465 398 591 427 Roscius
607 408 667 427 non
688 408 786 428 unum
808 397 850 427 rei
865 396 1045 438 pecuniariae
1061 405 1108 425 so-

222 440 304 470 cium
319 441 426 471 fefellit
443 441 548 481 (quod,
566 441 685 471 tametsi
705 451 795 481 grave
817 446 870 477 est,
888 446 989 470 tamen
1006 439 1109 478 aliquo

218 483 310 513 niodo
333 494 418 524 posse
437 484 507 514 ferri
530 484 681 520 videtur);
715 494 820 514 verum
842 493 951 513 novem
971 482 1110 512 homines

221 527 458 563 honestissimos,
482 527 617 565 ejusdem
642 527 787 564 muneris,
815 525 984 566 legationis,
1007 524 1109 561 officii,

221 570 498 610 mandatorumque
525 570 628 605 socios,
652 570 787 607 induxit,
811 569 938 609 decepit,
962 567 1109 605 destituit,

224 612 403 643 adversariis
419 612 555 650 tradidit,
572 614 655 642 omni
671 613 777 643 fraude
798 619 827 642 et
846 611 973 653 perfidia
992 610 1110 640 fefellit.
1150 614 1151 618 ’

221 655 287 693 Qui
303 656 340 686 de
356 656 421 694 ejus
436 656 545 686 scelere
560 656 703 696 suspicari
720 656 796 685 nihil
808 660 983 696 potuerunt,
995 653 1109 684 socium
1148 691 1150 697 Ι

220 698 310 728 officii
337 704 471 729 metuere
491 708 551 728 non
575 699 762 729 debuerunt:
788 700 854 738 ejus
875 698 1025 728 malitiam
1047 706 1109 726 non

220 741 375 777 viderunt,
403 742 531 771 orationi
555 752 641 772 vanae
664 742 865 772 crediderunt.
899 741 1008 781 Itaque
1028 749 1111 770 nunc

220 784 267 814 illi
282 785 420 814 homines
435 785 650 821 honestissimi,
668 792 789 825 propter
804 785 889 815 istius
904 783 1039 832 insidias,
1056 793 1110 823 pa·
1148 790 1150 796 ⁸

221 838 291 857 rum
308 833 455 867 putantur
471 828 551 857 cauti
566 828 744 868 providique
764 828 875 857 fuisse:
901 827 967 863 iste,
984 826 1038 867 qui
1063 826 1113 855 in-

218 870 275 900 itio
286 870 420 910 proditor
429 870 497 905 fuit,
512 870 620 900 deinde
633 871 770 911 perfuga,
784 871 837 911 qui
849 870 948 911 primo
960 869 1110 900 sociorum

221 913 345 943 consilia
359 913 534 943 adversariis
547 914 726 950 enuntiavit,
739 913 847 944 deinde
857 914 1027 943 societatem
1039 922 1109 943 cum
1147 917 1149 927 ¹

221 957 294 997 ipsis
310 956 485 986 adversariis
501 956 581 994 coiit,
598 963 687 986 terret
708 957 798 987 etiam
822 967 886 993 1105,
907 967 941 986 ac
961 956 1108 993 minatur,
1147 976 1149 985 ,

221 1000 319 1029 tribus
334 999 465 1039 praediis,
482 999 538 1029 hoc
554 1006 608 1037 est,
620 1000 753 1040 praemiis
768 1000 896 1034 sceleris,
912 1004 1044 1029 ornatus.
1070 1000 1109 1029 In

223 1042 373 1081 ejusmodi
390 1042 462 1078 vita,
487 1042 613 1081 judices,
630 1043 661 1072 in
682 1043 728 1072 his
745 1048 789 1072 tot
804 1042 956 1083 tantisque
976 1041 1109 1082 flagitiis,

222 1086 280 1115 1106
295 1096 417 1126 quoque
431 1086 628 1121 maleficium,
646 1085 682 1116 de
703 1096 764 1126 quo
782 1085 933 1124 judicium
950 1091 1004 1123 est,
1024 1095 1110 1125 repe-
1146 1101 1148 1112 ι

223 1129 315 1159 rietis.
340 1128 465 1158 Etenim
476 1139 608 1168 quaerere
624 1129 665 1159 ita
675 1129 808 1159 debetis:
833 1129 886 1158 ubi
899 1129 997 1158 multa
1009 1138 1108 1166 avare,

223 1172 323 1202 multa
345 1171 497 1208 audacter,
521 1172 620 1201 multa
642 1172 790 1212 improbe,
815 1172 914 1201 multa
939 1171 1109 1211 perfidiose,

222 1216 304 1245 facta
320 1214 436 1251 videtis,
458 1214 501 1244 ibi
521 1215 616 1244 5661115
636 1226 759 1256 quoque
777 1215 869 1245 latere
891 1215 968 1244 inter
990 1214 1042 1244 illa
1065 1219 1111 1244 tot

221 1258 337 1298 flagitia
351 1263 496 1298 putatote.
521 1258 659 1288 Tametsi
674 1259 730 1288 1106
742 1258 866 1298 quidem
882 1257 1010 1287 minime
1024 1258 1109 1294 latet,

223 1301 307 1341 quod
323 1301 364 1330 ita
379 1307 534 1341 promtum
551 1306 580 1330 et
595 1301 783 1341 propositum
799 1307 853 1338 est,
870 1306 905 1330 ut
920 1310 980 1330 non
997 1310 1034 1330 ex
1050 1300 1111 1331 illis
1145 1300 1147 1316 ³

222 1344 390 1379 maleficiis,
406 1354 475 1384 quae
491 1344 521 1373 in
537 1344 590 1373 1110
610 1350 725 1374 constat
740 1354 812 1381 csse,
830 1344 885 1374 hoc
900 1343 1109 1382 intelligatur;

222 1397 328 1417 verum
345 1397 382 1416 ex
398 1387 453 1417 hoc
469 1387 571 1425 etiam,
589 1387 613 1417 51
629 1387 710 1427 quod
726 1387 847 1417 illorum
864 1387 941 1417 forte
956 1386 1111 1416 dubitabi-
1145 1412 1146 1428 ζ

221 1435 283 1466 tur,
295 1429 498 1459 convincatur.
516 1429 602 1467 Quid
612 1430 747 1467 tandem,
758 1440 870 1471 quaeso,
879 1429 1017 1469 judices?
1033 1439 1111 1459 num
1144 1435 1146 1456 ι’

221 1478 275 1502 aut
300 1472 351 1502 illc
373 1472 483 1502 lanista
503 1473 628 1502 omnino
646 1474 710 1512 jam
733 1484 750 1503 a
770 1473 937 1513 gladiatore
959 1472 1112 1503 recessisse

221 1516 362 1551 videtur3
387 1521 441 1545 aut
462 1515 518 1545 iste
539 1516 705 1556 discipulus
727 1517 872 1556 magistro
895 1516 1049 1546 tantulum
1073 1515 1112 1546 de
1144 1523 1146 1529 ¹

219 1564 284 1588 arte
299 1558 484 1588 concedere?
510 1558 569 1589 Par
585 1565 628 1588 est
643 1559 779 1596 avaritia,
797 1559 903 1589 similis
919 1559 1108 1599 improbitas,
1144 1578 1145 1603 3

222 1601 328 1631 eadem
344 1601 546 1641 impudentia,
563 1602 686 1641 gemina
701 1602 836 1632 audacia.

264 1644 356 1674 XLI.
381 1644 517 1679 Etenim,
531 1645 676 1685 quoniam
693 1645 783 1675 fidem
800 1644 937 1684 magistri
948 1644 1110 1685 cognostis,

219 1687 390 1727 cognoscite
400 1697 480 1717 nunc
491 1687 631 1727 discipuli
641 1689 825 1728 aequitatem.
850 1688 926 1718 Dixi
933 1689 998 1726 jam
1009 1693 1110 1726 antea,

220 1740 428 1770 saepenumero
449 1731 614 1770 postulatos
634 1742 695 1761 esse
716 1733 754 1761 ab
775 1732 840 1761 istis
860 1732 935 1761 duos
959 1741 1058 1760 servos
1078 1730 1112 1760 in

219 1774 430 1814 quaestioncm.
448 1774 499 1803 Tu
513 1785 641 1814 semper,
655 1775 695 1804 T.
710 1775 812 1811 Rosci,
827 1773 978 1805 recusasti.
996 1774 1112 1811 Quaero
1143 1774 1144 1777 ’

219 1819 275 1847 abs
290 1825 329 1851 te,
347 1817 418 1853 11116,
441 1817 494 1857 qui
510 1818 715 1857 postulabant,
732 1818 851 1857 indigni
871 1823 966 1853 erant,
984 1817 1038 1857 qui
1053 1817 1112 1846 im·
1143 1824 1144 1843 1

217 1860 395 1902 petrarent?
419 1870 457 1891 an
473 1861 529 1892 iste
543 1870 605 1892 non
620 1862 841 1902 commovebat,
859 1871 914 1902 pro
929 1870 991 1901 quo
1006 1865 1112 1902 postu·-
1142 1878 1144 1890 «,
