1181 1902
135 138 177 168 80
222 135 313 168 PRO
337 135 504 168 ROSCIO
527 134 760 168 AMERINO.
777 136 861 168 CAP.
878 136 930 172 472

133 222 254 253 officina
282 222 436 265 nequitiae,
464 228 494 254 et
516 222 715 254 diversorium
743 222 929 264 flagitiorum
958 231 1028 253 om⁴

134 266 233 296 nium.

177 309 248 349 Ipse
269 319 339 339 vero
362 307 634 350 quemadmodum,
650 308 816 350 composito
835 314 865 339 et
885 307 1023 339 delibuto

130 352 250 392 capillo,
261 351 372 392 passim
385 363 438 392 per
453 352 554 382 forum
570 352 674 382 volitet
689 363 758 382 cum
775 362 888 392 magna
903 351 1022 382 caterva

131 399 314 435 togatorum,
331 395 448 432 videtis,
459 395 583 434 judices.
608 395 712 425 Etiam
729 395 847 431 videtis,
864 401 899 424 ut
918 404 1024 424 omnes

131 437 285 478 despiciat,
302 443 337 467 ut
348 438 504 468 hominem
519 449 581 479 prae
597 449 627 468 se
642 437 795 468 neminem
808 442 894 478 putet
907 448 916 472 ς
940 443 975 467 ut
990 447 1023 467 se

130 481 230 510 solum
252 482 387 518 beatum,
413 481 511 511 solum
532 486 698 521 potentem,
720 487 815 522 putet.
849 480 929 518 Quae
953 490 1023 510 vero

130 523 250 560 efficiat,
267 530 296 554 et
311 534 380 564 quae
399 530 534 560 conetur,
552 523 576 553 si
591 524 683 553 velim
701 533 949 560 commemorare,
969 533 1021 553 ve-

127 575 204 604 reor,
218 566 345 606 judices,
362 576 400 596 ne
415 566 483 607 quis
505 566 673 607 imperitior
693 566 855 604 existimet,
876 576 926 596 me
948 576 1020 596 cau-

126 619 192 639 sam
208 609 372 639 nobilitatis
384 609 601 650 victoriamque
613 609 742 639 voluisse
755 609 863 639 laedere
876 620 885 645 ς
910 614 1020 639 tamet-

125 651 151 681 si
167 661 235 682 meo
247 653 316 692 jure
331 662 466 692 possum,
483 652 507 682 si
528 652 603 693 quid
621 652 653 681 in
673 652 730 682 hac
752 657 837 692 parte
857 651 934 681 mihi
956 661 1018 682 non

124 694 253 734 placeat,
271 695 448 735 vituperare.
488 695 559 725 Non
577 695 658 725 enim
674 705 786 730 vereor,
804 704 841 724 ne
856 694 924 735 quis
945 694 1017 724 alie·-v

124 746 201 768 num
222 748 272 769 me
287 738 425 768 animum
440 738 581 768 habuisse
596 748 614 768 a
629 738 719 769 causa
733 736 901 768 nobilitatis
913 737 1017 768 existi-

126 786 199 811 met.

167 823 312 854 XLVII.
336 824 443 855 Sciunt
462 823 495 861 ii,
517 823 571 865 qui
590 834 641 854 me
660 825 784 862 nerunt,
802 834 864 859 me,
887 833 942 863 pro
963 822 1018 853 1Πᾶ

123 867 209 896 tenui
228 867 411 908 infirmaque
431 873 526 908 parte,
549 870 759 908 (posteaquam
779 866 822 905 id,
834 866 916 908 quod
928 876 1017 897 max-

123 908 185 939 ime
211 910 304 947 volui,
330 910 394 940 fieri
418 921 479 941 non
503 910 614 951 potuit,
646 916 680 940 ut
707 915 949 951 componeretur)
983 909 1016 939 id

124 952 261 983 maxime
286 953 463 992 defendisse,
491 960 526 984 ut
551 953 573 983 ii
598 953 762 991 vincerent,
788 953 841 994 qui
867 953 1014 983 vicerunt.

124 995 205 1032 Quis
226 996 307 1026 enim
329 1002 401 1033 erat,
422 997 475 1037 qui
496 1006 556 1026 non
577 996 701 1034 videret,
717 997 922 1026 humilitatem
944 1005 1015 1026 cum

123 1038 272 1078 dignitate
292 1039 329 1069 de
347 1039 548 1080 amplitudine
568 1040 746 1069 contendere
758 1041 772 1070 ,⁹
795 1050 856 1080 quo
871 1039 903 1068 in
919 1044 1015 1068 certa-

123 1081 206 1111 mine
221 1082 330 1122 perditi
344 1082 416 1112 civis
431 1089 505 1119 erat,
522 1092 582 1112 non
595 1093 625 1112 se
637 1082 675 1112 ad
687 1093 736 1113 eos
748 1083 887 1123 jungere,
902 1081 1014 1122 quibus

123 1124 339 1161 incolumibus,
356 1131 385 1155 et
405 1125 488 1155 domi
509 1125 639 1166 dignitas
658 1132 687 1156 et
707 1126 778 1155 foris
793 1125 952 1155 auctoritas
968 1135 1014 1154 re-

123 1168 278 1198 tineretur.
311 1168 391 1206 Quae
406 1151 559 1209 perfecta⁰
551 1179 623 1205 esse,
641 1174 670 1198 et
685 1179 775 1199 suum
794 1168 903 1208 cuique
918 1168 1014 1197 hono-

123 1220 188 1240 rem
215 1217 244 1241 et
269 1211 399 1251 gradum
425 1211 589 1249 redditum,
617 1211 745 1251 gaudeo,
769 1211 897 1251 judices,
923 1211 1013 1240 vehe-

122 1259 300 1295 menterque
319 1255 423 1285 laetor:
448 1265 543 1294 eaque
563 1255 666 1284 omnia
685 1255 822 1285 Deorum
844 1254 1011 1291 voluntate,

122 1297 222 1326 studio
245 1298 351 1337 populi
375 1298 521 1335 Romani,
547 1297 670 1328 consilio
693 1303 723 1328 et
744 1296 871 1338 imperio
893 1302 923 1326 et
944 1296 1013 1326 feli-

121 1339 212 1370 citate
228 1340 266 1369 L.
280 1341 385 1375 Sullae„
402 1346 485 1380 gesta
500 1350 561 1370 esse
576 1340 723 1381 intelligo.

164 1382 258 1420 Quod
284 1383 529 1414 animadversum
550 1388 593 1413 est
613 1383 645 1413 in
666 1394 715 1413 eos
731 1383 783 1424 qui
806 1388 909 1413 contra
926 1382 1012 1412 omni

119 1425 235 1455 ratione
254 1426 443 1466 pugnarunt,
466 1436 527 1456 non
550 1426 644 1456 debeo
666 1425 900 1467 reprehendere.
929 1425 1012 1466 quod

120 1468 191 1499 viris
206 1468 345 1507 fortibus,
362 1479 493 1510 quorum
505 1479 595 1510 opera
607 1469 719 1500 eximia
729 1469 761 1499 in
772 1470 861 1499 rebus
873 1468 1011 1509 gerendis

120 1511 246 1549 exstitit,
262 1512 357 1542 honos
372 1512 494 1543 habitus
515 1519 569 1548 est,
593 1513 694 1543 laudo.
736 1512 816 1550 Quae
836 1517 871 1542 ut
892 1512 1009 1549 fierent,

119 1554 229 1585 idcirco
244 1561 415 1596 pugnatum
432 1566 494 1585 esse
509 1555 656 1592 arbitron-3
680 1566 791 1596 meque
810 1555 841 1585 in
861 1565 895 1584 eo
911 1554 1012 1584 studio

120 1597 255 1637 partium
270 1598 361 1628 fuisse
377 1598 528 1629 confiteor.
556 1599 610 1629 Sin
626 1604 728 1629 autem
744 1598 775 1628 id
791 1603 892 1628 actum
908 1603 962 1635 est,
979 1602 1010 1628 et

118 1640 229 1670 idcirco
244 1651 329 1671 arma
344 1647 444 1671 sumta
459 1647 540 1678 sunt,
557 1647 592 1671 ut
605 1641 744 1672 homines
759 1640 902 1682 postremi
918 1650 1010 1681 pecu-

119 1683 178 1713 niis
203 1684 308 1714 alienis
332 1684 599 1725 locupletarentur,
627 1690 656 1715 et
682 1684 713 1714 in
740 1684 876 1714 fortunas
902 1683 1009 1713 unius-

119 1726 267 1768 cujusque
281 1727 431 1768 impetum
447 1727 588 1765 facerent,
606 1734 635 1758 et
654 1727 686 1757 id
707 1737 767 1757 non
786 1727 877 1757 modo
891 1736 923 1755 re
937 1735 1007 1766 pro-

117 1768 220 1803 hibere
238 1780 298 1802 non
317 1770 396 1811 licet,
419 1770 471 1802 sed
491 1780 528 1802 ne
552 1770 649 1803 verbis
670 1771 793 1812 quidem
814 1770 1004 1811 vituperare3
