<?xml version="1.0" encoding="UTF-8"?>
<!DOCTYPE html PUBLIC "-//W3C//DTD XHTML 1.0 Transitional//EN"
    "http://www.w3.org/TR/xhtml1/DTD/xhtml1-transitional.dtd">
<html xmlns="http://www.w3.org/1999/xhtml" xml:lang="en" lang="en">
 <head>
  <title>
</title>
<meta http-equiv="Content-Type" content="text/html;charset=utf-8" />
  <meta name='ocr-system' content='tesseract 3.04.00' />
  <meta name='ocr-capabilities' content='ocr_page ocr_carea ocr_par ocr_line ocrx_word'/>
</head>
<body>
  <div class='ocr_page' id='page_1' title='image "./operaern05ciceuoft_0194.png"; bbox 0 0 1181 1902; ppageno 0'>
   <div class='ocr_carea' id='block_1_1' title="bbox 217 77 923 110">
    <p class='ocr_par' dir='ltr' id='par_1_1' title="bbox 217 77 923 110">
     <span class='ocr_line' id='line_1_1' title="bbox 217 77 923 110; baseline 0 -1"><span class='ocrx_word' id='word_1_1' title='bbox 217 79 277 109; x_wconf 80' lang='lat'><strong>132</strong></span> <span class='ocrx_word' id='word_1_2' title='bbox 398 78 451 109; x_wconf 94' lang='lat' dir='ltr'><strong>IN</strong></span> <span class='ocrx_word' id='word_1_3' title='bbox 473 77 672 110; x_wconf 84' lang='lat' dir='ltr'>VERREM</span> <span class='ocrx_word' id='word_1_4' title='bbox 696 78 743 109; x_wconf 93' lang='grc' dir='ltr'><strong>ΙΙ.</strong></span> <span class='ocrx_word' id='word_1_5' title='bbox 768 77 852 109; x_wconf 78' lang='grc' dir='ltr'><strong>ΟΑΡ.</strong></span> <span class='ocrx_word' id='word_1_6' title='bbox 869 79 923 109; x_wconf 91' lang='lat'><strong>31.</strong></span> 
     </span>
    </p>
   </div>
   <div class='ocr_carea' id='block_1_2' title="bbox 190 163 1108 1497">
    <p class='ocr_par' dir='ltr' id='par_1_2' title="bbox 203 163 1108 886">
     <span class='ocr_line' id='line_1_2' title="bbox 212 163 1105 205; baseline -0.002 -9"><span class='ocrx_word' id='word_1_7' title='bbox 212 164 367 196; x_wconf 86' lang='lat' dir='ltr'><strong>sententiis</strong></span> <span class='ocrx_word' id='word_1_8' title='bbox 383 163 595 203; x_wconf 81' lang='lat' dir='ltr'>Philodamus,</span> <span class='ocrx_word' id='word_1_9' title='bbox 612 170 642 195; x_wconf 90' lang='lat' dir='ltr'><strong>et</strong></span> <span class='ocrx_word' id='word_1_10' title='bbox 662 165 727 205; x_wconf 90' lang='lat' dir='ltr'><strong>ejus</strong></span> <span class='ocrx_word' id='word_1_11' title='bbox 748 164 838 195; x_wconf 83' lang='lat' dir='ltr'><strong>filius.</strong></span> <span class='ocrx_word' id='word_1_12' title='bbox 870 164 981 202; x_wconf 81' lang='lat' dir='ltr'>Adest,</span> <span class='ocrx_word' id='word_1_13' title='bbox 1000 164 1105 202; x_wconf 75' lang='lat' dir='ltr'><strong>instat,</strong></span> 
     </span>
     <span class='ocr_line' id='line_1_3' title="bbox 211 208 1104 249; baseline -0.001 -11"><span class='ocrx_word' id='word_1_14' title='bbox 211 215 301 249; x_wconf 84' lang='lat' dir='ltr'><strong>urget</strong></span> <span class='ocrx_word' id='word_1_15' title='bbox 316 208 488 244; x_wconf 75' lang='lat' dir='ltr'><strong>Dolabella,</strong></span> <span class='ocrx_word' id='word_1_16' title='bbox 511 214 547 238; x_wconf 82' lang='lat' dir='ltr'><strong>ut</strong></span> <span class='ocrx_word' id='word_1_17' title='bbox 567 209 798 249; x_wconf 84' lang='lat' dir='ltr'><strong>quamprimum</strong></span> <span class='ocrx_word' id='word_1_18' title='bbox 820 208 916 238; x_wconf 89' lang='lat' dir='ltr'><strong>securi</strong></span> <span class='ocrx_word' id='word_1_19' title='bbox 936 208 1104 243; x_wconf 84' lang='lat' dir='ltr'><strong>feriantur;</strong></span> 
     </span>
     <span class='ocr_line' id='line_1_4' title="bbox 212 249 1108 293; baseline -0.001 -12"><span class='ocrx_word' id='word_1_20' title='bbox 212 262 274 293; x_wconf 90' lang='lat' dir='ltr'><strong>quo</strong></span> <span class='ocrx_word' id='word_1_21' title='bbox 299 261 392 292; x_wconf 86' lang='lat' dir='ltr'><strong>quam</strong></span> <span class='ocrx_word' id='word_1_22' title='bbox 416 251 545 281; x_wconf 87' lang='lat' dir='ltr'><strong>minime</strong></span> <span class='ocrx_word' id='word_1_23' title='bbox 568 251 659 281; x_wconf 88' lang='lat' dir='ltr'><strong>multi</strong></span> <span class='ocrx_word' id='word_1_24' title='bbox 684 262 721 281; x_wconf 81' lang='lat' dir='ltr'><strong>ex</strong></span> <span class='ocrx_word' id='word_1_25' title='bbox 746 251 806 281; x_wconf 87' lang='lat' dir='ltr'><strong>illis</strong></span> <span class='ocrx_word' id='word_1_26' title='bbox 828 251 865 281; x_wconf 90' lang='lat' dir='ltr'><strong>de</strong></span> <span class='ocrx_word' id='word_1_27' title='bbox 887 251 973 281; x_wconf 85' lang='lat' dir='ltr'><strong>istius</strong></span> <span class='ocrx_word' id='word_1_28' title='bbox 992 249 1108 280; x_wconf 86' lang='lat' dir='ltr'><strong>nefario</strong></span> 
     </span>
     <span class='ocr_line' id='line_1_5' title="bbox 211 293 1107 334; baseline -0.002 -9"><span class='ocrx_word' id='word_1_29' title='bbox 211 296 320 326; x_wconf 83' lang='lat' dir='ltr'><strong>scelere</strong></span> <span class='ocrx_word' id='word_1_30' title='bbox 336 294 440 324; x_wconf 86' lang='lat' dir='ltr'><strong>audire</strong></span> <span class='ocrx_word' id='word_1_31' title='bbox 454 300 584 334; x_wconf 85' lang='lat' dir='ltr'><strong>possent.</strong></span> <span class='ocrx_word' id='word_1_32' title='bbox 609 294 812 324; x_wconf 79' lang='lat' dir='ltr'><strong>constituitur</strong></span> <span class='ocrx_word' id='word_1_33' title='bbox 827 294 858 323; x_wconf 91' lang='lat' dir='ltr'><strong>in</strong></span> <span class='ocrx_word' id='word_1_34' title='bbox 870 294 935 324; x_wconf 86' lang='lat' dir='ltr'><strong>foro</strong></span> <span class='ocrx_word' id='word_1_35' title='bbox 947 293 1107 324; x_wconf 85' lang='lat' dir='ltr'><strong>Laodiceae</strong></span> 
     </span>
     <span class='ocr_line' id='line_1_6' title="bbox 211 335 1107 378; baseline -0.004 -9"><span class='ocrx_word' id='word_1_36' title='bbox 211 338 417 378; x_wconf 85' lang='lat' dir='ltr'><strong>spectaculum</strong></span> <span class='ocrx_word' id='word_1_37' title='bbox 447 338 601 374; x_wconf 68' lang='lat' dir='ltr'><strong>acerbum,</strong></span> <span class='ocrx_word' id='word_1_38' title='bbox 633 343 662 367; x_wconf 90' lang='lat' dir='ltr'><strong>et</strong></span> <span class='ocrx_word' id='word_1_39' title='bbox 691 338 848 374; x_wconf 84' lang='lat' dir='ltr'><strong>miserum,</strong></span> <span class='ocrx_word' id='word_1_40' title='bbox 877 343 906 367; x_wconf 86' lang='lat' dir='ltr'><strong>et</strong></span> <span class='ocrx_word' id='word_1_41' title='bbox 936 347 1026 377; x_wconf 78' lang='lat' dir='ltr'><strong>grave</strong></span> <span class='ocrx_word' id='word_1_42' title='bbox 1051 335 1107 366; x_wconf 88' lang='lat' dir='ltr'><strong>toti</strong></span> 
     </span>
     <span class='ocr_line' id='line_1_7' title="bbox 210 378 1106 421; baseline -0.002 -10"><span class='ocrx_word' id='word_1_43' title='bbox 210 381 296 411; x_wconf 81' lang='lat' dir='ltr'><strong>Asiae</strong></span> <span class='ocrx_word' id='word_1_44' title='bbox 319 380 499 421; x_wconf 82' lang='lat' dir='ltr'><strong>provinciae;</strong></span> <span class='ocrx_word' id='word_1_45' title='bbox 529 380 651 420; x_wconf 86' lang='lat' dir='ltr'><strong>grandis</strong></span> <span class='ocrx_word' id='word_1_46' title='bbox 673 387 747 410; x_wconf 85' lang='lat' dir='ltr'><strong>natu</strong></span> <span class='ocrx_word' id='word_1_47' title='bbox 770 390 878 420; x_wconf 89' lang='lat' dir='ltr'><strong>parens</strong></span> <span class='ocrx_word' id='word_1_48' title='bbox 899 380 1046 410; x_wconf 87' lang='lat' dir='ltr'><strong>adductus</strong></span> <span class='ocrx_word' id='word_1_49' title='bbox 1066 378 1106 409; x_wconf 87' lang='lat' dir='ltr'><strong>ad</strong></span> 
     </span>
     <span class='ocr_line' id='line_1_8' title="bbox 210 422 1106 465; baseline -0.003 -10"><span class='ocrx_word' id='word_1_50' title='bbox 210 424 416 465; x_wconf 67' lang='lat' dir='ltr'><strong>suppliciumg</strong></span> <span class='ocrx_word' id='word_1_51' title='bbox 441 434 478 453; x_wconf 87' lang='lat' dir='ltr'><strong>ex</strong></span> <span class='ocrx_word' id='word_1_52' title='bbox 494 423 589 454; x_wconf 67' lang='lat' dir='ltr'><strong>altera</strong></span> <span class='ocrx_word' id='word_1_53' title='bbox 604 429 689 464; x_wconf 86' lang='lat' dir='ltr'><strong>parte</strong></span> <span class='ocrx_word' id='word_1_54' title='bbox 705 423 805 459; x_wconf 87' lang='lat' dir='ltr'><strong>filius;</strong></span> <span class='ocrx_word' id='word_1_55' title='bbox 830 423 892 459; x_wconf 75' lang='lat' dir='ltr'><strong>ille,</strong></span> <span class='ocrx_word' id='word_1_56' title='bbox 913 423 995 463; x_wconf 88' lang='lat' dir='ltr'><strong>quod</strong></span> <span class='ocrx_word' id='word_1_57' title='bbox 1015 422 1106 463; x_wconf 85' lang='lat' dir='ltr'><strong>pudi-</strong></span> 
     </span>
     <span class='ocr_line' id='line_1_9' title="bbox 208 466 1105 507; baseline -0.002 -9"><span class='ocrx_word' id='word_1_58' title='bbox 208 468 311 498; x_wconf 85' lang='lat' dir='ltr'>citiam</span> <span class='ocrx_word' id='word_1_59' title='bbox 332 467 509 503; x_wconf 78' lang='lat' dir='ltr'><strong>Hberorum,</strong></span> <span class='ocrx_word' id='word_1_60' title='bbox 531 466 592 501; x_wconf 71' lang='lat' dir='ltr'><strong>hic,</strong></span> <span class='ocrx_word' id='word_1_61' title='bbox 609 466 690 506; x_wconf 89' lang='lat' dir='ltr'><strong>quod</strong></span> <span class='ocrx_word' id='word_1_62' title='bbox 706 467 798 496; x_wconf 81' lang='lat' dir='ltr'><strong>vitam</strong></span> <span class='ocrx_word' id='word_1_63' title='bbox 818 466 912 506; x_wconf 82' lang='lat' dir='ltr'><strong>patris</strong></span> <span class='ocrx_word' id='word_1_64' title='bbox 927 466 1105 507; x_wconf 85' lang='lat' dir='ltr'>famamque</span> 
     </span>
     <span class='ocr_line' id='line_1_10' title="bbox 208 509 1102 550; baseline -0.002 -9"><span class='ocrx_word' id='word_1_65' title='bbox 208 511 326 548; x_wconf 80' lang='lat' dir='ltr'><strong>sororis,</strong></span> <span class='ocrx_word' id='word_1_66' title='bbox 343 510 526 540; x_wconf 83' lang='lat' dir='ltr'><strong>defenderat.</strong></span> <span class='ocrx_word' id='word_1_67' title='bbox 552 510 661 539; x_wconf 78' lang='lat' dir='ltr'><strong>Flebat</strong></span> <span class='ocrx_word' id='word_1_68' title='bbox 675 516 813 550; x_wconf 76' lang='lat' dir='ltr'><strong>uterque,</strong></span> <span class='ocrx_word' id='word_1_69' title='bbox 830 519 890 539; x_wconf 91' lang='lat' dir='ltr'><strong>non</strong></span> <span class='ocrx_word' id='word_1_70' title='bbox 907 509 944 539; x_wconf 88' lang='lat' dir='ltr'><strong>de</strong></span> <span class='ocrx_word' id='word_1_71' title='bbox 960 519 1014 539; x_wconf 89' lang='lat' dir='ltr'><strong>suo</strong></span> <span class='ocrx_word' id='word_1_72' title='bbox 1029 520 1102 549; x_wconf 91' lang='lat' dir='ltr'><strong>sup-</strong></span> 
     </span>
     <span class='ocr_line' id='line_1_11' title="bbox 207 552 1098 595; baseline -0.002 -11"><span class='ocrx_word' id='word_1_73' title='bbox 207 554 309 595; x_wconf 80' lang='lat' dir='ltr'><strong>plicio,</strong></span> <span class='ocrx_word' id='word_1_74' title='bbox 337 553 388 583; x_wconf 91' lang='lat' dir='ltr'><strong>sed</strong></span> <span class='ocrx_word' id='word_1_75' title='bbox 414 559 499 593; x_wconf 88' lang='lat' dir='ltr'><strong>pater</strong></span> <span class='ocrx_word' id='word_1_76' title='bbox 528 553 565 582; x_wconf 90' lang='lat' dir='ltr'><strong>de</strong></span> <span class='ocrx_word' id='word_1_77' title='bbox 595 553 650 582; x_wconf 81' lang='lat' dir='ltr'><strong>filii</strong></span> <span class='ocrx_word' id='word_1_78' title='bbox 676 559 784 589; x_wconf 73' lang='lat' dir='ltr'><strong>morte,</strong></span> <span class='ocrx_word' id='word_1_79' title='bbox 812 552 849 582; x_wconf 91' lang='lat' dir='ltr'><strong>de</strong></span> <span class='ocrx_word' id='word_1_80' title='bbox 874 553 979 593; x_wconf 85' lang='lat' dir='ltr'><strong>patris,</strong></span> <span class='ocrx_word' id='word_1_81' title='bbox 1007 552 1098 582; x_wconf 89' lang='lat' dir='ltr'><strong>filius.</strong></span> 
     </span>
     <span class='ocr_line' id='line_1_12' title="bbox 206 595 1101 637; baseline -0.002 -10"><span class='ocrx_word' id='word_1_82' title='bbox 206 597 293 634; x_wconf 80' lang='lat' dir='ltr'><strong>Quid</strong></span> <span class='ocrx_word' id='word_1_83' title='bbox 315 597 520 637; x_wconf 84' lang='lat' dir='ltr'><strong>lacrymarum</strong></span> <span class='ocrx_word' id='word_1_84' title='bbox 547 596 648 636; x_wconf 88' lang='lat' dir='ltr'><strong>ipsum</strong></span> <span class='ocrx_word' id='word_1_85' title='bbox 674 596 831 626; x_wconf 85' lang='lat' dir='ltr'>Neronem</span> <span class='ocrx_word' id='word_1_86' title='bbox 855 595 969 636; x_wconf 88' lang='lat' dir='ltr'><strong>putatis</strong></span> <span class='ocrx_word' id='word_1_87' title='bbox 994 595 1101 636; x_wconf 87' lang='lat' dir='ltr'><strong>profu-</strong></span> 
     </span>
     <span class='ocr_line' id='line_1_13' title="bbox 206 638 1100 680; baseline -0.001 -10"><span class='ocrx_word' id='word_1_88' title='bbox 206 641 310 670; x_wconf 83' lang='lat' dir='ltr'><strong>disse?</strong></span> <span class='ocrx_word' id='word_1_89' title='bbox 334 649 427 680; x_wconf 89' lang='lat' dir='ltr'><strong>quem</strong></span> <span class='ocrx_word' id='word_1_90' title='bbox 448 639 554 669; x_wconf 89' lang='lat' dir='ltr'><strong>fletum</strong></span> <span class='ocrx_word' id='word_1_91' title='bbox 576 639 668 669; x_wconf 81' lang='lat' dir='ltr'><strong>totius</strong></span> <span class='ocrx_word' id='word_1_92' title='bbox 686 639 772 669; x_wconf 81' lang='lat' dir='ltr'><strong>Asiae</strong></span> <span class='ocrx_word' id='word_1_93' title='bbox 786 639 903 669; x_wconf 81' lang='lat' dir='ltr'><strong>fuisse?</strong></span> <span class='ocrx_word' id='word_1_94' title='bbox 928 649 1019 679; x_wconf 89' lang='lat' dir='ltr'><strong>quem</strong></span> <span class='ocrx_word' id='word_1_95' title='bbox 1034 638 1100 669; x_wconf 87' lang='lat' dir='ltr'><strong>luc-</strong></span> 
     </span>
     <span class='ocr_line' id='line_1_14' title="bbox 204 682 1099 722; baseline -0.002 -9"><span class='ocrx_word' id='word_1_96' title='bbox 204 689 273 713; x_wconf 90' lang='lat' dir='ltr'><strong>tum</strong></span> <span class='ocrx_word' id='word_1_97' title='bbox 297 688 326 713; x_wconf 83' lang='lat' dir='ltr'><strong>et</strong></span> <span class='ocrx_word' id='word_1_98' title='bbox 341 682 490 722; x_wconf 83' lang='lat' dir='ltr'>gemitum</span> <span class='ocrx_word' id='word_1_99' title='bbox 512 682 791 722; x_wconf 81' lang='lat' dir='ltr'><strong>Lampsacenorum</strong></span> <span class='ocrx_word' id='word_1_100' title='bbox 805 684 819 712; x_wconf 79' lang='lat'>?</span> <span class='ocrx_word' id='word_1_101' title='bbox 843 682 938 712; x_wconf 87' lang='lat' dir='ltr'><strong>securi</strong></span> <span class='ocrx_word' id='word_1_102' title='bbox 954 692 1016 712; x_wconf 89' lang='lat' dir='ltr'><strong>esse</strong></span> <span class='ocrx_word' id='word_1_103' title='bbox 1031 692 1099 722; x_wconf 89' lang='lat' dir='ltr'><strong>per-</strong></span> 
     </span>
     <span class='ocr_line' id='line_1_15' title="bbox 204 724 1100 765; baseline -0.001 -9"><span class='ocrx_word' id='word_1_104' title='bbox 204 737 304 756; x_wconf 88' lang='lat' dir='ltr'><strong>cussos</strong></span> <span class='ocrx_word' id='word_1_105' title='bbox 330 725 468 755; x_wconf 88' lang='lat' dir='ltr'><strong>homines</strong></span> <span class='ocrx_word' id='word_1_106' title='bbox 497 725 681 761; x_wconf 59' lang='lat' dir='ltr'><strong>innocentes7</strong></span> <span class='ocrx_word' id='word_1_107' title='bbox 713 726 839 762; x_wconf 70' lang='lat' dir='ltr'><strong>nobiles,</strong></span> <span class='ocrx_word' id='word_1_108' title='bbox 871 725 964 755; x_wconf 91' lang='lat' dir='ltr'><strong>socios</strong></span> <span class='ocrx_word' id='word_1_109' title='bbox 992 724 1100 765; x_wconf 83' lang='lat' dir='ltr'><strong>populi</strong></span> 
     </span>
     <span class='ocr_line' id='line_1_16' title="bbox 203 767 1098 809; baseline -0.002 -10"><span class='ocrx_word' id='word_1_110' title='bbox 203 768 339 799; x_wconf 86' lang='lat' dir='ltr'><strong>Romani</strong></span> <span class='ocrx_word' id='word_1_111' title='bbox 354 774 446 809; x_wconf 88' lang='lat' dir='ltr'><strong>atque</strong></span> <span class='ocrx_word' id='word_1_112' title='bbox 458 768 581 804; x_wconf 81' lang='lat' dir='ltr'><strong>amicos,</strong></span> <span class='ocrx_word' id='word_1_113' title='bbox 595 774 717 809; x_wconf 87' lang='lat' dir='ltr'><strong>propter</strong></span> <span class='ocrx_word' id='word_1_114' title='bbox 728 769 860 799; x_wconf 87' lang='lat' dir='ltr'><strong>hominis</strong></span> <span class='ocrx_word' id='word_1_115' title='bbox 873 767 1098 808; x_wconf 84' lang='lat' dir='ltr'><strong>flagitiosissimi</strong></span> 
     </span>
     <span class='ocr_line' id='line_1_17' title="bbox 203 810 1099 853; baseline -0.003 -10"><span class='ocrx_word' id='word_1_116' title='bbox 203 813 388 852; x_wconf 83' lang='lat' dir='ltr'><strong>singularem</strong></span> <span class='ocrx_word' id='word_1_117' title='bbox 409 811 578 852; x_wconf 83' lang='lat' dir='ltr'><strong>nequitiam</strong></span> <span class='ocrx_word' id='word_1_118' title='bbox 599 818 691 852; x_wconf 84' lang='lat' dir='ltr'><strong>atque</strong></span> <span class='ocrx_word' id='word_1_119' title='bbox 708 812 965 853; x_wconf 83' lang='lat' dir='ltr'><strong>improbissimam</strong></span> <span class='ocrx_word' id='word_1_120' title='bbox 981 810 1099 852; x_wconf 87' lang='lat' dir='ltr'><strong>cupidi-</strong></span> 
     </span>
     <span class='ocr_line' id='line_1_18' title="bbox 203 857 324 886; baseline 0.008 -1"><span class='ocrx_word' id='word_1_121' title='bbox 203 861 298 886; x_wconf 80' lang='lat' dir='ltr'><strong>tatem</strong></span> <span class='ocrx_word' id='word_1_122' title='bbox 311 857 324 886; x_wconf 70' lang='lat'><strong>‚⁹</strong></span> 
     </span>
    </p>

    <p class='ocr_par' dir='ltr' id='par_1_3' title="bbox 190 896 1098 1497">
     <span class='ocr_line' id='line_1_19' title="bbox 245 896 1098 939; baseline 0 -11"><span class='ocrx_word' id='word_1_123' title='bbox 245 898 320 929; x_wconf 82' lang='lat' dir='ltr'><strong>Jam</strong></span> <span class='ocrx_word' id='word_1_124' title='bbox 334 899 411 936; x_wconf 76' lang='lat' dir='ltr'><strong>jam,</strong></span> <span class='ocrx_word' id='word_1_125' title='bbox 428 897 602 935; x_wconf 63' lang='lat' dir='ltr'><strong>Dolabella,</strong></span> <span class='ocrx_word' id='word_1_126' title='bbox 619 907 718 938; x_wconf 89' lang='lat' dir='ltr'><strong>neque</strong></span> <span class='ocrx_word' id='word_1_127' title='bbox 736 896 817 939; x_wconf 87' lang='lat' dir='ltr'><strong>[me]</strong></span> <span class='ocrx_word' id='word_1_128' title='bbox 838 897 895 935; x_wconf 75' lang='lat' dir='ltr'><strong>tui,</strong></span> <span class='ocrx_word' id='word_1_129' title='bbox 915 907 1014 938; x_wconf 89' lang='lat' dir='ltr'><strong>neque</strong></span> <span class='ocrx_word' id='word_1_130' title='bbox 1029 902 1098 928; x_wconf 83' lang='lat' dir='ltr'><strong>tuo-</strong></span> 
     </span>
     <span class='ocr_line' id='line_1_20' title="bbox 199 940 1097 981; baseline -0.001 -9"><span class='ocrx_word' id='word_1_131' title='bbox 199 952 270 972; x_wconf 87' lang='lat' dir='ltr'><strong>rum</strong></span> <span class='ocrx_word' id='word_1_132' title='bbox 291 941 432 977; x_wconf 67' lang='lat' dir='ltr'><strong>liberum„</strong></span> <span class='ocrx_word' id='word_1_133' title='bbox 456 951 532 981; x_wconf 90' lang='lat' dir='ltr'><strong>quos</strong></span> <span class='ocrx_word' id='word_1_134' title='bbox 553 946 586 970; x_wconf 89' lang='lat' dir='ltr'><strong>tu</strong></span> <span class='ocrx_word' id='word_1_135' title='bbox 607 941 732 971; x_wconf 88' lang='lat' dir='ltr'><strong>miseros</strong></span> <span class='ocrx_word' id='word_1_136' title='bbox 751 941 783 971; x_wconf 88' lang='lat' dir='ltr'><strong>in</strong></span> <span class='ocrx_word' id='word_1_137' title='bbox 804 946 934 981; x_wconf 81' lang='lat' dir='ltr'><strong>egestate</strong></span> <span class='ocrx_word' id='word_1_138' title='bbox 953 947 1045 981; x_wconf 86' lang='lat' dir='ltr'><strong>atque</strong></span> <span class='ocrx_word' id='word_1_139' title='bbox 1064 940 1097 970; x_wconf 90' lang='lat' dir='ltr'><strong>in</strong></span> 
     </span>
     <span class='ocr_line' id='line_1_21' title="bbox 199 984 1097 1024; baseline -0.001 -9"><span class='ocrx_word' id='word_1_140' title='bbox 199 984 363 1015; x_wconf 86' lang='lat' dir='ltr'><strong>solitudine</strong></span> <span class='ocrx_word' id='word_1_141' title='bbox 385 984 544 1024; x_wconf 69' lang='lat' dir='ltr'><strong>reliquisti,</strong></span> <span class='ocrx_word' id='word_1_142' title='bbox 571 984 705 1014; x_wconf 86' lang='lat' dir='ltr'><strong>misereri</strong></span> <span class='ocrx_word' id='word_1_143' title='bbox 729 990 835 1024; x_wconf 82' lang='lat' dir='ltr'><strong>potest.</strong></span> <span class='ocrx_word' id='word_1_144' title='bbox 869 984 1017 1014; x_wconf 82' lang='lat' dir='ltr'><strong>Verresne</strong></span> <span class='ocrx_word' id='word_1_145' title='bbox 1040 984 1097 1014; x_wconf 79' lang='lat' dir='ltr'><strong>tibi</strong></span> 
     </span>
     <span class='ocr_line' id='line_1_22' title="bbox 198 1026 1094 1066; baseline -0.002 -8"><span class='ocrx_word' id='word_1_146' title='bbox 198 1028 275 1058; x_wconf 87' lang='lat' dir='ltr'><strong>tanti</strong></span> <span class='ocrx_word' id='word_1_147' title='bbox 295 1027 364 1063; x_wconf 77' lang='lat' dir='ltr'><strong>fuit,</strong></span> <span class='ocrx_word' id='word_1_148' title='bbox 388 1033 423 1057; x_wconf 89' lang='lat' dir='ltr'><strong>ut</strong></span> <span class='ocrx_word' id='word_1_149' title='bbox 444 1028 509 1066; x_wconf 88' lang='lat' dir='ltr'><strong>ejus</strong></span> <span class='ocrx_word' id='word_1_150' title='bbox 529 1027 687 1056; x_wconf 85' lang='lat' dir='ltr'><strong>libidinem</strong></span> <span class='ocrx_word' id='word_1_151' title='bbox 707 1027 868 1057; x_wconf 89' lang='lat' dir='ltr'><strong>hominum</strong></span> <span class='ocrx_word' id='word_1_152' title='bbox 887 1026 1094 1057; x_wconf 89' lang='lat' dir='ltr'><strong>innocentium</strong></span> 
     </span>
     <span class='ocr_line' id='line_1_23' title="bbox 197 1069 1096 1111; baseline -0.001 -10"><span class='ocrx_word' id='word_1_153' title='bbox 197 1070 345 1111; x_wconf 80' lang='lat' dir='ltr'><strong>sanguine</strong></span> <span class='ocrx_word' id='word_1_154' title='bbox 360 1070 404 1099; x_wconf 91' lang='lat' dir='ltr'><strong>lui</strong></span> <span class='ocrx_word' id='word_1_155' title='bbox 421 1070 512 1100; x_wconf 87' lang='lat' dir='ltr'><strong>velles</strong></span> <span class='ocrx_word' id='word_1_156' title='bbox 524 1071 538 1100; x_wconf 71' lang='grc' dir='ltr'><strong><em>Ρ</em></strong></span> <span class='ocrx_word' id='word_1_157' title='bbox 566 1069 722 1100; x_wconf 84' lang='lat' dir='ltr'><strong>Idcircone</strong></span> <span class='ocrx_word' id='word_1_158' title='bbox 737 1071 903 1100; x_wconf 83' lang='lat' dir='ltr'><strong>exercitum</strong></span> <span class='ocrx_word' id='word_1_159' title='bbox 919 1076 1010 1110; x_wconf 88' lang='lat' dir='ltr'><strong>atque</strong></span> <span class='ocrx_word' id='word_1_160' title='bbox 1026 1070 1096 1100; x_wconf 90' lang='lat' dir='ltr'><strong>hos-</strong></span> 
     </span>
     <span class='ocr_line' id='line_1_24' title="bbox 198 1112 1095 1154; baseline -0.002 -10"><span class='ocrx_word' id='word_1_161' title='bbox 198 1120 261 1145; x_wconf 87' lang='lat' dir='ltr'><strong>tem</strong></span> <span class='ocrx_word' id='word_1_162' title='bbox 280 1113 483 1154; x_wconf 72' lang='lat' dir='ltr'><strong>relinquebas,</strong></span> <span class='ocrx_word' id='word_1_163' title='bbox 507 1119 542 1142; x_wconf 89' lang='lat' dir='ltr'><strong>ut</strong></span> <span class='ocrx_word' id='word_1_164' title='bbox 562 1112 617 1142; x_wconf 62' lang='lat' dir='ltr'><strong>tua</strong></span> <span class='ocrx_word' id='word_1_165' title='bbox 639 1113 667 1142; x_wconf 92' lang='lat' dir='ltr'><strong>vi</strong></span> <span class='ocrx_word' id='word_1_166' title='bbox 689 1119 718 1143; x_wconf 89' lang='lat' dir='ltr'><strong>et</strong></span> <span class='ocrx_word' id='word_1_167' title='bbox 738 1113 913 1143; x_wconf 83' lang='lat' dir='ltr'><strong>crudelitate</strong></span> <span class='ocrx_word' id='word_1_168' title='bbox 933 1113 1018 1143; x_wconf 84' lang='lat' dir='ltr'><strong>istius</strong></span> <span class='ocrx_word' id='word_1_169' title='bbox 1039 1113 1095 1143; x_wconf 91' lang='lat' dir='ltr'><strong>ho-</strong></span> 
     </span>
     <span class='ocr_line' id='line_1_25' title="bbox 196 1155 1093 1196; baseline 0 -10"><span class='ocrx_word' id='word_1_170' title='bbox 196 1157 288 1187; x_wconf 89' lang='lat' dir='ltr'><strong>minis</strong></span> <span class='ocrx_word' id='word_1_171' title='bbox 303 1156 520 1196; x_wconf 88' lang='lat' dir='ltr'><strong>improbissimi</strong></span> <span class='ocrx_word' id='word_1_172' title='bbox 535 1156 668 1196; x_wconf 85' lang='lat' dir='ltr'><strong>pericula</strong></span> <span class='ocrx_word' id='word_1_173' title='bbox 683 1157 853 1186; x_wconf 84' lang='lat' dir='ltr'><strong>sublevares</strong></span> <span class='ocrx_word' id='word_1_174' title='bbox 864 1158 878 1186; x_wconf 82' lang='lat'>?</span> <span class='ocrx_word' id='word_1_175' title='bbox 902 1155 995 1193; x_wconf 89' lang='lat' dir='ltr'><strong>Quod</strong></span> <span class='ocrx_word' id='word_1_176' title='bbox 1011 1156 1093 1186; x_wconf 87' lang='lat' dir='ltr'><strong>enim</strong></span> 
     </span>
     <span class='ocr_line' id='line_1_26' title="bbox 197 1199 1091 1239; baseline -0.001 -9"><span class='ocrx_word' id='word_1_177' title='bbox 197 1211 269 1230; x_wconf 89' lang='lat' dir='ltr'><strong>eum</strong></span> <span class='ocrx_word' id='word_1_178' title='bbox 285 1199 340 1229; x_wconf 89' lang='lat' dir='ltr'><strong>tibi</strong></span> <span class='ocrx_word' id='word_1_179' title='bbox 355 1199 511 1239; x_wconf 81' lang='lat' dir='ltr'><strong>quaestoris</strong></span> <span class='ocrx_word' id='word_1_180' title='bbox 526 1199 557 1228; x_wconf 89' lang='lat' dir='ltr'><strong>in</strong></span> <span class='ocrx_word' id='word_1_181' title='bbox 573 1199 675 1228; x_wconf 88' lang='lat' dir='ltr'><strong>locum</strong></span> <span class='ocrx_word' id='word_1_182' title='bbox 691 1199 896 1235; x_wconf 74' lang='lat' dir='ltr'><strong>constitueras,</strong></span> <span class='ocrx_word' id='word_1_183' title='bbox 914 1199 1023 1229; x_wconf 88' lang='lat' dir='ltr'><strong>idcirco</strong></span> <span class='ocrx_word' id='word_1_184' title='bbox 1036 1199 1091 1229; x_wconf 88' lang='lat' dir='ltr'><strong>tibi</strong></span> 
     </span>
     <span class='ocr_line' id='line_1_27' title="bbox 196 1241 1092 1282; baseline 0 -9"><span class='ocrx_word' id='word_1_185' title='bbox 196 1243 331 1274; x_wconf 85' lang='lat' dir='ltr'><strong>amicum</strong></span> <span class='ocrx_word' id='word_1_186' title='bbox 346 1242 377 1271; x_wconf 88' lang='lat' dir='ltr'><strong>iu</strong></span> <span class='ocrx_word' id='word_1_187' title='bbox 396 1248 579 1282; x_wconf 83' lang='lat' dir='ltr'><strong>perpetuum</strong></span> <span class='ocrx_word' id='word_1_188' title='bbox 599 1241 662 1271; x_wconf 86' lang='lat' dir='ltr'><strong>fore</strong></span> <span class='ocrx_word' id='word_1_189' title='bbox 682 1242 821 1282; x_wconf 65' lang='lat' dir='ltr'><strong>putasti?</strong></span> <span class='ocrx_word' id='word_1_190' title='bbox 855 1242 1030 1280; x_wconf 78' lang='lat' dir='ltr'><strong>Nesciebas,</strong></span> <span class='ocrx_word' id='word_1_191' title='bbox 1051 1244 1092 1273; x_wconf 87' lang='lat' dir='ltr'><strong>ab</strong></span> 
     </span>
     <span class='ocr_line' id='line_1_28' title="bbox 197 1284 1090 1325; baseline 0 -9"><span class='ocrx_word' id='word_1_192' title='bbox 197 1297 232 1316; x_wconf 86' lang='lat' dir='ltr'><strong>eo</strong></span> <span class='ocrx_word' id='word_1_193' title='bbox 251 1286 308 1316; x_wconf 91' lang='lat' dir='ltr'><strong>Cn.</strong></span> <span class='ocrx_word' id='word_1_194' title='bbox 327 1285 499 1315; x_wconf 87' lang='lat' dir='ltr'><strong>Carbonem</strong></span> <span class='ocrx_word' id='word_1_195' title='bbox 520 1284 686 1321; x_wconf 77' lang='lat' dir='ltr'><strong>consulem,</strong></span> <span class='ocrx_word' id='word_1_196' title='bbox 709 1286 796 1324; x_wconf 91' lang='lat' dir='ltr'><strong>cujus</strong></span> <span class='ocrx_word' id='word_1_197' title='bbox 816 1295 847 1315; x_wconf 90' lang='lat' dir='ltr'><strong>re</strong></span> <span class='ocrx_word' id='word_1_198' title='bbox 869 1284 937 1315; x_wconf 66' lang='lat' dir='ltr'><strong>verfi</strong></span> <span class='ocrx_word' id='word_1_199' title='bbox 958 1291 1090 1325; x_wconf 82' lang='lat' dir='ltr'><strong>quaestor</strong></span> 
     </span>
     <span class='ocr_line' id='line_1_29' title="bbox 193 1327 1088 1368; baseline 0 -10"><span class='ocrx_word' id='word_1_200' title='bbox 193 1329 263 1365; x_wconf 73' lang='lat' dir='ltr'><strong>fuit,</strong></span> <span class='ocrx_word' id='word_1_201' title='bbox 281 1330 341 1358; x_wconf 82' lang='lat' dir='ltr'><strong>no‘n</strong></span> <span class='ocrx_word' id='word_1_202' title='bbox 357 1327 449 1357; x_wconf 86' lang='lat' dir='ltr'><strong>modo</strong></span> <span class='ocrx_word' id='word_1_203' title='bbox 464 1327 614 1364; x_wconf 78' lang='lat' dir='ltr'><strong>relictum,</strong></span> <span class='ocrx_word' id='word_1_204' title='bbox 632 1327 683 1357; x_wconf 90' lang='lat' dir='ltr'><strong>sed</strong></span> <span class='ocrx_word' id='word_1_205' title='bbox 705 1328 795 1358; x_wconf 85' lang='lat' dir='ltr'><strong>etiam</strong></span> <span class='ocrx_word' id='word_1_206' title='bbox 817 1328 980 1368; x_wconf 78' lang='lat' dir='ltr'><strong>spoliatum</strong></span> <span class='ocrx_word' id='word_1_207' title='bbox 999 1329 1088 1358; x_wconf 84' lang='lat' dir='ltr'><strong>auxi-</strong></span> 
     </span>
     <span class='ocr_line' id='line_1_30' title="bbox 190 1370 1089 1412; baseline 0 -10"><span class='ocrx_word' id='word_1_208' title='bbox 190 1371 250 1409; x_wconf 70' lang='lat' dir='ltr'><strong>liis,</strong></span> <span class='ocrx_word' id='word_1_209' title='bbox 265 1370 426 1412; x_wconf 61' lang='lat' dir='ltr'><strong>[pecunia]</strong></span> <span class='ocrx_word' id='word_1_210' title='bbox 438 1370 551 1401; x_wconf 89' lang='lat' dir='ltr'><strong>nefarie</strong></span> <span class='ocrx_word' id='word_1_211' title='bbox 562 1377 774 1411; x_wconf 85' lang='lat' dir='ltr'><strong>oppugnatum</strong></span> <span class='ocrx_word' id='word_1_212' title='bbox 785 1377 814 1401; x_wconf 86' lang='lat' dir='ltr'><strong>et</strong></span> <span class='ocrx_word' id='word_1_213' title='bbox 826 1371 980 1412; x_wconf 75' lang='lat' dir='ltr'><strong>proditum</strong></span> <span class='ocrx_word' id='word_1_214' title='bbox 989 1373 1003 1402; x_wconf 69' lang='lat'><strong>,⁹</strong></span> <span class='ocrx_word' id='word_1_215' title='bbox 1019 1372 1089 1402; x_wconf 87' lang='lat' dir='ltr'><strong>Ex-</strong></span> 
     </span>
     <span class='ocr_line' id='line_1_31' title="bbox 191 1413 1086 1455; baseline -0.001 -10"><span class='ocrx_word' id='word_1_216' title='bbox 191 1422 295 1455; x_wconf 88' lang='lat' dir='ltr'><strong>pertus</strong></span> <span class='ocrx_word' id='word_1_217' title='bbox 320 1414 413 1453; x_wconf 81' lang='lat' dir='ltr'><strong>igitur</strong></span> <span class='ocrx_word' id='word_1_218' title='bbox 439 1424 470 1444; x_wconf 90' lang='lat' dir='ltr'><strong>es</strong></span> <span class='ocrx_word' id='word_1_219' title='bbox 496 1413 581 1443; x_wconf 87' lang='lat' dir='ltr'><strong>istius</strong></span> <span class='ocrx_word' id='word_1_220' title='bbox 605 1414 762 1454; x_wconf 86' lang='lat' dir='ltr'><strong>perfidiam</strong></span> <span class='ocrx_word' id='word_1_221' title='bbox 789 1420 868 1452; x_wconf 89' lang='lat' dir='ltr'><strong>tum,</strong></span> <span class='ocrx_word' id='word_1_222' title='bbox 897 1424 967 1444; x_wconf 89' lang='lat' dir='ltr'><strong>cum</strong></span> <span class='ocrx_word' id='word_1_223' title='bbox 992 1425 1023 1444; x_wconf 91' lang='lat' dir='ltr'><strong>se</strong></span> <span class='ocrx_word' id='word_1_224' title='bbox 1046 1415 1086 1445; x_wconf 88' lang='lat' dir='ltr'><strong>ad</strong></span> 
     </span>
     <span class='ocr_line' id='line_1_32' title="bbox 190 1457 1087 1497; baseline 0 -9"><span class='ocrx_word' id='word_1_225' title='bbox 190 1457 328 1488; x_wconf 87' lang='lat' dir='ltr'><strong>inimicos</strong></span> <span class='ocrx_word' id='word_1_226' title='bbox 343 1463 412 1487; x_wconf 88' lang='lat' dir='ltr'><strong>tuos</strong></span> <span class='ocrx_word' id='word_1_227' title='bbox 427 1457 574 1492; x_wconf 72' lang='lat' dir='ltr'><strong>contulit3</strong></span> <span class='ocrx_word' id='word_1_228' title='bbox 599 1467 670 1487; x_wconf 90' lang='lat' dir='ltr'><strong>cum</strong></span> <span class='ocrx_word' id='word_1_229' title='bbox 691 1457 722 1486; x_wconf 92' lang='lat' dir='ltr'><strong>in</strong></span> <span class='ocrx_word' id='word_1_230' title='bbox 743 1464 772 1487; x_wconf 85' lang='lat' dir='ltr'><strong>te</strong></span> <span class='ocrx_word' id='word_1_231' title='bbox 789 1457 882 1487; x_wconf 91' lang='lat' dir='ltr'><strong>homo</strong></span> <span class='ocrx_word' id='word_1_232' title='bbox 896 1457 960 1497; x_wconf 88' lang='lat' dir='ltr'><strong>ipse</strong></span> <span class='ocrx_word' id='word_1_233' title='bbox 975 1467 1087 1488; x_wconf 86' lang='lat' dir='ltr'><strong>nocens</strong></span> 
     </span>
    </p>
   </div>
   <div class='ocr_carea' id='block_1_3' title="bbox 188 1499 1085 1536">
    <p class='ocr_par' dir='ltr' id='par_1_4' title="bbox 188 1499 1085 1536">
     <span class='ocr_line' id='line_1_33' title="bbox 188 1499 1085 1536; baseline 0 -5"><span class='ocrx_word' id='word_1_234' title='bbox 188 1501 369 1531; x_wconf 84' lang='lat' dir='ltr'><strong>acerrimum</strong></span> <span class='ocrx_word' id='word_1_235' title='bbox 386 1500 594 1530; x_wconf 88' lang='lat' dir='ltr'><strong>testimonium</strong></span> <span class='ocrx_word' id='word_1_236' title='bbox 609 1499 708 1536; x_wconf 81' lang='lat' dir='ltr'><strong>dixit;</strong></span> <span class='ocrx_word' id='word_1_237' title='bbox 728 1510 799 1530; x_wconf 85' lang='lat' dir='ltr'><strong>cum</strong></span> <span class='ocrx_word' id='word_1_238' title='bbox 811 1500 941 1530; x_wconf 85' lang='lat' dir='ltr'><strong>rationes</strong></span> <span class='ocrx_word' id='word_1_239' title='bbox 955 1499 995 1530; x_wconf 90' lang='lat' dir='ltr'><strong>ad</strong></span> <span class='ocrx_word' id='word_1_240' title='bbox 1010 1511 1085 1531; x_wconf 87' lang='lat' dir='ltr'><strong>aera-</strong></span> 
     </span>
    </p>
   </div>
   <div class='ocr_carea' id='block_1_4' title="bbox 179 1543 1082 1799">
    <p class='ocr_par' dir='ltr' id='par_1_5' title="bbox 188 1543 820 1581">
     <span class='ocr_line' id='line_1_34' title="bbox 188 1543 820 1581; baseline -0.002 -7"><span class='ocrx_word' id='word_1_241' title='bbox 188 1544 282 1579; x_wconf 69' lang='lat' dir='ltr'><strong>rium,</strong></span> <span class='ocrx_word' id='word_1_242' title='bbox 299 1543 356 1573; x_wconf 84' lang='lat' dir='ltr'><strong>nisi</strong></span> <span class='ocrx_word' id='word_1_243' title='bbox 371 1543 515 1573; x_wconf 84' lang='lat' dir='ltr'><strong>damnato</strong></span> <span class='ocrx_word' id='word_1_244' title='bbox 530 1548 570 1581; x_wconf 87' lang='lat' dir='ltr'><strong>te,</strong></span> <span class='ocrx_word' id='word_1_245' title='bbox 588 1543 697 1573; x_wconf 86' lang='lat' dir='ltr'><strong>referre</strong></span> <span class='ocrx_word' id='word_1_246' title='bbox 712 1543 820 1573; x_wconf 90' lang='lat' dir='ltr'><strong>noluit.</strong></span> 
     </span>
    </p>

    <p class='ocr_par' dir='ltr' id='par_1_6' title="bbox 179 1586 1082 1799">
     <span class='ocr_line' id='line_1_35' title="bbox 230 1586 1082 1623; baseline -0.001 -6"><span class='ocrx_word' id='word_1_247' title='bbox 230 1586 359 1617; x_wconf 85' lang='lat' dir='ltr'><strong>XXXI.</strong></span> <span class='ocrx_word' id='word_1_248' title='bbox 381 1586 531 1616; x_wconf 81' lang='lat' dir='ltr'><strong>Tantaene</strong></span> <span class='ocrx_word' id='word_1_249' title='bbox 546 1592 618 1623; x_wconf 75' lang='lat' dir='ltr'><strong>tuae‚</strong></span> <span class='ocrx_word' id='word_1_250' title='bbox 635 1586 756 1622; x_wconf 71' lang='lat' dir='ltr'><strong>Verres,</strong></span> <span class='ocrx_word' id='word_1_251' title='bbox 772 1586 913 1616; x_wconf 89' lang='lat' dir='ltr'><strong>libidines</strong></span> <span class='ocrx_word' id='word_1_252' title='bbox 929 1592 1028 1623; x_wconf 78' lang='lat' dir='ltr'><strong>erunt,</strong></span> <span class='ocrx_word' id='word_1_253' title='bbox 1045 1592 1082 1617; x_wconf 78' lang='lat' dir='ltr'><strong>ut</strong></span> 
     </span>
     <span class='ocr_line' id='line_1_36' title="bbox 185 1629 1079 1670; baseline -0.001 -10"><span class='ocrx_word' id='word_1_254' title='bbox 185 1641 234 1661; x_wconf 88' lang='lat' dir='ltr'><strong>eas</strong></span> <span class='ocrx_word' id='word_1_255' title='bbox 246 1640 351 1670; x_wconf 83' lang='lat' dir='ltr'><strong>capere</strong></span> <span class='ocrx_word' id='word_1_256' title='bbox 362 1640 396 1659; x_wconf 89' lang='lat' dir='ltr'><strong>ac</strong></span> <span class='ocrx_word' id='word_1_257' title='bbox 408 1629 554 1659; x_wconf 87' lang='lat' dir='ltr'><strong>sustinere</strong></span> <span class='ocrx_word' id='word_1_258' title='bbox 567 1639 627 1659; x_wconf 92' lang='lat' dir='ltr'><strong>non</strong></span> <span class='ocrx_word' id='word_1_259' title='bbox 640 1629 802 1670; x_wconf 64' lang='lat' dir='ltr'><strong>provinciae</strong></span> <span class='ocrx_word' id='word_1_260' title='bbox 813 1629 920 1670; x_wconf 88' lang='lat' dir='ltr'><strong>populi</strong></span> <span class='ocrx_word' id='word_1_261' title='bbox 933 1630 1079 1668; x_wconf 80' lang='lat' dir='ltr'><strong>Romani,</strong></span> 
     </span>
     <span class='ocr_line' id='line_1_37' title="bbox 180 1672 1077 1713; baseline -0.001 -10"><span class='ocrx_word' id='word_1_262' title='bbox 180 1683 242 1703; x_wconf 90' lang='lat' dir='ltr'><strong>non</strong></span> <span class='ocrx_word' id='word_1_263' title='bbox 258 1672 393 1702; x_wconf 80' lang='lat' dir='ltr'><strong>nationes</strong></span> <span class='ocrx_word' id='word_1_264' title='bbox 411 1678 522 1702; x_wconf 81' lang='lat' dir='ltr'><strong>exterae</strong></span> <span class='ocrx_word' id='word_1_265' title='bbox 542 1672 682 1713; x_wconf 79' lang='lat' dir='ltr'><strong>possint?</strong></span> <span class='ocrx_word' id='word_1_266' title='bbox 715 1672 818 1709; x_wconf 68' lang='lat' dir='ltr'><strong>Tune,</strong></span> <span class='ocrx_word' id='word_1_267' title='bbox 849 1672 931 1713; x_wconf 89' lang='lat' dir='ltr'><strong>quod</strong></span> <span class='ocrx_word' id='word_1_268' title='bbox 956 1672 1077 1710; x_wconf 83' lang='lat' dir='ltr'><strong>videris,</strong></span> 
     </span>
     <span class='ocr_line' id='line_1_38' title="bbox 180 1715 1074 1756; baseline 0.001 -11"><span class='ocrx_word' id='word_1_269' title='bbox 180 1715 262 1756; x_wconf 85' lang='lat' dir='ltr'><strong>quod</strong></span> <span class='ocrx_word' id='word_1_270' title='bbox 282 1715 423 1753; x_wconf 83' lang='lat' dir='ltr'><strong>audieris,</strong></span> <span class='ocrx_word' id='word_1_271' title='bbox 440 1715 522 1756; x_wconf 89' lang='lat' dir='ltr'><strong>quod</strong></span> <span class='ocrx_word' id='word_1_272' title='bbox 538 1715 735 1755; x_wconf 85' lang='lat' dir='ltr'><strong>concupieris,</strong></span> <span class='ocrx_word' id='word_1_273' title='bbox 749 1715 831 1756; x_wconf 87' lang='lat' dir='ltr'><strong>quod</strong></span> <span class='ocrx_word' id='word_1_274' title='bbox 847 1715 998 1755; x_wconf 61' lang='lat' dir='ltr'><strong>cogitaris,</strong></span> <span class='ocrx_word' id='word_1_275' title='bbox 1015 1715 1074 1746; x_wconf 86' lang='lat' dir='ltr'><strong>nisi</strong></span> 
     </span>
     <span class='ocr_line' id='line_1_39' title="bbox 179 1758 1070 1799; baseline 0.001 -11"><span class='ocrx_word' id='word_1_276' title='bbox 179 1759 209 1789; x_wconf 85' lang='lat' dir='ltr'><strong>id</strong></span> <span class='ocrx_word' id='word_1_277' title='bbox 226 1758 263 1789; x_wconf 86' lang='lat' dir='ltr'><strong>ad</strong></span> <span class='ocrx_word' id='word_1_278' title='bbox 277 1763 389 1790; x_wconf 86' lang='lat' dir='ltr'><strong>nutum</strong></span> <span class='ocrx_word' id='word_1_279' title='bbox 403 1764 491 1790; x_wconf 86' lang='lat' dir='ltr'><strong>tuum</strong></span> <span class='ocrx_word' id='word_1_280' title='bbox 503 1765 611 1799; x_wconf 66' lang='lat' dir='ltr'><strong>praesto</strong></span> <span class='ocrx_word' id='word_1_281' title='bbox 625 1758 728 1793; x_wconf 76' lang='lat' dir='ltr'><strong>fuerit,</strong></span> <span class='ocrx_word' id='word_1_282' title='bbox 745 1758 802 1790; x_wconf 87' lang='lat' dir='ltr'><strong>nisi</strong></span> <span class='ocrx_word' id='word_1_283' title='bbox 813 1758 932 1789; x_wconf 85' lang='lat' dir='ltr'><strong>libidini</strong></span> <span class='ocrx_word' id='word_1_284' title='bbox 946 1763 1006 1789; x_wconf 87' lang='lat' dir='ltr'><strong>tuae</strong></span> <span class='ocrx_word' id='word_1_285' title='bbox 1016 1768 1070 1790; x_wconf 80' lang='lat' dir='ltr'><strong>cu-</strong></span> 
     </span>
    </p>
   </div>
   <div class='ocr_carea' id='block_1_5' title="bbox 1136 0 1181 1163">
    <p class='ocr_par' dir='ltr' id='par_1_7' title="bbox 1136 0 1181 1163">
     <span class='ocr_line' id='line_1_40' title="bbox 1136 0 1181 1163; baseline 0 0"><span class='ocrx_word' id='word_1_286' title='bbox 1136 0 1181 1163; x_wconf 95' lang='lat' dir='ltr'><strong> </strong></span> 
     </span>
    </p>
   </div>
   <div class='ocr_carea' id='block_1_6' title="bbox 1127 1159 1142 1679">
    <p class='ocr_par' dir='ltr' id='par_1_8' title="bbox 1127 1159 1142 1679">
     <span class='ocr_line' id='line_1_41' title="bbox 1127 1159 1142 1679; baseline 0 0"><span class='ocrx_word' id='word_1_287' title='bbox 1127 1159 1142 1679; x_wconf 95' lang='lat' dir='ltr'><strong> </strong></span> 
     </span>
    </p>
   </div>
   <div class='ocr_carea' id='block_1_7' title="bbox 1120 1159 1143 1902">
    <p class='ocr_par' dir='ltr' id='par_1_9' title="bbox 1120 1159 1143 1902">
     <span class='ocr_line' id='line_1_42' title="bbox 1120 1159 1143 1902; baseline 0 0"><span class='ocrx_word' id='word_1_288' title='bbox 1120 1159 1143 1902; x_wconf 95' lang='lat' dir='ltr'><strong> </strong></span> 
     </span>
    </p>
   </div>
  </div>
 </body>
</html>
