1181 1902
239 120 304 150 266
413 118 464 149 IN
489 118 687 150 VERREM
710 117 777 149 ΙΙΙ.
794 117 878 149 ΟΑΡ.
895 118 947 154 57.

239 205 529 236 animadversionem
546 211 642 244 tuam,
659 216 730 236 cum
746 205 788 243 id,
805 204 887 246 quod
899 206 951 235 abs
963 210 992 235 te
1004 210 1129 243 emerat,

243 249 423 279 vendidisset
432 252 445 279 Ρ

285 292 402 322 Teneat
414 293 479 330 jam
495 302 565 322 sane
579 302 662 322 meos
678 297 765 322 testes
773 291 934 321 Metellus:
959 297 1046 332 cogat
1057 291 1130 322 alios

240 335 374 371 laudare,
402 335 477 365 sicut
498 335 528 364 in
551 335 655 365 multis
677 341 800 365 conatus
817 341 874 364 est:
899 334 990 364 modo
1006 335 1069 364 haec
1085 334 1131 364 fa-

240 378 309 415 ciat,
327 389 396 418 quae
411 378 490 408 facit.
516 378 594 415 Quis
607 378 687 408 enini
703 387 839 418 unquam
851 377 934 407 tant&
945 388 962 407 a
975 387 1131 418 quoquam

241 421 435 457 contumeli31,
449 421 517 461 quis
529 427 578 450 tar
583 421 613 451 tit
625 419 802 461 ignominia,
816 420 862 450 „s”
858 426 938 450 ectus
949 422 1012 450 est?
1030 420 1132 458 Quin-

241 470 271 493 to
296 475 417 505 quoqne
441 474 520 494 anno
546 464 648 494 sicilia
675 470 738 493 toti
758 470 903 493 censetur.
932 463 1009 493 Erat
1030 473 1128 500 censa,

240 513 367 547 praetore
385 514 404 537 A
400 507 513 537 educa·
491 518 541 536 ''²0-
566 507 702 544 Quintus
722 516 819 536 annus
839 517 920 541 cum,
943 511 972 535 te
992 512 1129 546 praetore,

242 550 404 586 incidisset,
427 560 514 580 censa
530 550 629 580 denuo
645 556 696 580 est.
724 550 846 579 Postero
861 559 941 579 anno
958 549 995 578 L.
1018 549 1131 579 Metel-

242 593 290 622 lus
305 594 489 623 mentionem
507 593 551 623 tui
572 595 675 623 censos
696 592 759 622 fieri
785 598 883 622 vetat:
909 602 1042 622 censores
1060 592 1133 622 dicit

242 635 279 665 de
294 635 410 676 integro
426 636 481 665 sibi
503 636 595 666 creari
610 637 746 676 placere:
771 636 884 665 interca
903 634 1130 665 Peducaeanum

242 689 365 708 censum
386 679 535 709 observari
557 680 653 718 jubet.
687 679 757 709 Hoc
779 678 802 708 si
823 684 894 707 tuus
914 678 1054 708 inimicus
1077 677 1133 708 tibi

242 722 367 757 fecisset,
391 728 504 755 tamen,
522 722 575 751 etsi
598 722 700 751 animo
725 731 812 762 aequo
835 721 989 761 provincia
1005 721 1132 758 tulisset,

242 765 358 794 inimici
377 765 527 803 judicium
551 775 641 804 grave
666 765 825 794 videretur.
850 764 934 794 Fecit
957 764 1072 794 amicus
1087 774 1134 793 re-

241 818 321 843 cens,
343 814 371 838 et
393 814 537 848 cognatus
558 808 764 837 voluntarius:
798 807 883 836 aliter
905 807 998 842 enini,
1019 807 1044 837 si
1063 816 1134 847 pro·-

242 851 372 880 vinciam
396 851 532 886 retinere,
559 850 583 880 si
608 851 707 880 salvus
731 850 794 891 ipse
814 850 845 879 in
867 850 1022 890 provincia}
1043 850 1134 880 vellet

243 903 316 929 esse,
330 894 426 923 facere
442 903 500 923 non
518 893 626 933 potuit.

288 936 395 967 LV11.
420 936 586 977 Exspectas
599 936 701 973 etiam,
719 935 794 976 quid
809 934 841 965 hi
854 935 1009 974 judicent?
1033 935 1066 966 Si
1078 935 1134 966 tibi

242 979 454 1020 magistratum
476 978 657 1019 abrogasset,
680 979 797 1009 minore
819 979 988 1019 ignominia
1009 984 1038 1009 te
1062 979 1135 1009 affe-

242 1023 339 1058 cisset,
365 1033 458 1063 quam
486 1033 556 1052 cum
581 1033 625 1058 ea,
654 1033 723 1063 quae
746 1022 778 1051 in
803 1021 980 1062 magistratu
1005 1022 1133 1062 gessisti,

242 1066 374 1102 sustulit,
400 1072 492 1106 atque
516 1065 599 1095 irrita
620 1065 710 1104 jussit
734 1075 805 1095 esse.
842 1065 951 1105 Neque
975 1065 1006 1094 in
1026 1065 1082 1094 hac
1102 1075 1135 1095 re

243 1109 307 1139 solii
331 1109 389 1138 fuit
413 1109 579 1148 ejusmodi;
605 1108 666 1145 sed,
695 1114 861 1148 antequam
878 1118 933 1148 ego
948 1108 980 1137 in
997 1107 1132 1138 Siciliam

242 1152 321 1187 veni,
348 1152 379 1181 in
400 1152 544 1181 maximis
568 1152 656 1181 rebus
679 1162 713 1181 ac
734 1151 883 1191 plurimis.
917 1151 1000 1180 Nam
1023 1156 1052 1181 et
1068 1151 1134 1181 He-

242 1195 333 1224 raclio
344 1197 532 1235 Syracusano
545 1200 611 1224 tuos
623 1195 690 1224 illos
702 1194 878 1234 palaestritas
885 1195 966 1224 bona
981 1193 1135 1224 restituere

238 1238 340 1276 jussit,
358 1246 386 1268 et
408 1237 542 1278 Epicrati
565 1237 704 1275 Bidinos,
730 1243 759 1267 et
782 1237 900 1278 pupillo
925 1236 1135 1277 Drepanitano

242 1281 284 1310 A.
311 1281 492 1311 Claudium:
518 1287 558 1317 et,
582 1280 639 1310 nisi
660 1286 778 1310 mature
794 1280 922 1309 Letilius
942 1280 974 1309 in
998 1280 1133 1309 Siciliam

242 1324 371 1354 venisset
398 1334 465 1354 cum
490 1324 594 1360 literis,
616 1323 718 1353 minus
742 1323 840 1353 XXX
863 1323 969 1353 diebus
986 1322 1134 1353 Metellus

242 1372 337 1396 totam
354 1367 473 1397 triennii
489 1373 653 1407 praeturam
669 1372 754 1396 tuam
770 1365 943 1396 rescidisset.

284 1410 339 1447 Et,
352 1410 497 1450 quoniam
513 1409 550 1440 de
562 1410 597 1440 eit
612 1410 751 1449 pecunia,
769 1410 861 1449 quam
878 1409 933 1439 tibi
948 1408 986 1438 ad
1002 1414 1134 1440 statuam

242 1463 376 1483 censores
393 1454 595 1490 contulerunt,
613 1452 694 1487 dixi;
720 1462 780 1482 non
805 1452 881 1481 inihi
902 1451 1134 1492 praetermitten-

240 1496 315 1525 dum
327 1496 446 1526 videtur
455 1506 492 1526 ne
503 1496 580 1525 illud
591 1495 714 1536 quidem
735 1505 830 1535 genus
846 1495 982 1535 pecuniae
994 1494 1135 1525 concilia-

241 1544 290 1575 tae,
304 1549 398 1579 quain
415 1546 447 1569 tu
459 1550 476 1568 a
488 1539 659 1569 civitatibus
674 1544 842 1568 statuarum
859 1538 982 1568 nomine
999 1537 1132 1577 coegisti.

242 1581 342 1612 Video
354 1582 435 1612 enim
449 1583 513 1621 ejus
528 1582 664 1622 pecuniae
679 1591 831 1611 summam
844 1591 905 1611 esse
921 1580 1132 1621 pergrandem,

241 1625 280 1655 ad
298 1625 353 1654 Hs
378 1625 469 1655 CXX
487 1625 593 1654 millia.
618 1624 757 1654 Tantum
774 1623 930 1654 conficitur
945 1634 982 1654 ex
998 1623 1134 1653 testimo-

242 1668 299 1697 niis
315 1678 348 1697 ac
364 1667 457 1697 literis
470 1668 637 1698 civitatum.
662 1667 705 1697 Et
720 1667 774 1697 iste
786 1667 843 1697 hoc
854 1666 1000 1703 concedit,
1014 1676 1068 1696 nec
1079 1676 1134 1706 po-

240 1716 299 1741 test
314 1710 400 1741 aliter
409 1711 516 1741 dicere.
540 1711 645 1748 Quare
657 1710 828 1750 cujusmodi
839 1716 983 1751 putamus
996 1719 1058 1740 esse
1069 1709 1134 1747 illa,

241 1763 310 1794 quae
326 1760 428 1794 negat,
440 1764 511 1784 cum
527 1754 591 1784 haec
607 1760 670 1784 tam
685 1754 824 1794 improba
835 1753 906 1791 sint,
917 1763 987 1794 quae
997 1752 1108 1783 fatetur
1118 1754 1134 1784 ἓ
