1181 1902
145 94 187 131 78
231 92 322 125 PRO
346 92 512 125 ROSCIO
531 93 766 126 AMERINO.
790 93 874 125 CAP.
891 95 945 125 45.

147 190 218 211 mm
232 185 331 222 putat,
348 180 374 211 si
386 180 444 212 hac
460 179 587 221 indigna
599 180 767 222 suspicione
782 186 812 211 et
825 180 896 211 ficto
910 180 1037 212 crimine

146 223 292 254 liberatus
307 223 354 254 sit.

190 266 310 297 Verum
325 274 427 307 quaeso
442 277 460 297 a
474 265 569 303 vobis,
579 266 708 305 judices,
721 272 756 296 ut
766 265 831 296 haec
842 276 950 306 pauca,
966 277 1036 307 quae

148 315 272 346 restant,
285 309 328 339 ita
342 309 481 346 audiatis,
495 316 530 339 ut
540 309 649 350 partim
667 319 716 340 me
726 310 822 339 dicere
837 320 891 349 pro
906 319 956 339 me
971 310 1037 350 ipso

148 352 272 392 putetis,
285 353 397 393 partim
412 363 466 393 pro
481 352 552 382 Sex,
567 352 686 382 Roscio.
711 353 791 390 Quae
806 352 887 382 enim
902 352 979 382 mihi
991 352 1039 392 ip-

148 394 174 426 si
184 395 309 435 indigna
318 401 347 425 et
358 395 558 425 intolerabilia
568 395 718 432 videntur,
735 405 864 436 quaeque
868 394 912 425 ad
922 405 1038 443 ornnes,

149 437 209 468 nisi
224 438 429 478 providemus,
446 438 573 468 arbitror
588 438 755 478 pertinere;
781 449 815 468 ea
826 448 880 478 pro
895 448 944 467 me
960 437 1038 478 ipso,

151 491 190 510 ex
205 480 301 510 animi
315 481 375 511 mei
391 491 479 511 sensu
501 491 534 511 ac
555 480 667 518 dolore,
689 481 862 521 pronuntio.
902 480 982 517 Quae
1000 480 1039 510 ad

150 522 244 563 hujus
259 523 328 554 vitae
343 534 446 554 casum
462 533 645 564 causamque
660 524 840 564 pertineant,
857 529 886 553 et
900 523 975 563 quid
989 523 1041 554 hic

150 576 206 607 pro
218 576 249 596 se
263 566 322 597 dici
337 567 420 604 velit,
437 572 466 596 et
481 577 543 607 qua
554 566 724 596 conditione
739 572 896 596 contentus
911 566 959 603 sit,
973 567 1040 605 jam

151 609 184 639 in
201 609 337 639 extrema
356 609 490 640 oratione
508 608 620 646 nostrii,
642 609 769 648 judices,
795 608 931 638 audietis.
971 608 1042 649 Ego

152 652 218 683 haec
232 662 250 682 a
265 652 473 693 Chrysogono,
489 652 558 681 mea
567 659 684 692 sponte,
700 657 815 682 remoto
830 652 900 682 Sex.
918 651 1041 690 Roscio,

153 705 266 736 quaero.

196 737 303 768 XLV.
328 737 482 776 Primum,
502 748 596 778 quare
617 738 688 768 civis
709 737 817 779 optimi
840 739 921 768 bona
941 737 1042 768 venie«

152 779 215 811 rint
226 792 234 811 ι
259 781 378 818 deinde,
392 792 484 821 quare
494 781 625 811 hominis
636 782 711 820 ejus,
723 781 776 822 qui
786 791 884 821 neque
893 781 1043 822 proscrip·-

152 828 213 859 tus,
230 834 328 864 neque
343 824 425 864 apud
440 824 622 854 adversarios
637 824 750 854 occisus
766 830 820 861 est,
837 825 917 854 bona
941 824 1042 854 venie-

152 867 224 903 rint,
241 877 311 897 cum
332 866 363 896 in
380 877 429 896 eos
444 867 521 896 solos
535 867 586 896 lex
605 867 714 907 scripta
736 866 788 896 sit:
813 866 932 903 deinde,
949 877 1044 907 quare

153 909 312 950 aliquanto
331 915 398 950 post
413 919 479 939 eam
495 909 577 940 diem
592 909 749 943 venierint,
765 920 834 950 quae
850 910 911 939 dies
926 909 957 938 in
978 910 1045 949 lege

156 952 307 993 praefinita
330 959 394 982 est:
426 952 544 988 deinde,
565 963 617 982 cur
643 952 761 982 tantulo
784 952 938 982 venierint.
963 952 1044 990 Quae

157 995 260 1025 onmia
279 995 314 1031 si,
340 995 599 1036 quemadmodum
624 995 720 1025 solent
737 995 837 1025 liberti
857 1005 988 1036 nequam
1015 1000 1045 1025 et

155 1037 287 1078 improbi
297 1038 403 1074 facere,
420 1038 450 1068 in
467 1044 628 1078 patronum
643 1048 734 1068 suum
750 1038 878 1068 voluerit
889 1038 1043 1074 conferre;

157 1080 235 1111 nihil
251 1081 353 1121 egerit.
381 1081 483 1111 Nemo
509 1086 553 1111 est
578 1081 671 1119 enim,
698 1081 752 1122 qui
775 1081 897 1118 nesciat,
923 1087 1046 1122 propter

157 1124 399 1164 magnitudinem
424 1134 536 1161 rerum,
558 1125 657 1154 multa
676 1125 800 1161 multos,
827 1123 954 1164 [partim
974 1134 1046 1154 con-

156 1167 307 1208 nivente‚]
325 1167 436 1208 partim
452 1167 644 1207 imprudente
660 1167 700 1197 L.
715 1167 813 1204 Sulla,
830 1167 1023 1197 commisisse.

201 1210 306 1240 Placet
328 1210 431 1251 igitur,
453 1210 485 1240 in
509 1210 556 1240 his
580 1211 681 1246 rebus,
704 1210 819 1250 aliquid
840 1209 1047 1250 imprudentia

158 1253 305 1293 praeteriri
316 1253 330 1281 P
363 1253 435 1283 Non
462 1253 571 1293 placet,
598 1252 734 1292 judices:
770 1252 821 1282 scd
848 1262 966 1284 necesse
991 1260 1045 1283 est.

159 1295 297 1333 Etenim,
314 1296 339 1326 si
350 1296 474 1336 Jupiter
486 1295 633 1336 Optimus
645 1295 816 1332 Maximus,
830 1296 917 1334 cujus
929 1302 1006 1326 nutu
1018 1302 1048 1326 et

159 1338 283 1369 arbitrio
298 1339 419 1375 coelum,
437 1345 524 1375 terra,
541 1339 697 1379 mariaque
708 1345 866 1378 reguntur,
882 1349 960 1379 saepe
976 1349 1048 1368 ven-

159 1381 198 1411 tis
214 1381 498 1418 vehementioribus,
515 1388 568 1412 aut
582 1381 788 1411 immoderatis
806 1382 1046 1421 tempestatibus,

159 1430 214 1454 aut
234 1424 329 1454 nimio
343 1425 452 1461 calore,
473 1430 526 1454 aut
540 1424 721 1455 intolerabili
736 1424 856 1464 frigore,
873 1425 1049 1455 hominibus

160 1467 276 1503 nocuit,
292 1469 381 1497 urbes
393 1467 514 1504 delevit,
530 1467 632 1507 fruges
643 1467 793 1507 perdidit3
818 1478 948 1507 quorum
959 1468 1048 1506 nihil,

161 1510 292 1550 pernicie
306 1510 408 1547 causa,
424 1510 527 1540 divino
539 1510 672 1547 consilio,
689 1510 740 1539 sed
756 1510 785 1540 vi
805 1510 871 1550 ipsit
887 1519 915 1540 et
931 1511 1050 1551 magni-

161 1552 267 1584 tudine
287 1563 400 1590 rerum,
416 1553 531 1583 factum
546 1560 710 1593 putamus;
735 1558 766 1582 at
781 1559 894 1589 contra,
916 1564 1051 1583 commo-

163 1595 213 1632 da,
237 1595 348 1636 quibus
373 1596 500 1633 utimur,
521 1597 692 1637 lucemque,
715 1607 776 1636 qua
799 1595 941 1633 fruimur,
964 1596 1052 1637 spiri-

162 1644 302 1687 tumque,
320 1649 411 1679 quem
432 1639 583 1676 ducimus,
600 1640 638 1669 ab
659 1649 693 1668 eo
708 1639 794 1668 nobis
806 1638 870 1668 dari
885 1646 977 1679 atque
992 1640 1052 1669 im-

162 1681 266 1722 pertiri
290 1682 446 1712 videmus·
437 1704 446 1717 ,
481 1682 555 1723 quid
579 1682 738 1718 miramur,
761 1682 798 1712 L.
821 1682 887 1711 Sul]
890 1692 951 1718 ani,
979 1693 1050 1712 cum

163 1725 245 1754 solus
260 1725 478 1774 rempublicam
501 1731 626 1765 regeret,
643 1726 808 1765 orbemque
825 1730 972 1754 terrarum
993 1736 1051 1764 gu-

159 1767 333 1808 bernaret‚
325 1768 505 1810 imperiique
520 1769 722 1809 majestatem,
739 1778 833 1810 quam
855 1768 948 1798 armis
971 1778 1050 1799 recc-
