1181 1902
280 86 331 118 IN
355 86 553 119 VERREM
578 86 619 117 V.
643 86 730 117 CAP.
746 85 797 117 61.
919 85 982 116 445

97 173 175 204 disse
190 178 282 214 atque
298 173 462 205 alienasse:
488 173 600 204 etenim
619 172 796 203 mirandum
809 171 842 202 in
856 171 986 202 modum

95 216 195 246 Graeci
210 218 299 247 rebus
313 217 388 254 istis,
409 227 486 258 quas
506 227 561 247 nos
583 216 816 252 contemnimus,
835 215 986 245 delectan-

99 264 158 289 tur.
184 260 293 300 Itaque
315 261 445 299 majores
474 260 569 290 nostri
592 260 678 290 facile
704 259 897 300 patiebantur
919 258 985 289 haec

93 312 157 332 esse
181 313 275 344 quam
297 303 431 343 plurima
453 302 536 343 apud
559 303 664 339 socios,
682 309 718 332 ut
740 302 868 342 imperio
886 308 987 331 nostro

93 355 189 385 quam
209 346 391 376 ornatissimi
413 345 678 386 florentissimique
697 351 814 375 essent:
839 344 921 385 apud
937 354 986 375 eos

93 394 209 425 autem,
226 399 302 429 quos
318 389 477 429 vectigales
492 395 545 419 aut
561 388 770 429 stipendiarios
781 388 924 425 fecerant,
941 394 987 417 ta-

93 440 164 461 men
190 431 255 462 haec
275 432 499 473 relinquebant,
524 437 559 462 ut
583 431 640 468 illi,
661 431 773 471 quibus
797 441 831 460 ea
849 430 985 469 jucunda

93 480 175 511 sunt,
193 485 262 515 quae
276 475 363 505 nobis
379 475 457 505 levia
473 474 623 512 videntur,
647 474 793 504 haberent
807 474 871 504 haec
886 474 986 503 oblec-

93 522 228 548 tamenta
243 524 272 548 et
287 518 393 548 solatia
407 518 567 548 servitutis.

136 560 223 598 Quid
238 561 428 591 arbitramini
438 561 605 601 Rheginos,
619 560 672 601 qui
680 560 745 599 jam
757 559 836 589 cives
852 560 987 590 Romani

92 609 174 641 sunt,
199 614 313 634 merere
328 604 417 641 velle,
440 610 476 634 ut
495 605 534 634 ab
555 604 596 634 eis
616 613 787 633 marmorea
807 603 914 633 Venus
935 603 988 633 illa

92 646 247 677 auferatur
260 648 274 677 ?
298 647 373 688 quid
398 647 591 683 Tarentinos,
615 652 650 676 ut
670 645 828 687 Europam
847 645 879 675 in
900 652 987 676 tauro

93 689 247 720 sedentem
270 690 437 720 amittant?
460 696 495 720 ut
516 691 672 730 Satyrum,
689 689 743 730 qui
764 689 846 729 apud
867 689 935 719 illos
954 689 986 719 in

95 732 159 763 aede
176 733 278 763 Vestae
302 733 371 763 est?
400 738 436 763 ut
461 732 592 763 caetera?
615 732 690 773 quid
713 731 927 772 Thespienses‚
951 738 986 762 ut

94 776 256 816 Cupidinis
285 776 418 816 signum,
454 782 576 817 propter
606 775 688 817 quod
717 784 815 805 unum
845 775 987 805 visuntur

94 819 238 860 Thespiae
249 819 263 848 Ρ
286 819 360 860 quid
375 819 512 858 Cnidios,
534 825 569 849 ut
583 819 735 850 Venerem
755 828 958 848 marmoream
971 820 986 849 ‚⁹

93 861 180 901 quid,
197 867 231 892 ut
245 863 370 903 pictam,
387 862 465 892 Coos
479 865 493 893 ,⁹
517 861 591 903 quid
614 861 775 902 Ephesios,
797 867 832 891 ut
847 861 987 892 Alexan-

92 904 182 934 dmm
197 907 211 936 Ρ
235 906 310 946 quid
330 906 506 946 Cyzicenos,
530 912 565 935 ut
579 905 722 944 Ajacem,
744 911 798 935 aut
813 905 959 935 Medeam
971 906 986 935 Ρ

94 948 169 988 quid
185 948 335 985 Rhodios,
351 955 387 979 ut
397 947 535 990 Ialysum
549 950 563 979 ?
587 948 661 989 quid
674 947 886 985 Athenienses,
898 954 932 977 ut
948 958 985 978 ex

92 1001 244 1022 marmore
259 992 418 1027 I'zicchum,
435 998 488 1022 aut
502 991 645 1022 Paralum
661 991 790 1032 pictum,
807 997 860 1021 aut
875 1001 912 1021 ex
928 1001 987 1020 aere

93 1033 236 1074 Myronis
256 1035 426 1065 buculam?
449 1035 595 1075 Longum
618 1040 673 1071 est,
691 1041 720 1065 et
739 1044 801 1064 non
822 1034 987 1064 necessari-

92 1087 158 1114 um,
174 1087 422 1116 commemorare,
439 1088 507 1119 quae
527 1077 610 1119 apud
625 1088 762 1118 quosque
777 1077 900 1107 visenda
915 1082 986 1107 sunt

93 1121 156 1150 tota
171 1120 247 1151 Asia
268 1127 297 1151 et
313 1121 432 1152 Graecia
445 1133 454 1151 z
479 1131 585 1151 verum
607 1121 686 1151 illud
705 1127 759 1158 est,
784 1121 985 1161 quamobrem

93 1163 157 1194 haec
181 1174 439 1200 commemorem3
464 1164 547 1205 quod
565 1164 738 1194 existimare
759 1174 811 1194 vos
831 1163 889 1194 hoc
903 1163 984 1200 volo,

94 1206 208 1237 mirum
221 1207 386 1248 quemdam
396 1208 531 1238 dolorem
546 1207 678 1238 accidere
688 1207 777 1246 iis,ex
789 1216 921 1248 quorum
933 1217 986 1237 ur-

92 1249 182 1280 bibus
196 1251 262 1281 haec
276 1251 461 1282 auferantur.

138 1293 230 1323 LXI.
249 1294 366 1335 Atque,
379 1300 414 1324 ut
429 1300 550 1325 caeteros
559 1293 748 1331 omittamus,
762 1292 818 1324 de
810 1293 882 1334 ipsis
894 1292 986 1333 Syra-

94 1336 214 1367 cusanis
236 1337 426 1377 cognoscite·
451 1337 490 1368 ad
510 1348 586 1378 quos
602 1347 657 1377 ego
672 1347 743 1367 cum
759 1336 919 1372 venissem,
943 1335 985 1366 sic

94 1379 193 1420 primo
209 1380 432 1429 existimabam,
448 1386 484 1410 ut
500 1381 610 1411 Romae
624 1390 662 1410 ex
677 1380 763 1410 istius
778 1379 882 1409 amicis
902 1388 985 1409 acce-

93 1432 210 1462 peram,
226 1423 378 1454 civitatem
394 1424 623 1472 Syracusanam
634 1428 756 1464 propter
772 1421 907 1452 Heraclii
922 1421 985 1451 hae-

94 1465 266 1514 reditatem,
286 1476 348 1496 non
371 1466 474 1497 minus
495 1477 557 1497 esse
576 1466 626 1496 isti
643 1466 784 1504 amicam,
802 1475 896 1506 quam
911 1464 985 1495 Ma-

93 1509 256 1539 mertinam
279 1515 402 1551 propter
421 1509 594 1550 praedarum
615 1519 649 1540 ac
670 1509 821 1539 furtorum
844 1507 984 1538 omnium

92 1551 284 1582 societatem·
309 1553 401 1583 simul
416 1558 445 1582 et
457 1554 590 1589 verebar,
601 1562 639 1582 ne
653 1552 818 1582 mulierum
833 1550 985 1581 nobilium

92 1599 122 1624 et
132 1594 334 1626 formosorum
346 1595 454 1636 gratia,
471 1605 602 1637 quarum
617 1595 673 1626 iste
684 1595 806 1625 arbitrio
821 1600 987 1635 praeturam

93 1647 147 1677 per
159 1638 324 1669 triennium
340 1644 481 1691 gesserat,
501 1638 708 1680 virorumque,
725 1638 909 1679 quibuscum
924 1637 987 1666 illae

93 1686 198 1720 nuptae
213 1687 309 1719 erant,
330 1681 427 1711 nimia
446 1682 477 1711 in
498 1681 592 1714 istum
612 1691 673 1712 non
693 1681 785 1711 modo
802 1679 984 1716 lenitudine,

93 1722 146 1752 sed
161 1723 252 1754 etiam
267 1724 460 1763 liberalitate,
481 1734 685 1766 oppugnaret,
701 1725 726 1755 si
748 1723 824 1765 quid
839 1733 877 1753 ex
891 1722 986 1753 literis

91 1766 351 1806 Syracusanorum
367 1767 587 1810 conquirerem.
616 1768 727 1810 Itaque
742 1765 898 1807 Syracusis
912 1775 983 1797 cum

136 1809 260 1849 (otmar)
283 1818 411 1843 vo1..1.
707 1811 727 1841 2
745 1819 769 1843 ο.
