1181 1902
305 311 361 349 IN
388 311 431 349 C.
452 311 669 348 VERREM
698 312 746 348 V.

130 419 157 449 Ι.
181 418 306 449 VENIO
331 428 413 449 nunc
437 417 475 448 ad
498 417 595 456 istius,
621 417 880 458 quemadmodum
906 417 971 458 ipse

86 462 229 503 appellat,
251 461 406 497 studium;
440 467 474 491 ut
494 461 583 491 amici
599 462 676 500 ejus,
692 462 834 490 morbum
850 467 879 490 et
893 460 973 490 insa-

85 506 169 535 niam
182 515 192 540 ;
217 510 250 533 ut
261 504 367 542 Siculi,
383 504 585 534 latrocinium.
608 503 689 544 Ego,
706 514 767 544 quo
782 503 904 533 nomine
919 514 973 543 ap-

85 548 207 588 pellem,
224 547 340 577 nescio:
365 557 429 576 rem
445 547 528 576 vobis
544 556 710 587 proponam
723 558 730 575 :
756 556 807 576 ves
823 556 889 575 cam
905 556 971 582 suo,

85 600 146 620 non
161 589 303 626 nominis,
320 589 451 630 pondere
466 590 628 630 penditote.
653 590 758 619 Genus
773 589 873 629 ipsum
890 589 974 628 prius

85 633 265 674 cognoscite,
284 632 416 672 judices;
449 632 558 662 deinde
575 632 699 662 fortasse
714 642 774 662 non
790 641 974 671 magnopere

85 676 236 717 quaeretis,
253 686 314 716 quo
335 676 458 705 nomine
480 675 698 715 appellandum
713 675 834 715 putetis.
868 675 970 714 Nego,

85 719 117 749 in
137 719 239 749 Sicilia
254 719 329 755 tota,
352 725 415 748 tam
438 718 592 759 locupleti,
616 725 679 748 tam
695 724 792 748 vetere
807 717 973 758 provincia,

85 768 130 792 tot
144 761 275 802 oppidis,
293 767 337 791 tot
357 761 480 791 familiis
496 767 559 791 tam
584 761 720 802 copiosis,
746 761 846 791 ullum
867 770 975 800 argen-

85 810 170 835 teum
187 815 248 842 vas,
264 805 364 834 ullum
389 804 583 834 Corinthium
607 810 660 834 aut
682 804 844 834 Deliacum
870 803 974 841 fuisse,

86 848 182 878 ullam
203 858 370 887 gemmam,
387 853 441 877 aut
456 848 663 888 margaritam,
681 847 850 888 quidquam
867 856 904 876 ex
919 857 974 876 au-

85 901 118 921 ro
133 896 186 920 aut
202 891 289 920 ebore
304 890 431 928 factum,
448 890 569 931 signum
582 890 682 920 ullum
698 899 828 926 aeneum,
842 899 975 919 marmo-

84 944 183 970 reum,
209 935 400 963 eburneum·
391 956 400 968 ,
434 943 511 973 nego
534 933 631 963 ullam
655 933 810 981 picturam
827 942 926 980 neque
944 932 975 961 in

85 977 191 1007 tabula
202 986 300 1017 neque
310 976 408 1006 textili
421 975 525 1025 fuisse,
542 976 617 1017 quin
633 975 836 1017 conquisierit,
852 975 976 1016 inspex-

85 1020 161 1055 erit;
185 1020 267 1060 quod
282 1019 429 1060 placitum
442 1019 491 1055 sit,
508 1019 673 1050 abstulerit.

131 1063 287 1103 Magnum
303 1062 404 1092 videor
413 1062 528 1093 dicere:
554 1062 700 1093 attendite
711 1061 814 1100 etiam,
828 1061 975 1110 quemad-

85 1106 214 1136 modum
238 1105 346 1135 dicam.
391 1106 465 1136 Non
491 1106 573 1135 enim
597 1106 692 1145 verbi,
719 1115 817 1146 neque
843 1104 976 1135 criminis

87 1148 218 1189 augendi
238 1159 337 1186 causa,
359 1149 541 1189 complector
560 1149 672 1179 omnia.
706 1149 787 1179 Cum
803 1148 881 1184 dico,
898 1147 976 1177 nihil

88 1192 182 1222 istum
204 1192 353 1231 ejusmodi
369 1202 470 1222 rerum
485 1191 516 1221 in
542 1192 604 1222 tota
628 1191 783 1232 provincii»
806 1190 973 1238 reliquisse,

88 1234 199 1265 Latine
222 1244 283 1271 me,
309 1235 423 1273 scitote,
445 1244 506 1264 non
527 1235 717 1272 accusatorie,
742 1234 836 1274 loqui.
869 1233 975 1263 Etiam

86 1277 227 1318 planius:
260 1277 365 1307 nihil
357 1287 389 1307 111
410 1277 525 1308 aedibus
545 1279 739 1318 cujusquam,
755 1287 794 1307 ne
808 1277 839 1307 in
856 1276 974 1317 oppidis

88 1320 238 1361 quidem·
230 1343 239 1356 ,
272 1320 350 1350 nihil
373 1321 405 1350 in
429 1321 501 1350 locis
525 1321 749 1358 communibus,
775 1330 812 1350 ne
839 1320 871 1349 in
897 1319 975 1349 fanis

87 1363 209 1404 quidem
223 1374 232 1399 ;
257 1363 334 1393 nihil
349 1363 431 1404 apud
447 1363 596 1402 biculmiu
613 1364 690 1393 nihil
702 1363 784 1404 apud
799 1363 894 1393 civem
911 1363 976 1392 Ro-

88 1416 229 1444 manum,
246 1406 377 1447 denique
393 1407 470 1436 nihil
484 1406 590 1443 istum,
615 1406 697 1447 quod
720 1406 760 1436 ad
782 1406 884 1436 oculos
910 1405 975 1434 ani-

87 1459 237 1490 mumque
261 1449 410 1487 acciderit,
431 1459 529 1490 neque
544 1450 653 1490 privati
668 1459 766 1490 neque
780 1449 906 1489 publici,
922 1458 976 1478 ne-

87 1503 147 1533 que
162 1493 281 1533 profani
296 1503 395 1533 neque
410 1493 495 1529 sacri,
513 1493 576 1522 tota
590 1493 622 1522 in
638 1493 742 1523 Sicilia
756 1492 921 1532 reliquisse.

131 1535 222 1566 Unde
237 1535 329 1576 igitur
344 1535 445 1576 potius
459 1535 614 1576 incipiam,
631 1546 724 1576 quam
740 1536 778 1566 ab
795 1536 830 1565 ea
845 1535 975 1571 civitate,

89 1589 158 1619 quae
170 1579 224 1608 tibi
240 1589 302 1608 una
316 1579 347 1608 in
364 1589 465 1608 amore
481 1584 572 1619 atque
586 1579 618 1608 in
634 1579 747 1608 deliciis
761 1578 845 1608 fuit?
869 1584 922 1607 aut
937 1588 975 1607 ex

89 1631 150 1661 quo
164 1622 264 1662 potius
279 1631 417 1659 numero,
431 1632 524 1662 quam
541 1632 578 1651 ex
593 1622 665 1662 ipsis
676 1621 884 1652 laudatoribus
894 1620 952 1650 tuis
961 1622 975 1650 ἵ

89 1663 220 1695 Facilius
231 1665 313 1694 enim
327 1664 533 1705 perspicietur,
546 1665 645 1706 qualis
660 1664 742 1705 apud
757 1675 806 1694 eos
820 1663 913 1694 fueris
923 1662 977 1704 qui

89 1712 118 1737 te
141 1707 280 1746 oderunt,
305 1707 359 1748 qui
379 1714 531 1746 accusant,
556 1707 610 1748 qui
633 1713 867 1749 persequuntur,
891 1716 975 1745 cum,
