<?xml version="1.0" encoding="UTF-8"?>
<!DOCTYPE html PUBLIC "-//W3C//DTD XHTML 1.0 Transitional//EN"
    "http://www.w3.org/TR/xhtml1/DTD/xhtml1-transitional.dtd">
<html xmlns="http://www.w3.org/1999/xhtml" xml:lang="en" lang="en">
 <head>
  <title>
</title>
<meta http-equiv="Content-Type" content="text/html;charset=utf-8" />
  <meta name='ocr-system' content='tesseract 3.04.00' />
  <meta name='ocr-capabilities' content='ocr_page ocr_carea ocr_par ocr_line ocrx_word'/>
</head>
<body>
  <div class='ocr_page' id='page_1' title='image "./operaern05ciceuoft_0158.png"; bbox 0 0 1181 1902; ppageno 0'>
   <div class='ocr_carea' id='block_1_1' title="bbox 229 76 917 109">
    <p class='ocr_par' dir='ltr' id='par_1_1' title="bbox 229 76 917 109">
     <span class='ocr_line' id='line_1_1' title="bbox 229 76 917 109; baseline 0.003 -4"><span class='ocrx_word' id='word_1_1' title='bbox 229 76 287 105; x_wconf 81' lang='lat'>146</span> <span class='ocrx_word' id='word_1_2' title='bbox 418 76 471 107; x_wconf 92' lang='lat' dir='ltr'>IN</span> <span class='ocrx_word' id='word_1_3' title='bbox 493 76 689 108; x_wconf 83' lang='lat' dir='ltr'><strong>VERREM</strong></span> <span class='ocrx_word' id='word_1_4' title='bbox 712 78 739 108; x_wconf 90' lang='grc' dir='ltr'>Ι.</span> <span class='ocrx_word' id='word_1_5' title='bbox 764 77 848 109; x_wconf 78' lang='grc' dir='ltr'><strong>ΟΑΡ.</strong></span> <span class='ocrx_word' id='word_1_6' title='bbox 868 78 917 108; x_wconf 85' lang='grc'>13.</span> 
     </span>
    </p>
   </div>
   <div class='ocr_carea' id='block_1_2' title="bbox 215 163 1114 1800">
    <p class='ocr_par' dir='ltr' id='par_1_2' title="bbox 221 163 1111 240">
     <span class='ocr_line' id='line_1_2' title="bbox 221 163 1111 206; baseline 0.002 -11"><span class='ocrx_word' id='word_1_7' title='bbox 221 165 348 201; x_wconf 77' lang='lat' dir='ltr'>tineam,</span> <span class='ocrx_word' id='word_1_8' title='bbox 374 165 406 194; x_wconf 87' lang='lat' dir='ltr'>in</span> <span class='ocrx_word' id='word_1_9' title='bbox 429 164 485 195; x_wconf 87' lang='lat' dir='ltr'>hoc</span> <span class='ocrx_word' id='word_1_10' title='bbox 507 163 633 204; x_wconf 76' lang='lat' dir='ltr'>judicio,</span> <span class='ocrx_word' id='word_1_11' title='bbox 657 173 768 195; x_wconf 84' lang='lat' dir='ltr'>manus</span> <span class='ocrx_word' id='word_1_12' title='bbox 789 164 968 206; x_wconf 85' lang='lat' dir='ltr'>animosque</span> <span class='ocrx_word' id='word_1_13' title='bbox 989 166 1028 196; x_wconf 84' lang='lat' dir='ltr'>ab</span> <span class='ocrx_word' id='word_1_14' title='bbox 1053 165 1111 197; x_wconf 89' lang='lat' dir='ltr'>hoe</span> 
     </span>
     <span class='ocr_line' id='line_1_3' title="bbox 224 208 471 240; baseline 0 -1"><span class='ocrx_word' id='word_1_15' title='bbox 224 209 333 239; x_wconf 81' lang='lat' dir='ltr'>scelere</span> <span class='ocrx_word' id='word_1_16' title='bbox 348 208 471 240; x_wconf 86' lang='lat' dir='ltr'>nefario.</span> 
     </span>
    </p>

    <p class='ocr_par' dir='ltr' id='par_1_3' title="bbox 215 251 1114 1667">
     <span class='ocr_line' id='line_1_4' title="bbox 268 251 1112 284; baseline -0.001 0"><span class='ocrx_word' id='word_1_17' title='bbox 268 253 368 284; x_wconf 77' lang='lat' dir='ltr'><strong>XIII.</strong></span> <span class='ocrx_word' id='word_1_18' title='bbox 392 253 462 283; x_wconf 88' lang='lat' dir='ltr'>Erit</span> <span class='ocrx_word' id='word_1_19' title='bbox 482 258 549 283; x_wconf 90' lang='lat' dir='ltr'>tum</span> <span class='ocrx_word' id='word_1_20' title='bbox 569 252 674 282; x_wconf 86' lang='lat' dir='ltr'>consul</span> <span class='ocrx_word' id='word_1_21' title='bbox 697 251 878 281; x_wconf 86' lang='lat' dir='ltr'>Hortensius</span> <span class='ocrx_word' id='word_1_22' title='bbox 900 261 970 282; x_wconf 89' lang='lat' dir='ltr'>cum</span> <span class='ocrx_word' id='word_1_23' title='bbox 991 262 1112 283; x_wconf 88' lang='lat' dir='ltr'>summo</span> 
     </span>
     <span class='ocr_line' id='line_1_5' title="bbox 225 294 1112 337; baseline 0 -11"><span class='ocrx_word' id='word_1_24' title='bbox 225 296 353 337; x_wconf 87' lang='lat' dir='ltr'>imperio</span> <span class='ocrx_word' id='word_1_25' title='bbox 363 302 392 327; x_wconf 90' lang='lat' dir='ltr'>et</span> <span class='ocrx_word' id='word_1_26' title='bbox 403 302 548 337; x_wconf 86' lang='lat' dir='ltr'>potestate</span> <span class='ocrx_word' id='word_1_27' title='bbox 558 306 568 331; x_wconf 69' lang='grc' dir='ltr'><strong>ς</strong></span> <span class='ocrx_word' id='word_1_28' title='bbox 585 306 640 335; x_wconf 85' lang='lat' dir='ltr'>ego</span> <span class='ocrx_word' id='word_1_29' title='bbox 652 300 753 325; x_wconf 87' lang='lat' dir='ltr'>autem</span> <span class='ocrx_word' id='word_1_30' title='bbox 764 294 870 331; x_wconf 73' lang='lat' dir='ltr'>aedffis,</span> <span class='ocrx_word' id='word_1_31' title='bbox 883 294 940 325; x_wconf 91' lang='lat' dir='ltr'>hoc</span> <span class='ocrx_word' id='word_1_32' title='bbox 952 301 1006 333; x_wconf 80' lang='lat' dir='ltr'>est⁷</span> <span class='ocrx_word' id='word_1_33' title='bbox 1019 296 1112 336; x_wconf 87' lang='lat' dir='ltr'>paulo</span> 
     </span>
     <span class='ocr_line' id='line_1_6' title="bbox 224 338 1113 381; baseline 0.001 -12"><span class='ocrx_word' id='word_1_34' title='bbox 224 340 356 381; x_wconf 85' lang='lat' dir='ltr'>amplius</span> <span class='ocrx_word' id='word_1_35' title='bbox 372 350 466 381; x_wconf 89' lang='lat' dir='ltr'>quam</span> <span class='ocrx_word' id='word_1_36' title='bbox 480 340 624 380; x_wconf 87' lang='lat' dir='ltr'>privatus.</span> <span class='ocrx_word' id='word_1_37' title='bbox 659 338 779 368; x_wconf 84' lang='lat' dir='ltr'>Tamen</span> <span class='ocrx_word' id='word_1_38' title='bbox 797 338 861 368; x_wconf 89' lang='lat' dir='ltr'>haec</span> <span class='ocrx_word' id='word_1_39' title='bbox 875 338 1052 376; x_wconf 88' lang='lat' dir='ltr'>hujusmodi</span> <span class='ocrx_word' id='word_1_40' title='bbox 1067 350 1113 370; x_wconf 84' lang='lat' dir='ltr'>res</span> 
     </span>
     <span class='ocr_line' id='line_1_7' title="bbox 224 380 1114 424; baseline -0.001 -11"><span class='ocrx_word' id='word_1_41' title='bbox 224 388 279 420; x_wconf 80' lang='lat' dir='ltr'>est,</span> <span class='ocrx_word' id='word_1_42' title='bbox 296 394 390 424; x_wconf 87' lang='lat' dir='ltr'>quam</span> <span class='ocrx_word' id='word_1_43' title='bbox 406 393 456 413; x_wconf 91' lang='lat' dir='ltr'>me</span> <span class='ocrx_word' id='word_1_44' title='bbox 471 388 610 413; x_wconf 86' lang='lat' dir='ltr'>acturum</span> <span class='ocrx_word' id='word_1_45' title='bbox 626 392 688 411; x_wconf 85' lang='lat' dir='ltr'>esse</span> <span class='ocrx_word' id='word_1_46' title='bbox 703 381 855 421; x_wconf 74' lang='lat' dir='ltr'>polliceor,</span> <span class='ocrx_word' id='word_1_47' title='bbox 869 380 912 411; x_wconf 88' lang='lat' dir='ltr'>ita</span> <span class='ocrx_word' id='word_1_48' title='bbox 922 382 1036 421; x_wconf 94' lang='lat' dir='ltr'>populo</span> <span class='ocrx_word' id='word_1_49' title='bbox 1048 383 1114 412; x_wconf 90' lang='lat' dir='ltr'>Ro-</span> 
     </span>
     <span class='ocr_line' id='line_1_8' title="bbox 224 424 1113 467; baseline 0 -11"><span class='ocrx_word' id='word_1_50' title='bbox 224 436 316 456; x_wconf 88' lang='lat' dir='ltr'>mano</span> <span class='ocrx_word' id='word_1_51' title='bbox 341 432 428 467; x_wconf 85' lang='lat' dir='ltr'>grata</span> <span class='ocrx_word' id='word_1_52' title='bbox 450 432 542 467; x_wconf 89' lang='lat' dir='ltr'>atque</span> <span class='ocrx_word' id='word_1_53' title='bbox 566 424 713 464; x_wconf 76' lang='lat' dir='ltr'>jucunda,</span> <span class='ocrx_word' id='word_1_54' title='bbox 737 429 772 454; x_wconf 89' lang='lat' dir='ltr'>ut</span> <span class='ocrx_word' id='word_1_55' title='bbox 792 424 856 463; x_wconf 83' lang='lat' dir='ltr'>ipse</span> <span class='ocrx_word' id='word_1_56' title='bbox 878 425 981 454; x_wconf 90' lang='lat' dir='ltr'>consul</span> <span class='ocrx_word' id='word_1_57' title='bbox 1005 425 1038 455; x_wconf 90' lang='lat' dir='ltr'>in</span> <span class='ocrx_word' id='word_1_58' title='bbox 1055 425 1113 456; x_wconf 89' lang='lat' dir='ltr'>hac</span> 
     </span>
     <span class='ocr_line' id='line_1_9' title="bbox 223 467 1111 510; baseline -0.001 -11"><span class='ocrx_word' id='word_1_59' title='bbox 223 469 325 507; x_wconf 63' lang='lat' dir='ltr'>causa,</span> <span class='ocrx_word' id='word_1_60' title='bbox 346 480 409 510; x_wconf 83' lang='lat' dir='ltr'>prae</span> <span class='ocrx_word' id='word_1_61' title='bbox 432 479 493 504; x_wconf 70' lang='lat' dir='ltr'>me,</span> <span class='ocrx_word' id='word_1_62' title='bbox 509 468 612 498; x_wconf 91' lang='lat' dir='ltr'>minus</span> <span class='ocrx_word' id='word_1_63' title='bbox 624 468 715 498; x_wconf 76' lang='lat' dir='ltr'>etiam</span> <span class='ocrx_word' id='word_1_64' title='bbox 738 467 776 501; x_wconf 88' lang='lat' dir='ltr'>(si</span> <span class='ocrx_word' id='word_1_65' title='bbox 799 467 864 497; x_wconf 90' lang='lat' dir='ltr'>fieri</span> <span class='ocrx_word' id='word_1_66' title='bbox 883 467 1001 507; x_wconf 81' lang='lat' dir='ltr'>possit),</span> <span class='ocrx_word' id='word_1_67' title='bbox 1017 479 1111 509; x_wconf 86' lang='lat' dir='ltr'>quam</span> 
     </span>
     <span class='ocr_line' id='line_1_10' title="bbox 221 510 1112 552; baseline 0.001 -11"><span class='ocrx_word' id='word_1_68' title='bbox 221 513 368 552; x_wconf 75' lang='lat' dir='ltr'>privatus,</span> <span class='ocrx_word' id='word_1_69' title='bbox 379 523 441 543; x_wconf 85' lang='lat' dir='ltr'>esse</span> <span class='ocrx_word' id='word_1_70' title='bbox 451 512 596 542; x_wconf 89' lang='lat' dir='ltr'>videatur.</span> <span class='ocrx_word' id='word_1_71' title='bbox 621 511 738 542; x_wconf 83' lang='lat' dir='ltr'>Omnia</span> <span class='ocrx_word' id='word_1_72' title='bbox 749 520 809 541; x_wconf 90' lang='lat' dir='ltr'>non</span> <span class='ocrx_word' id='word_1_73' title='bbox 825 510 916 540; x_wconf 87' lang='lat' dir='ltr'>modo</span> <span class='ocrx_word' id='word_1_74' title='bbox 928 521 1112 542; x_wconf 86' lang='lat' dir='ltr'>commemo-</span> 
     </span>
     <span class='ocr_line' id='line_1_11' title="bbox 221 553 1111 594; baseline -0.002 -9"><span class='ocrx_word' id='word_1_75' title='bbox 221 557 381 593; x_wconf 73' lang='lat' dir='ltr'>rabuntur,</span> <span class='ocrx_word' id='word_1_76' title='bbox 399 556 450 586; x_wconf 86' lang='lat' dir='ltr'>sed</span> <span class='ocrx_word' id='word_1_77' title='bbox 466 555 568 591; x_wconf 72' lang='lat' dir='ltr'>etiam,</span> <span class='ocrx_word' id='word_1_78' title='bbox 586 554 728 594; x_wconf 84' lang='lat' dir='ltr'>expositis</span> <span class='ocrx_word' id='word_1_79' title='bbox 748 553 834 584; x_wconf 83' lang='lat' dir='ltr'>certis</span> <span class='ocrx_word' id='word_1_80' title='bbox 854 555 954 590; x_wconf 73' lang='lat' dir='ltr'>rebus,</span> <span class='ocrx_word' id='word_1_81' title='bbox 971 560 1111 594; x_wconf 77' lang='lat' dir='ltr'>agentur,</span> 
     </span>
     <span class='ocr_line' id='line_1_12' title="bbox 222 596 1113 638; baseline -0.002 -9"><span class='ocrx_word' id='word_1_82' title='bbox 222 609 291 638; x_wconf 89' lang='lat' dir='ltr'>quae</span> <span class='ocrx_word' id='word_1_83' title='bbox 305 599 384 629; x_wconf 86' lang='lat' dir='ltr'>inter</span> <span class='ocrx_word' id='word_1_84' title='bbox 399 598 501 629; x_wconf 83' lang='lat' dir='ltr'>decem</span> <span class='ocrx_word' id='word_1_85' title='bbox 519 608 623 632; x_wconf 64' lang='lat' dir='ltr'>annosq</span> <span class='ocrx_word' id='word_1_86' title='bbox 634 603 831 637; x_wconf 81' lang='lat' dir='ltr'>posteaquam</span> <span class='ocrx_word' id='word_1_87' title='bbox 845 596 959 635; x_wconf 85' lang='lat' dir='ltr'>judicia</span> <span class='ocrx_word' id='word_1_88' title='bbox 974 597 1013 627; x_wconf 91' lang='lat' dir='ltr'>ad</span> <span class='ocrx_word' id='word_1_89' title='bbox 1028 607 1113 628; x_wconf 87' lang='lat' dir='ltr'>sena-</span> 
     </span>
     <span class='ocr_line' id='line_1_13' title="bbox 222 639 1112 680; baseline -0.003 -8"><span class='ocrx_word' id='word_1_90' title='bbox 222 647 290 672; x_wconf 87' lang='lat' dir='ltr'>tum</span> <span class='ocrx_word' id='word_1_91' title='bbox 306 643 452 672; x_wconf 85' lang='lat' dir='ltr'>translata</span> <span class='ocrx_word' id='word_1_92' title='bbox 467 647 548 676; x_wconf 66' lang='lat' dir='ltr'>sunt„</span> <span class='ocrx_word' id='word_1_93' title='bbox 560 640 592 670; x_wconf 86' lang='lat' dir='ltr'>in</span> <span class='ocrx_word' id='word_1_94' title='bbox 608 642 698 671; x_wconf 88' lang='lat' dir='ltr'>rebus</span> <span class='ocrx_word' id='word_1_95' title='bbox 711 640 881 679; x_wconf 83' lang='lat' dir='ltr'>judicandis</span> <span class='ocrx_word' id='word_1_96' title='bbox 897 639 1010 670; x_wconf 85' lang='lat' dir='ltr'>nefarie</span> <span class='ocrx_word' id='word_1_97' title='bbox 1025 641 1112 680; x_wconf 82' lang='lat' dir='ltr'>flagi-</span> 
     </span>
     <span class='ocr_line' id='line_1_14' title="bbox 220 683 1113 726; baseline -0.003 -10"><span class='ocrx_word' id='word_1_98' title='bbox 220 685 355 726; x_wconf 86' lang='lat' dir='ltr'>tioseque</span> <span class='ocrx_word' id='word_1_99' title='bbox 375 685 455 715; x_wconf 88' lang='lat' dir='ltr'>facta</span> <span class='ocrx_word' id='word_1_100' title='bbox 475 690 554 714; x_wconf 89' lang='lat' dir='ltr'>sunt.</span> <span class='ocrx_word' id='word_1_101' title='bbox 588 684 756 723; x_wconf 75' lang='lat' dir='ltr'>Cognoscet</span> <span class='ocrx_word' id='word_1_102' title='bbox 778 693 815 713; x_wconf 87' lang='lat' dir='ltr'>ex</span> <span class='ocrx_word' id='word_1_103' title='bbox 835 693 885 713; x_wconf 88' lang='lat' dir='ltr'>me</span> <span class='ocrx_word' id='word_1_104' title='bbox 900 683 1032 723; x_wconf 88' lang='lat' dir='ltr'>populus</span> <span class='ocrx_word' id='word_1_105' title='bbox 1048 684 1113 714; x_wconf 84' lang='lat' dir='ltr'>Ro-</span> 
     </span>
     <span class='ocr_line' id='line_1_15' title="bbox 220 727 1111 769; baseline -0.001 -11"><span class='ocrx_word' id='word_1_106' title='bbox 220 738 342 765; x_wconf 74' lang='lat' dir='ltr'>manus,</span> <span class='ocrx_word' id='word_1_107' title='bbox 368 727 443 769; x_wconf 89' lang='lat' dir='ltr'>quid</span> <span class='ocrx_word' id='word_1_108' title='bbox 467 728 516 763; x_wconf 71' lang='lat' dir='ltr'>sit,</span> <span class='ocrx_word' id='word_1_109' title='bbox 542 728 751 768; x_wconf 68' lang='lat' dir='ltr'>quamobrem,</span> <span class='ocrx_word' id='word_1_110' title='bbox 780 736 851 756; x_wconf 89' lang='lat' dir='ltr'>cum</span> <span class='ocrx_word' id='word_1_111' title='bbox 878 732 1015 766; x_wconf 85' lang='lat' dir='ltr'>equester</span> <span class='ocrx_word' id='word_1_112' title='bbox 1038 727 1111 757; x_wconf 82' lang='lat' dir='ltr'>ordo</span> 
     </span>
     <span class='ocr_line' id='line_1_16' title="bbox 217 768 1112 811; baseline -0.001 -10"><span class='ocrx_word' id='word_1_113' title='bbox 217 771 378 811; x_wconf 74' lang='lat' dir='ltr'>judicaret,</span> <span class='ocrx_word' id='word_1_114' title='bbox 387 781 480 801; x_wconf 86' lang='lat' dir='ltr'>annos</span> <span class='ocrx_word' id='word_1_115' title='bbox 492 781 585 811; x_wconf 80' lang='lat' dir='ltr'>prope</span> <span class='ocrx_word' id='word_1_116' title='bbox 597 769 820 810; x_wconf 76' lang='lat' dir='ltr'>quinquaginta</span> <span class='ocrx_word' id='word_1_117' title='bbox 831 769 999 805; x_wconf 66' lang='lat' dir='ltr'>continuos,</span> <span class='ocrx_word' id='word_1_118' title='bbox 1010 768 1112 808; x_wconf 91' lang='lat' dir='ltr'>[nullo</span> 
     </span>
     <span class='ocr_line' id='line_1_17' title="bbox 218 812 1113 854; baseline 0 -11"><span class='ocrx_word' id='word_1_119' title='bbox 218 814 321 853; x_wconf 81' lang='lat' dir='ltr'>judice</span> <span class='ocrx_word' id='word_1_120' title='bbox 336 814 437 854; x_wconf 89' lang='lat' dir='ltr'>equite</span> <span class='ocrx_word' id='word_1_121' title='bbox 449 815 590 844; x_wconf 80' lang='lat' dir='ltr'>Romano</span> <span class='ocrx_word' id='word_1_122' title='bbox 603 813 787 853; x_wconf 54' lang='lat' dir='ltr'>judicantffi]</span> <span class='ocrx_word' id='word_1_123' title='bbox 801 822 838 842; x_wconf 89' lang='lat' dir='ltr'>ne</span> <span class='ocrx_word' id='word_1_124' title='bbox 854 812 1030 842; x_wconf 83' lang='lat' dir='ltr'>tenuissima</span> <span class='ocrx_word' id='word_1_125' title='bbox 1045 813 1113 853; x_wconf 87' lang='lat' dir='ltr'>qui-</span> 
     </span>
     <span class='ocr_line' id='line_1_18' title="bbox 221 855 1113 898; baseline -0.001 -11"><span class='ocrx_word' id='word_1_126' title='bbox 221 857 291 887; x_wconf 88' lang='lat' dir='ltr'>dem</span> <span class='ocrx_word' id='word_1_127' title='bbox 316 857 445 898; x_wconf 87' lang='lat' dir='ltr'>suspicio</span> <span class='ocrx_word' id='word_1_128' title='bbox 466 862 597 893; x_wconf 64' lang='lat' dir='ltr'>acceptae</span> <span class='ocrx_word' id='word_1_129' title='bbox 617 856 753 896; x_wconf 74' lang='lat' dir='ltr'>pecuniae</span> <span class='ocrx_word' id='word_1_130' title='bbox 774 856 812 885; x_wconf 90' lang='lat' dir='ltr'>ob</span> <span class='ocrx_word' id='word_1_131' title='bbox 831 866 895 885; x_wconf 90' lang='lat' dir='ltr'>rem</span> <span class='ocrx_word' id='word_1_132' title='bbox 914 855 1113 895; x_wconf 88' lang='lat' dir='ltr'>judicandam</span> 
     </span>
     <span class='ocr_line' id='line_1_19' title="bbox 222 898 1112 940; baseline -0.002 -10"><span class='ocrx_word' id='word_1_133' title='bbox 222 899 384 931; x_wconf 85' lang='lat' dir='ltr'>constituta</span> <span class='ocrx_word' id='word_1_134' title='bbox 400 900 458 930; x_wconf 81' lang='lat' dir='ltr'>sit?</span> <span class='ocrx_word' id='word_1_135' title='bbox 482 900 557 940; x_wconf 88' lang='lat' dir='ltr'>quid</span> <span class='ocrx_word' id='word_1_136' title='bbox 573 900 621 934; x_wconf 70' lang='lat' dir='ltr'>sit,</span> <span class='ocrx_word' id='word_1_137' title='bbox 635 898 728 938; x_wconf 61' lang='lat' dir='ltr'>quod,</span> <span class='ocrx_word' id='word_1_138' title='bbox 742 898 864 937; x_wconf 83' lang='lat' dir='ltr'>judiciis</span> <span class='ocrx_word' id='word_1_139' title='bbox 876 898 914 928; x_wconf 87' lang='lat' dir='ltr'>ad</span> <span class='ocrx_word' id='word_1_140' title='bbox 927 899 1112 929; x_wconf 87' lang='lat' dir='ltr'>senatorium</span> 
     </span>
     <span class='ocr_line' id='line_1_20' title="bbox 221 941 1112 982; baseline -0.001 -9"><span class='ocrx_word' id='word_1_141' title='bbox 221 943 359 973; x_wconf 85' lang='lat' dir='ltr'>ordinem</span> <span class='ocrx_word' id='word_1_142' title='bbox 385 943 548 979; x_wconf 71' lang='lat' dir='ltr'>translatis,</span> <span class='ocrx_word' id='word_1_143' title='bbox 580 942 760 982; x_wconf 55' lang='lat' dir='ltr'>sublataque</span> <span class='ocrx_word' id='word_1_144' title='bbox 786 941 892 982; x_wconf 80' lang='lat' dir='ltr'>populi</span> <span class='ocrx_word' id='word_1_145' title='bbox 917 942 1050 972; x_wconf 87' lang='lat' dir='ltr'>Romani</span> <span class='ocrx_word' id='word_1_146' title='bbox 1080 942 1112 972; x_wconf 92' lang='lat' dir='ltr'>in</span> 
     </span>
     <span class='ocr_line' id='line_1_21' title="bbox 221 984 1112 1026; baseline -0.001 -10"><span class='ocrx_word' id='word_1_147' title='bbox 221 996 477 1026; x_wconf 81' lang='lat' dir='ltr'>unumquemque</span> <span class='ocrx_word' id='word_1_148' title='bbox 491 986 627 1016; x_wconf 68' lang='lat' dir='ltr'>nostrum</span> <span class='ocrx_word' id='word_1_149' title='bbox 642 990 798 1022; x_wconf 71' lang='lat' dir='ltr'>potestate,</span> <span class='ocrx_word' id='word_1_150' title='bbox 815 984 856 1023; x_wconf 86' lang='lat' dir='ltr'>Q.</span> <span class='ocrx_word' id='word_1_151' title='bbox 875 984 1010 1015; x_wconf 85' lang='lat' dir='ltr'>Calidius</span> <span class='ocrx_word' id='word_1_152' title='bbox 1026 985 1112 1015; x_wconf 84' lang='lat' dir='ltr'>dam-</span> 
     </span>
     <span class='ocr_line' id='line_1_22' title="bbox 221 1027 1112 1068; baseline -0.001 -9"><span class='ocrx_word' id='word_1_153' title='bbox 221 1035 310 1059; x_wconf 84' lang='lat' dir='ltr'>natus</span> <span class='ocrx_word' id='word_1_154' title='bbox 331 1029 452 1066; x_wconf 72' lang='lat' dir='ltr'>dixerit,</span> <span class='ocrx_word' id='word_1_155' title='bbox 474 1028 599 1059; x_wconf 85' lang='lat' dir='ltr'>minoris</span> <span class='ocrx_word' id='word_1_156' title='bbox 621 1028 677 1059; x_wconf 83' lang='lat' dir='ltr'>HS</span> <span class='ocrx_word' id='word_1_157' title='bbox 698 1027 796 1058; x_wconf 78' lang='lat' dir='ltr'>tricies</span> <span class='ocrx_word' id='word_1_158' title='bbox 815 1027 991 1068; x_wconf 65' lang='lat' dir='ltr'>praetorium</span> <span class='ocrx_word' id='word_1_159' title='bbox 1012 1027 1112 1058; x_wconf 90' lang='lat' dir='ltr'>homi-</span> 
     </span>
     <span class='ocr_line' id='line_1_23' title="bbox 219 1070 1110 1112; baseline -0.001 -10"><span class='ocrx_word' id='word_1_160' title='bbox 219 1082 291 1102; x_wconf 89' lang='lat' dir='ltr'>nem</span> <span class='ocrx_word' id='word_1_161' title='bbox 306 1072 430 1102; x_wconf 84' lang='lat' dir='ltr'>honeste</span> <span class='ocrx_word' id='word_1_162' title='bbox 446 1082 506 1102; x_wconf 88' lang='lat' dir='ltr'>non</span> <span class='ocrx_word' id='word_1_163' title='bbox 522 1081 608 1112; x_wconf 84' lang='lat' dir='ltr'>posse</span> <span class='ocrx_word' id='word_1_164' title='bbox 623 1070 784 1101; x_wconf 79' lang='lat' dir='ltr'>damnari?</span> <span class='ocrx_word' id='word_1_165' title='bbox 808 1070 882 1111; x_wconf 89' lang='lat' dir='ltr'>quid</span> <span class='ocrx_word' id='word_1_166' title='bbox 897 1070 945 1105; x_wconf 72' lang='lat' dir='ltr'>sit,</span> <span class='ocrx_word' id='word_1_167' title='bbox 963 1071 1056 1111; x_wconf 77' lang='lat' dir='ltr'>quod,</span> <span class='ocrx_word' id='word_1_168' title='bbox 1074 1071 1110 1102; x_wconf 88' lang='lat' dir='ltr'>P.</span> 
     </span>
     <span class='ocr_line' id='line_1_24' title="bbox 220 1113 1110 1156; baseline -0.002 -10"><span class='ocrx_word' id='word_1_169' title='bbox 220 1115 369 1156; x_wconf 83' lang='lat' dir='ltr'>Septimio</span> <span class='ocrx_word' id='word_1_170' title='bbox 389 1121 524 1146; x_wconf 84' lang='lat' dir='ltr'>senatore</span> <span class='ocrx_word' id='word_1_171' title='bbox 544 1115 699 1150; x_wconf 66' lang='lat' dir='ltr'>damnato,</span> <span class='ocrx_word' id='word_1_172' title='bbox 722 1113 763 1150; x_wconf 88' lang='lat' dir='ltr'>Q.</span> <span class='ocrx_word' id='word_1_173' title='bbox 787 1114 951 1144; x_wconf 86' lang='lat' dir='ltr'>Hortensio</span> <span class='ocrx_word' id='word_1_174' title='bbox 972 1120 1110 1154; x_wconf 78' lang='lat' dir='ltr'>praetore,</span> 
     </span>
     <span class='ocr_line' id='line_1_25' title="bbox 220 1157 1110 1199; baseline 0 -11"><span class='ocrx_word' id='word_1_175' title='bbox 220 1158 258 1189; x_wconf 82' lang='lat' dir='ltr'>de</span> <span class='ocrx_word' id='word_1_176' title='bbox 273 1158 408 1199; x_wconf 86' lang='lat' dir='ltr'>pecuniis</span> <span class='ocrx_word' id='word_1_177' title='bbox 428 1158 613 1199; x_wconf 72' lang='lat' dir='ltr'>repetundis,</span> <span class='ocrx_word' id='word_1_178' title='bbox 635 1158 672 1187; x_wconf 84' lang='lat' dir='ltr'>lis</span> <span class='ocrx_word' id='word_1_179' title='bbox 694 1157 842 1187; x_wconf 82' lang='lat' dir='ltr'>aestimata</span> <span class='ocrx_word' id='word_1_180' title='bbox 862 1157 900 1186; x_wconf 86' lang='lat' dir='ltr'>sit</span> <span class='ocrx_word' id='word_1_181' title='bbox 920 1167 954 1187; x_wconf 92' lang='lat' dir='ltr'>eo</span> <span class='ocrx_word' id='word_1_182' title='bbox 974 1157 1110 1195; x_wconf 78' lang='lat' dir='ltr'>nomine,</span> 
     </span>
     <span class='ocr_line' id='line_1_26' title="bbox 220 1200 1108 1242; baseline -0.001 -10"><span class='ocrx_word' id='word_1_183' title='bbox 220 1201 303 1242; x_wconf 90' lang='lat' dir='ltr'>quod</span> <span class='ocrx_word' id='word_1_184' title='bbox 318 1201 370 1231; x_wconf 86' lang='lat' dir='ltr'>ille</span> <span class='ocrx_word' id='word_1_185' title='bbox 386 1203 424 1232; x_wconf 93' lang='lat' dir='ltr'>ob</span> <span class='ocrx_word' id='word_1_186' title='bbox 446 1211 509 1232; x_wconf 87' lang='lat' dir='ltr'>rem</span> <span class='ocrx_word' id='word_1_187' title='bbox 528 1200 725 1239; x_wconf 87' lang='lat' dir='ltr'>judicandam</span> <span class='ocrx_word' id='word_1_188' title='bbox 746 1200 906 1240; x_wconf 86' lang='lat' dir='ltr'>pecuniam</span> <span class='ocrx_word' id='word_1_189' title='bbox 928 1200 1108 1241; x_wconf 69' lang='lat' dir='ltr'>accepisset:</span> 
     </span>
     <span class='ocr_line' id='line_1_27' title="bbox 216 1242 1108 1285; baseline -0.001 -10"><span class='ocrx_word' id='word_1_190' title='bbox 216 1245 299 1285; x_wconf 89' lang='lat' dir='ltr'>quod</span> <span class='ocrx_word' id='word_1_191' title='bbox 308 1244 340 1274; x_wconf 87' lang='lat' dir='ltr'>in</span> <span class='ocrx_word' id='word_1_192' title='bbox 351 1244 386 1275; x_wconf 92' lang='lat' dir='ltr'>C.</span> <span class='ocrx_word' id='word_1_193' title='bbox 397 1244 564 1280; x_wconf 68' lang='lat' dir='ltr'>Herennio,</span> <span class='ocrx_word' id='word_1_194' title='bbox 575 1243 657 1284; x_wconf 85' lang='lat' dir='ltr'>quod</span> <span class='ocrx_word' id='word_1_195' title='bbox 669 1243 704 1275; x_wconf 84' lang='lat' dir='ltr'>in</span> <span class='ocrx_word' id='word_1_196' title='bbox 712 1242 748 1273; x_wconf 89' lang='lat' dir='ltr'>C.</span> <span class='ocrx_word' id='word_1_197' title='bbox 757 1243 898 1284; x_wconf 67' lang='lat' dir='ltr'>Popillio,</span> <span class='ocrx_word' id='word_1_198' title='bbox 910 1243 1108 1281; x_wconf 86' lang='lat' dir='ltr'>senatoribus,</span> 
     </span>
     <span class='ocr_line' id='line_1_28' title="bbox 216 1286 1110 1329; baseline -0.001 -12"><span class='ocrx_word' id='word_1_199' title='bbox 216 1288 270 1325; x_wconf 80' lang='lat' dir='ltr'>qui</span> <span class='ocrx_word' id='word_1_200' title='bbox 286 1289 377 1317; x_wconf 86' lang='lat' dir='ltr'>ambo</span> <span class='ocrx_word' id='word_1_201' title='bbox 391 1288 547 1329; x_wconf 66' lang='lat' dir='ltr'>peculatus</span> <span class='ocrx_word' id='word_1_202' title='bbox 559 1286 695 1317; x_wconf 83' lang='lat' dir='ltr'>damnati</span> <span class='ocrx_word' id='word_1_203' title='bbox 707 1291 797 1321; x_wconf 85' lang='lat' dir='ltr'>sunt;</span> <span class='ocrx_word' id='word_1_204' title='bbox 822 1286 904 1326; x_wconf 90' lang='lat' dir='ltr'>quod</span> <span class='ocrx_word' id='word_1_205' title='bbox 919 1286 951 1315; x_wconf 89' lang='lat' dir='ltr'>in</span> <span class='ocrx_word' id='word_1_206' title='bbox 964 1286 1012 1316; x_wconf 88' lang='lat' dir='ltr'>M.</span> <span class='ocrx_word' id='word_1_207' title='bbox 1024 1286 1110 1316; x_wconf 80' lang='lat' dir='ltr'>Atti-</span> 
     </span>
     <span class='ocr_line' id='line_1_29' title="bbox 215 1329 1109 1371; baseline -0.001 -10"><span class='ocrx_word' id='word_1_208' title='bbox 215 1330 268 1367; x_wconf 69' lang='lat' dir='ltr'>lio„</span> <span class='ocrx_word' id='word_1_209' title='bbox 286 1331 339 1371; x_wconf 91' lang='lat' dir='ltr'>qui</span> <span class='ocrx_word' id='word_1_210' title='bbox 354 1331 392 1361; x_wconf 91' lang='lat' dir='ltr'>de</span> <span class='ocrx_word' id='word_1_211' title='bbox 406 1332 563 1370; x_wconf 83' lang='lat' dir='ltr'>majestate</span> <span class='ocrx_word' id='word_1_212' title='bbox 578 1330 740 1360; x_wconf 85' lang='lat' dir='ltr'>damnatus</span> <span class='ocrx_word' id='word_1_213' title='bbox 755 1334 810 1365; x_wconf 80' lang='lat' dir='ltr'>est,</span> <span class='ocrx_word' id='word_1_214' title='bbox 826 1329 883 1359; x_wconf 88' lang='lat' dir='ltr'>hoc</span> <span class='ocrx_word' id='word_1_215' title='bbox 898 1329 1026 1369; x_wconf 89' lang='lat' dir='ltr'>planum</span> <span class='ocrx_word' id='word_1_216' title='bbox 1047 1329 1109 1360; x_wconf 87' lang='lat' dir='ltr'>fac-</span> 
     </span>
     <span class='ocr_line' id='line_1_30' title="bbox 216 1372 1108 1414; baseline -0.001 -11"><span class='ocrx_word' id='word_1_217' title='bbox 216 1379 284 1404; x_wconf 87' lang='lat' dir='ltr'>tum</span> <span class='ocrx_word' id='word_1_218' title='bbox 309 1379 363 1410; x_wconf 71' lang='lat' dir='ltr'>est,</span> <span class='ocrx_word' id='word_1_219' title='bbox 390 1384 439 1404; x_wconf 87' lang='lat' dir='ltr'>eos</span> <span class='ocrx_word' id='word_1_220' title='bbox 464 1373 625 1414; x_wconf 86' lang='lat' dir='ltr'>pecuniam</span> <span class='ocrx_word' id='word_1_221' title='bbox 651 1374 689 1403; x_wconf 92' lang='lat' dir='ltr'>ob</span> <span class='ocrx_word' id='word_1_222' title='bbox 716 1382 780 1403; x_wconf 89' lang='lat' dir='ltr'>rem</span> <span class='ocrx_word' id='word_1_223' title='bbox 804 1372 1002 1411; x_wconf 86' lang='lat' dir='ltr'>judicandam</span> <span class='ocrx_word' id='word_1_224' title='bbox 1025 1383 1108 1403; x_wconf 88' lang='lat' dir='ltr'>acce-</span> 
     </span>
     <span class='ocr_line' id='line_1_31' title="bbox 215 1414 1108 1457; baseline 0 -11"><span class='ocrx_word' id='word_1_225' title='bbox 215 1417 315 1457; x_wconf 75' lang='lat' dir='ltr'>pisse3</span> <span class='ocrx_word' id='word_1_226' title='bbox 339 1417 422 1457; x_wconf 87' lang='lat' dir='ltr'>quod</span> <span class='ocrx_word' id='word_1_227' title='bbox 446 1417 561 1447; x_wconf 86' lang='lat' dir='ltr'>inventi</span> <span class='ocrx_word' id='word_1_228' title='bbox 585 1421 656 1447; x_wconf 86' lang='lat' dir='ltr'>sunt</span> <span class='ocrx_word' id='word_1_229' title='bbox 680 1421 840 1453; x_wconf 78' lang='lat' dir='ltr'>senatores,</span> <span class='ocrx_word' id='word_1_230' title='bbox 863 1415 928 1456; x_wconf 79' lang='lat' dir='ltr'>qui,</span> <span class='ocrx_word' id='word_1_231' title='bbox 953 1415 989 1446; x_wconf 85' lang='lat' dir='ltr'>C.</span> <span class='ocrx_word' id='word_1_232' title='bbox 1011 1414 1108 1446; x_wconf 88' lang='lat' dir='ltr'>Verre</span> 
     </span>
     <span class='ocr_line' id='line_1_32' title="bbox 215 1458 1107 1499; baseline -0.001 -10"><span class='ocrx_word' id='word_1_233' title='bbox 215 1465 342 1498; x_wconf 62' lang='lat' dir='ltr'>praetore</span> <span class='ocrx_word' id='word_1_234' title='bbox 353 1461 470 1490; x_wconf 87' lang='lat' dir='ltr'>urbano</span> <span class='ocrx_word' id='word_1_235' title='bbox 483 1459 634 1496; x_wconf 71' lang='lat' dir='ltr'>sortiente,</span> <span class='ocrx_word' id='word_1_236' title='bbox 646 1459 762 1489; x_wconf 83' lang='lat' dir='ltr'>exirent</span> <span class='ocrx_word' id='word_1_237' title='bbox 776 1458 807 1488; x_wconf 93' lang='lat' dir='ltr'>in</span> <span class='ocrx_word' id='word_1_238' title='bbox 820 1469 890 1489; x_wconf 86' lang='lat' dir='ltr'>eum</span> <span class='ocrx_word' id='word_1_239' title='bbox 902 1469 1000 1495; x_wconf 90' lang='lat' dir='ltr'>reum,</span> <span class='ocrx_word' id='word_1_240' title='bbox 1014 1469 1107 1499; x_wconf 89' lang='lat' dir='ltr'>quem</span> 
     </span>
     <span class='ocr_line' id='line_1_33' title="bbox 215 1501 1108 1542; baseline -0.001 -9"><span class='ocrx_word' id='word_1_241' title='bbox 215 1502 369 1542; x_wconf 59' lang='lat' dir='ltr'>incognita</span> <span class='ocrx_word' id='word_1_242' title='bbox 381 1503 471 1533; x_wconf 57' lang='lat' dir='ltr'>causa</span> <span class='ocrx_word' id='word_1_243' title='bbox 483 1502 737 1536; x_wconf 68' lang='lat' dir='ltr'>conde1nnarent3</span> <span class='ocrx_word' id='word_1_244' title='bbox 761 1501 843 1542; x_wconf 89' lang='lat' dir='ltr'>quod</span> <span class='ocrx_word' id='word_1_245' title='bbox 855 1502 995 1532; x_wconf 87' lang='lat' dir='ltr'>inventus</span> <span class='ocrx_word' id='word_1_246' title='bbox 1007 1507 1051 1532; x_wconf 85' lang='lat' dir='ltr'>est</span> <span class='ocrx_word' id='word_1_247' title='bbox 1062 1512 1108 1532; x_wconf 87' lang='lat' dir='ltr'>se-</span> 
     </span>
     <span class='ocr_line' id='line_1_34' title="bbox 216 1544 1107 1585; baseline -0.001 -9"><span class='ocrx_word' id='word_1_248' title='bbox 216 1552 314 1582; x_wconf 68' lang='lat' dir='ltr'>nator,</span> <span class='ocrx_word' id='word_1_249' title='bbox 332 1545 396 1585; x_wconf 74' lang='lat' dir='ltr'>qui,</span> <span class='ocrx_word' id='word_1_250' title='bbox 419 1556 489 1576; x_wconf 87' lang='lat' dir='ltr'>cum</span> <span class='ocrx_word' id='word_1_251' title='bbox 503 1546 599 1584; x_wconf 85' lang='lat' dir='ltr'>judex</span> <span class='ocrx_word' id='word_1_252' title='bbox 615 1551 700 1581; x_wconf 79' lang='lat' dir='ltr'>esset,</span> <span class='ocrx_word' id='word_1_253' title='bbox 718 1545 749 1575; x_wconf 90' lang='lat' dir='ltr'>in</span> <span class='ocrx_word' id='word_1_254' title='bbox 771 1544 876 1575; x_wconf 84' lang='lat' dir='ltr'>eodem</span> <span class='ocrx_word' id='word_1_255' title='bbox 895 1545 1009 1583; x_wconf 86' lang='lat' dir='ltr'>judicio</span> <span class='ocrx_word' id='word_1_256' title='bbox 1024 1550 1053 1575; x_wconf 87' lang='lat' dir='ltr'>et</span> <span class='ocrx_word' id='word_1_257' title='bbox 1068 1546 1107 1575; x_wconf 89' lang='lat' dir='ltr'>ab</span> 
     </span>
     <span class='ocr_line' id='line_1_35' title="bbox 216 1588 1107 1629; baseline 0 -11"><span class='ocrx_word' id='word_1_258' title='bbox 216 1599 266 1619; x_wconf 86' lang='lat' dir='ltr'>reo</span> <span class='ocrx_word' id='word_1_259' title='bbox 281 1589 441 1629; x_wconf 82' lang='lat' dir='ltr'>pecuniam</span> <span class='ocrx_word' id='word_1_260' title='bbox 457 1590 614 1629; x_wconf 82' lang='lat' dir='ltr'>acciperet,</span> <span class='ocrx_word' id='word_1_261' title='bbox 632 1598 725 1628; x_wconf 82' lang='lat' dir='ltr'>quam</span> <span class='ocrx_word' id='word_1_262' title='bbox 739 1588 893 1627; x_wconf 84' lang='lat' dir='ltr'>judicibus</span> <span class='ocrx_word' id='word_1_263' title='bbox 907 1588 1064 1625; x_wconf 85' lang='lat' dir='ltr'>divideret,</span> <span class='ocrx_word' id='word_1_264' title='bbox 1077 1593 1107 1618; x_wconf 87' lang='lat' dir='ltr'>et</span> 
     </span>
     <span class='ocr_line' id='line_1_36' title="bbox 216 1631 802 1667; baseline -0.005 -4"><span class='ocrx_word' id='word_1_265' title='bbox 216 1633 255 1663; x_wconf 89' lang='lat' dir='ltr'>ab</span> <span class='ocrx_word' id='word_1_266' title='bbox 270 1638 451 1667; x_wconf 73' lang='lat' dir='ltr'>accusatore,</span> <span class='ocrx_word' id='word_1_267' title='bbox 468 1638 502 1662; x_wconf 87' lang='lat' dir='ltr'>ut</span> <span class='ocrx_word' id='word_1_268' title='bbox 518 1642 603 1662; x_wconf 83' lang='lat' dir='ltr'>rcum</span> <span class='ocrx_word' id='word_1_269' title='bbox 621 1631 802 1661; x_wconf 81' lang='lat' dir='ltr'>damnaret?</span> 
     </span>
    </p>

    <p class='ocr_par' dir='ltr' id='par_1_4' title="bbox 216 1673 1108 1800">
     <span class='ocr_line' id='line_1_37' title="bbox 257 1673 1108 1716; baseline -0.002 -11"><span class='ocrx_word' id='word_1_270' title='bbox 257 1675 281 1705; x_wconf 84' lang='lat' dir='ltr'>J</span> <span class='ocrx_word' id='word_1_271' title='bbox 283 1685 333 1705; x_wconf 86' lang='lat' dir='ltr'>am</span> <span class='ocrx_word' id='word_1_272' title='bbox 349 1685 418 1706; x_wconf 88' lang='lat' dir='ltr'>vero</span> <span class='ocrx_word' id='word_1_273' title='bbox 433 1675 586 1716; x_wconf 88' lang='lat' dir='ltr'>quomodo</span> <span class='ocrx_word' id='word_1_274' title='bbox 601 1675 685 1704; x_wconf 85' lang='lat' dir='ltr'>illam</span> <span class='ocrx_word' id='word_1_275' title='bbox 701 1675 813 1711; x_wconf 71' lang='lat' dir='ltr'>labem,</span> <span class='ocrx_word' id='word_1_276' title='bbox 830 1673 1042 1714; x_wconf 72' lang='lat' dir='ltr'>ignominiam,</span> <span class='ocrx_word' id='word_1_277' title='bbox 1058 1683 1108 1704; x_wconf 89' lang='lat' dir='ltr'>ca-</span> 
     </span>
     <span class='ocr_line' id='line_1_38' title="bbox 216 1717 1105 1759; baseline -0.002 -11"><span class='ocrx_word' id='word_1_278' title='bbox 216 1719 446 1759; x_wconf 84' lang='lat' dir='ltr'>lamitatemque</span> <span class='ocrx_word' id='word_1_279' title='bbox 464 1719 556 1748; x_wconf 85' lang='lat' dir='ltr'>totius</span> <span class='ocrx_word' id='word_1_280' title='bbox 575 1718 687 1748; x_wconf 86' lang='lat' dir='ltr'>ordinis</span> <span class='ocrx_word' id='word_1_281' title='bbox 708 1717 896 1758; x_wconf 83' lang='lat' dir='ltr'>conquerar?</span> <span class='ocrx_word' id='word_1_282' title='bbox 919 1717 976 1747; x_wconf 90' lang='lat' dir='ltr'>hoc</span> <span class='ocrx_word' id='word_1_283' title='bbox 991 1717 1105 1747; x_wconf 84' lang='lat' dir='ltr'>factum</span> 
     </span>
     <span class='ocr_line' id='line_1_39' title="bbox 218 1760 1103 1800; baseline -0.003 -7"><span class='ocrx_word' id='word_1_284' title='bbox 218 1772 279 1793; x_wconf 76' lang='lat' dir='ltr'>esse</span> <span class='ocrx_word' id='word_1_285' title='bbox 294 1761 325 1792; x_wconf 87' lang='lat' dir='ltr'>in</span> <span class='ocrx_word' id='word_1_286' title='bbox 346 1762 403 1792; x_wconf 79' lang='lat' dir='ltr'>hac</span> <span class='ocrx_word' id='word_1_287' title='bbox 423 1761 554 1800; x_wconf 85' lang='lat' dir='ltr'>civitate,</span> <span class='ocrx_word' id='word_1_288' title='bbox 577 1771 647 1792; x_wconf 86' lang='lat' dir='ltr'>cum</span> <span class='ocrx_word' id='word_1_289' title='bbox 669 1761 835 1792; x_wconf 82' lang='lat' dir='ltr'>senatorius</span> <span class='ocrx_word' id='word_1_290' title='bbox 854 1760 927 1792; x_wconf 86' lang='lat' dir='ltr'>ordo</span> <span class='ocrx_word' id='word_1_291' title='bbox 944 1760 1103 1800; x_wconf 79' lang='lat' dir='ltr'>judicaret,</span> 
     </span>
    </p>
   </div>
  </div>
 </body>
</html>
