1181 1902
230 135 281 166 IN
304 133 543 179 CAEGILIUM
568 133 716 166 DIVIN.
740 134 824 165 CAP.
841 133 872 164 3.
940 132 997 163 lu

109 220 163 262 qui
177 230 268 262 opem
290 231 308 251 a
329 231 380 251 me
394 224 486 262 atque
501 220 651 252 auxilium
665 221 830 262 petissent3
855 225 909 250 aut
931 229 998 259 egr),

109 264 163 305 qui
179 273 228 295 me
244 264 282 294 ad
297 264 501 295 defendendos
521 265 659 295 homines
681 266 719 295 ab
743 264 868 294 ineunte
888 262 1005 293 adoles-

109 307 207 337 centia
233 307 392 345 dedissem,
417 313 552 348 tempore
580 313 671 348 atque
700 307 797 337 officio
819 312 938 337 coactus
964 305 1003 336 ad

109 351 314 381 accusandum
329 351 510 381 traducerer.
546 351 708 387 Dicebam,
724 350 836 380 habere
851 360 900 380 eos
923 354 1004 379 acto-

110 403 175 423 rem
191 393 232 431 Q.
249 393 420 431 Caecilium,
437 394 491 434 qui
506 393 672 435 praesertim
689 399 819 434 quaestor
841 393 873 422 in
896 392 1003 422 eadem

109 436 275 477 provincia,
291 443 360 478 post
374 447 424 467 me
434 443 627 477 quaestorem,
638 436 752 467 fuisset.
792 436 864 474 Quo
880 445 936 476 ego
951 434 1006 465 ad-

109 480 250 519 jumento
266 482 424 521 sperabam
440 480 519 510 hanc
537 491 555 510 a
577 490 627 510 me
649 479 821 510 molestiam
844 488 930 519 posse
952 478 1005 508 de-

111 524 237 560 moveri,
262 523 294 554 id
317 523 394 553 mihi
418 529 481 553 erat
505 522 711 554 adversarium
733 522 879 552 maxime.
918 521 1005 551 Nam

111 565 157 596 illi
172 567 270 597 multo
285 567 363 596 mihi
374 567 431 596 hoc
446 566 563 597 facilius
579 566 772 604 remisissent,
797 565 821 595 si
836 565 930 595 istum
943 574 1005 594 non

114 610 247 647 nossent,
264 616 318 640 aut
332 610 357 640 si
372 610 427 640 iste
443 610 525 650 apud
540 620 589 640 eos
604 615 735 650 quaestor
750 619 810 640 non
826 608 940 638 fuisset.

155 652 318 684 Adductus
334 663 414 690 sum,
427 652 555 692 judices,
572 653 681 690 officio,
698 652 769 691 fide,
788 650 1004 688 misericordia,

112 696 282 726 multorum
306 697 457 727 bonorum
482 696 633 737 exemplo,
658 695 751 726 veteri
777 694 1006 731 consuetudine,

114 739 315 780 institutoque
340 740 505 779 majorum,
532 746 567 770 ut
593 749 669 769 onus
695 739 753 769 hoc
778 738 890 768 laboris
916 742 1008 777 atque

115 781 217 821 officii,
242 792 303 813 non
324 793 363 813 ex
382 792 461 819 meo,
483 782 534 812 sed
557 793 594 813 ex
615 792 754 813 meorum
774 781 1010 812 necessariorum

115 830 261 866 tempore,
277 825 355 856 mihi
370 826 596 867 suscipiendum
611 831 761 866 putarem.
785 824 858 863 Quo
873 824 905 853 in
919 833 1010 863 nego-

116 868 158 899 tio
174 875 275 899 tamen
291 869 345 899 illa
359 879 409 899 me
424 880 482 905 res,
495 869 625 908 judices,
642 869 826 906 consolatur,
840 866 922 908 quod
933 866 1010 904 haec,

116 922 187 952 quae
210 912 330 944 videtur
355 922 417 942 esse
440 912 588 942 accusatio
612 922 692 950 mea,
713 921 774 941 non
798 911 899 952 potius
923 920 1011 940 accu-

115 955 203 991 satio,
220 965 314 996 quam
327 955 472 993 defensio,
484 962 528 985 est
539 955 749 985 existimanda.
775 953 917 984 Defendo
929 952 1011 983 enim

118 998 232 1028 multos
253 998 407 1035 mortales,
428 999 542 1028 multas
563 998 708 1034 civitates,
729 997 917 1038 provinciam
937 995 1013 1027 Sici-

116 1041 192 1071 liam
207 1047 312 1072 totam.
344 1041 567 1080 Quamobrem,
585 1041 610 1072 si
625 1041 703 1071 mihi
717 1051 796 1071 unus
812 1046 857 1071 est
871 1048 1015 1070 accusan-

117 1084 187 1123 dus,
211 1085 434 1126 propemodum
457 1095 580 1115 manere
600 1084 632 1114 in
652 1084 791 1114 instituto
809 1093 878 1113 meo
899 1082 1013 1120 videor,

118 1133 148 1158 et
168 1137 230 1158 non
251 1128 375 1158 omnino
396 1139 415 1159 a
434 1127 632 1159 defendendis
652 1127 830 1158 hominibus
854 1125 1016 1157 sublevan-

119 1170 227 1212 disque
242 1171 403 1202 discedere.

162 1214 257 1252 Quod
279 1215 303 1245 si
325 1214 404 1245 hanc
426 1224 549 1245 causam
571 1220 636 1244 tam
661 1213 815 1252 idoneam,
838 1218 903 1244 tam
929 1212 1016 1242 illus-

120 1262 210 1295 trem,
227 1263 291 1288 tam
311 1268 446 1298 gravem,
466 1268 527 1288 non
548 1257 712 1294 haberem3
737 1257 762 1287 si
782 1261 836 1287 aut
856 1256 913 1286 hoc
934 1266 952 1286 a
966 1265 1017 1286 me

121 1300 217 1331 Siculi
243 1311 304 1331 non
328 1302 495 1341 petissent3
529 1306 582 1330 aut
603 1300 681 1330 mihi
703 1310 773 1331 cum
794 1299 905 1330 Siculis
927 1309 1018 1329 causa

122 1348 215 1374 tantae
233 1344 459 1375 necessitudinis
479 1354 541 1374 non
561 1343 775 1379 intercederet;
801 1348 830 1372 et
850 1342 918 1379 hoc,
935 1341 1020 1382 quod

121 1386 211 1425 facio,
227 1397 277 1417 me
292 1388 465 1428 reipublicae
477 1397 530 1417 cau
536 1386 569 1417 sa
580 1387 677 1417 facere
688 1385 854 1427 profiterer,
868 1391 902 1415 ut
913 1385 1018 1423 1101110,

124 1430 272 1470 singulari
287 1430 464 1471 cupiditate,
480 1429 618 1467 audacia,
635 1430 743 1460 scelere
760 1428 916 1469 praeditus,
933 1429 1021 1468 cujus

123 1472 206 1503 furta
235 1479 326 1515 atque
352 1473 467 1514 flagitia
492 1482 554 1503 non
580 1473 612 1502 111
640 1472 744 1503 Sicilia
770 1472 881 1509 solum,
910 1471 962 1501 sed
988 1471 1020 1501 in

124 1515 259 1554 Achaia,
285 1516 374 1554 Asia,
397 1516 516 1554 cineis,
540 1514 736 1557 Pamphylia,
758 1515 868 1545 Romae
889 1514 1022 1555 denique

126 1565 197 1589 ante
218 1559 320 1590 oculos
340 1559 492 1596 omnium,
508 1559 646 1588 maxima
666 1558 901 1599 turpissimaque
919 1559 1022 1587 misse-

127 1611 209 1641 mus,
226 1613 276 1633 me
291 1608 400 1643 agente
413 1602 445 1631 in
458 1602 610 1641 judicium
621 1607 797 1637 vocaretur;
818 1600 886 1641 quis
898 1600 1022 1631 tandem

127 1651 214 1682 esset,
231 1646 286 1687 qui
300 1656 406 1676 meum
421 1645 537 1676 factum
560 1651 613 1675 aut
633 1645 794 1675 consilium
808 1650 908 1685 posset
923 1654 1023 1685 repre-

130 1687 261 1719 hendere
273 1690 286 1719 ’ἓ

128 1747 133 1754 ·
172 1732 241 1762 ΙΙΙ.
265 1731 352 1770 Quid
374 1737 429 1771 est„
449 1733 519 1772 (pro
534 1730 638 1761 Deum
656 1731 880 1772 hominumque
895 1729 987 1760 fidem
999 1729 1023 1767 l)

128 1773 162 1805 in
186 1785 248 1815 quo
275 1785 331 1816 ego
355 1774 529 1816 reipublicae
548 1772 618 1815 plus
641 1774 700 1805 hoc
724 1779 859 1815 tempore
883 1773 1023 1815 prodesse

130 1818 272 1859 possim?
305 1817 394 1857 Quid
408 1824 463 1857 est,
479 1817 564 1859 quod
584 1823 638 1848 aut
657 1817 772 1859 populo
794 1818 1026 1857 3011101108ῐὸ-
