1181 1902
221 107 285 136 298
405 107 456 137 IN
481 106 677 138 VERREM
701 107 762 138 IV.
786 106 870 137 CAP.
890 107 938 136 11.

222 191 297 231 quid
313 197 356 222 est
370 192 427 223 hoc
439 194 453 223 :³
475 192 637 223 verisimile
648 192 729 223 enim
745 202 805 223 non
816 198 868 222 est.
892 191 942 222 Sic
953 190 1028 221 mihi
1040 201 1109 231 per-

223 234 346 272 suadeo,
368 235 496 274 judices,
517 236 637 266 tametsi
658 236 761 266 onmia
783 236 815 265 in
836 236 930 265 istum
953 234 1109 264 hominem

224 278 382 308 convenire
408 279 531 319 putetiS,
559 285 661 309 tamen
684 279 741 308 hoc
762 278 846 309 vobis
871 278 983 307 falsum
1006 276 1110 307 videri.

223 320 293 360 Ego
314 321 407 357 enirn,
423 332 495 352 cum
510 322 567 352 hoe
587 328 650 352 tota
666 322 767 352 Sicilia
782 321 903 359 diceret,
914 327 1015 350 tamen
1031 319 1111 349 affir-

224 373 307 393 mare
322 373 383 393 non
399 364 553 403 auderem,
565 365 661 395 sihaec
677 365 773 395 edicta
784 374 845 394 non
861 374 898 394 ex
914 363 1008 404 ipsius
1024 363 1112 392 tabu-

224 405 261 435 lis
286 406 411 437 totidem
438 408 536 438 verbis
565 408 687 438 recitare
709 417 848 448 possem;
874 406 963 436 sicuti
992 405 1112 435 faciam.

225 448 288 486 Da,
311 460 424 489 quaeso,
444 451 566 481 scribae:
591 452 694 481 recitet
717 461 755 481 ex
779 450 888 481 codice.
912 448 1020 479 Recita
1034 447 1114 478 edic-

226 497 293 521 tum
305 492 343 522 de
358 493 549 534 professione.

443 538 607 570 (Edictum
625 538 660 567 de
674 537 888 578 prtffessione.)

270 578 373 618 Negat
388 588 438 609 me
449 580 572 610 recitare
588 586 706 610 totum:
730 590 802 610 nam
818 579 849 609 id
861 577 1029 619 significare
1037 582 1115 607 nutu

227 620 354 651 videtur.
379 621 465 659 Quid
484 623 650 663 praetereo?
674 633 712 653 an
735 623 824 660 illud,
841 622 894 653 ubi
910 632 995 651 caves
1013 626 1114 650 tamen

227 664 347 701 Siculis,
365 671 393 695 et
414 666 536 696 miseros
555 667 675 706 respicis
690 672 820 696 aratores
833 668 847 696 ἓ
872 664 962 695 edicis
977 663 1070 700 enim,
1087 669 1116 693 te

226 707 259 736 in
282 707 497 747 decumanum,
520 709 544 739 si
568 710 656 749 plura
676 709 840 745 sustulerit,
862 717 956 749 quam
979 706 1116 736 debitum

228 749 277 786 sit,
294 749 324 779 in
341 752 499 791 octuplum
512 752 663 790 judicium
679 752 823 782 daturum
839 761 910 781 esse.
935 750 1024 780 Nihil
1040 749 1116 778 mihi

228 793 325 832 placet
339 795 538 833 praetermitti.
563 795 670 825 Recita
689 795 746 825 hoc
761 805 894 835 quoque,
916 793 998 834 quod
1013 797 1118 833 postu-

229 836 292 872 lat3
318 842 417 866 totum
433 837 532 867 recita.

380 881 544 913 (Edictum
560 881 723 921 dejudicio
740 882 772 910 in
789 881 970 919 octuplum.)

271 921 294 951 J
298 921 396 952 udicio
409 929 442 952 ut
452 930 550 954 arator
560 923 763 954 decumanum
774 928 971 963 persequatur
983 923 996 952 ἒ
1021 920 1118 951 Mise-

229 974 298 994 rum
315 971 406 1005 atque
420 965 574 1006 iniquum,
595 977 632 997 ex
648 977 720 1007 agro
734 966 872 996 homines
888 964 1004 995 traduci
1018 964 1051 994 in
1071 964 1117 994 fo-

230 1017 310 1043 rum,
333 1010 371 1037 ab
390 1015 488 1039 aratro
507 1009 545 1039 ad
566 1010 719 1047 subsellia,
739 1011 776 1039 ab
795 1019 853 1039 usu
875 1017 977 1038 rerum
995 1007 1119 1037 rustica-

230 1060 299 1080 rum
315 1051 353 1080 ad
368 1051 520 1082 insolitam
535 1053 620 1083 litem
636 1059 727 1094 atque
739 1052 900 1091 judicium.

274 1093 335 1123 XI.
361 1094 453 1133 Cum,
479 1096 622 1126 omnibus
646 1096 677 1125 in
699 1095 765 1125 aliis
786 1094 994 1134 vectigalibuS,
1021 1092 1118 1129 Asiae,

231 1136 433 1175 Macedoniae,
462 1138 632 1179 Hispaniae,
660 1139 781 1176 Galliae,
805 1137 932 1174 Africae,
959 1136 1117 1173 Sardiniae,

229 1179 324 1220 ipsius
351 1181 460 1218 Italiae,
487 1181 573 1222 [quae
596 1182 755 1222 vectigalia
779 1181 878 1221 sunt,]
906 1190 988 1216 cum,
1013 1179 1045 1209 in
1071 1178 1119 1208 his

230 1223 386 1263 (inquam)
401 1225 491 1254 rebus
506 1225 659 1262 omnibus,
676 1224 856 1265 publicanus
879 1223 988 1264 petitor
1003 1232 1038 1252 ac
1052 1222 1121 1263 pig-

230 1272 360 1304 nerator,
372 1276 433 1297 non
446 1274 563 1308 ereptor
578 1278 677 1309 neque
691 1277 851 1308 possessor,
863 1266 955 1296 soleat
966 1275 1027 1295 esse
1038 1275 1047 1301 ;
1072 1270 1118 1302 tu,

229 1308 267 1338 de
282 1309 408 1349 optimo,
425 1310 462 1340 de
475 1310 652 1349 justissimo,
668 1310 705 1340 de
720 1309 929 1340 honestissimo
944 1318 1052 1349 genere
1066 1307 1121 1337 ho-

231 1351 363 1389 minum,
379 1353 436 1383 hoc
452 1360 505 1389 est,
523 1353 560 1384 de
575 1354 752 1391 aratoribus,
775 1364 809 1383 ea
822 1354 892 1391 jura
907 1351 1119 1387 constituebas,

231 1405 301 1434 quae
311 1396 453 1426 omnibus
462 1397 528 1426 aliis
538 1403 635 1427 essent
646 1396 802 1427 contraria.
814 1395 928 1425 Utrum
939 1400 982 1424 est
991 1393 1119 1434 aequius,

231 1437 436 1469 decumanum
448 1446 560 1480 petere,
573 1450 611 1469 an
622 1445 769 1470 aratorem
779 1439 935 1478 repetere?
956 1437 1119 1476 judicium,

232 1480 350 1521 integra
368 1492 410 1520 re,
431 1492 469 1512 an
490 1482 617 1523 perdita,
640 1483 728 1513 fieri?
753 1492 836 1518 eum,
852 1481 907 1522 qui
925 1489 1020 1510 manu
1036 1489 1120 1520 quae-

233 1523 325 1561 sierit,
357 1535 396 1555 an
422 1536 504 1563 eum,
536 1526 589 1566 qui
618 1525 714 1565 digito
739 1525 839 1555 licitus
865 1524 914 1561 sit,
945 1522 1094 1564 possidere
1106 1523 1120 1552 Ρ

233 1567 319 1604 Quid
333 1569 347 1598 ,⁹
370 1568 424 1608 qui
439 1569 470 1598 in
486 1569 612 1608 singulis
624 1568 706 1609 jugis
722 1574 820 1604 arant,
837 1567 891 1608 qui
905 1567 943 1596 ab
960 1575 1048 1606 opere
1063 1565 1121 1605 ipsi

232 1619 294 1639 non
310 1611 463 1649 recedunt,
481 1615 555 1652 (quo
570 1612 601 1641 in
617 1621 743 1641 numero
758 1620 900 1650 magnuS,
916 1614 985 1639 ante
1001 1614 1030 1638 te
1044 1619 1121 1649 prae-

233 1658 341 1690 torem,
360 1663 516 1692 numerus,
538 1664 651 1695 magna
670 1653 835 1684 multitudo
855 1652 1028 1683 Siculorum
1048 1650 1121 1687 fuit)

235 1695 310 1735 quid.
329 1696 463 1728 facient?
488 1699 569 1728 Cum
588 1697 725 1727 dederint
742 1695 892 1737 Apronio,
910 1694 992 1735 quod
1012 1704 1122 1735 popos-

234 1738 317 1777 cerit,
334 1740 505 1782 relinquent
522 1740 692 1772 arationes?
716 1739 888 1780 relinquent
903 1738 1015 1769 Larem
1031 1736 1127 1767 fami-
