1181 1902
262 56 310 86 IN
336 55 531 86 VERREM
557 54 598 85 V.
625 55 708 86 Ου’.
726 57 777 85 50.
899 55 960 86 435

77 147 207 170 vetustas
224 141 305 171 illius
321 141 484 181 religionis,
500 148 545 179 ut,
563 152 632 171 cum
649 141 721 171 illuc
737 142 824 176 irent,
841 150 900 170 non
924 140 962 170 ad

74 183 167 212 sedem
185 184 312 221 Cereris,
329 184 378 214 sed
395 184 432 214 ad
445 185 542 226 ipsam
555 183 707 221 Cererem,
720 183 867 225 proficisci
880 183 962 213 vide-

75 232 184 256 rentur.

119 269 191 298 Non
207 269 374 299 obtundam
391 269 440 299 diu
447 270 524 300 tius:
550 270 658 300 etenim
679 270 863 309 jamdudum
881 280 962 300 vere-

75 322 120 348 or,
137 321 175 341 ne
201 313 295 343 oratio
317 322 386 342 mea
406 313 502 343 alienu
523 315 561 343 ab
578 313 762 351 judiciorum
786 313 910 348 ratione,
935 319 963 343 ct

74 354 251 394 quotidiana
266 355 383 385 dicendi
399 356 625 393 consuetudine,
643 367 705 385 csse
720 356 867 386 videatur.
893 356 962 386 Hoc

73 396 151 433 dico,
169 397 246 428 hanc
261 398 359 439 ipsazu
375 400 526 435 Cererem,
537 398 791 438 antiquissimam,
803 399 962 439 reiigiosis-

73 439 194 477 simam,
210 441 376 481 principem
392 442 530 472 onmium
547 452 697 472 sacrorum
715 452 784 482 qum
802 442 885 482 apud
897 452 962 472 om-

75 492 127 512 nes
141 490 245 523 gentes
257 484 451 525 nationesque
461 485 550 520 fiunt,
567 495 585 514 a
597 484 634 514 C.
643 485 738 514 Verre
753 495 791 514 ex
807 485 869 514 suis
885 491 961 514 tem-

75 525 132 565 plis
158 537 192 556 ac
218 527 338 557 sedibus
356 538 419 557 csse
439 527 599 557 sublatam.
628 527 692 564 Qui
715 527 875 558 accessistis
896 527 962 557 En-

75 577 158 605 nam,
176 569 290 600 vidistis
313 569 510 601 simulacrum
535 570 652 601 Cereris
672 580 688 600 e
708 581 869 607 marmore,
886 578 915 600 et
930 571 960 600 in

72 611 166 642 altero
182 613 295 653 templo
312 613 544 643 Liberae.si1nt
559 623 594 643 ea
608 613 765 654 perampla
779 619 871 654 atque
886 624 963 654 prze-

73 654 164 691 clara,
192 655 243 685 sed
268 665 328 685 non
354 656 396 686 ita
419 656 553 696 antiqua.
584 656 634 686 Ex
656 667 713 686 aere
732 656 792 686 fuit
806 656 961 697 quoddam

73 696 192 728 modica
207 699 419 739 amplitudine,
430 709 464 729 ae
477 699 624 740 singulari
639 709 738 740 opere,
751 709 821 729 cum
834 699 962 737 facibus,

72 740 300 782 perantiquum,
318 742 455 772 omnium
472 742 606 779 illorum,
617 753 686 782 quae
701 742 813 772 suntin
829 753 863 772 eo
879 743 961 780 fano,

73 783 170 814 multo
185 784 440 825 antiquissimum.
464 785 502 815 ld
517 784 658 820 sustulit,
683 795 717 815 ac
729 791 830 815 tamen
843 796 877 815 eo
892 796 963 816 con-

72 831 172 856 tentus
197 837 257 857 non
284 827 351 857 fuit.
384 829 467 858 Ante
491 828 586 858 aedem
609 828 738 866 Cereris,
757 828 789 858 in
809 835 912 869 aperto
928 840 962 860 ac

71 870 232 910 propatulo
247 870 323 908 loco,
340 870 426 912 signa
440 871 501 901 duo
521 878 603 908 sunt,
622 870 738 902 Cereris
754 881 864 909 unum,
887 872 962 902 altc-

72 921 141 941 rum
164 912 357 953 Triptolemi,
380 920 409 944 et
431 914 645 954 pulcherrima,
670 920 699 944 et
713 915 878 955 perampla.
904 915 963 946 liis

71 954 265 994 pulchritudo
280 957 425 997 periculo,
442 957 612 1005 amplitudo
628 957 717 987 saluti
730 957 798 993 fuit,
816 958 896 998 quod
914 969 963 988 eo-

73 1007 143 1027 rum
167 998 322 1029 demolitio
336 1007 439 1048 'atque
459 1000 621 1041 asportatio
640 1000 824 1041 perdifficilis
841 1001 962 1031 videba-

70 1046 128 1070 tur.
154 1040 342 1072 Insistebat'
334 1053 366 1072 m
384 1053 478 1073 manu
499 1043 615 1073 Cereris
637 1043 744 1073 dextra
765 1044 962 1074 simulacrum

71 1083 276 1122 pulcherrime
297 1085 411 1116 factum
428 1086 590 1117 Victoriae:
615 1086 672 1116 hoe
692 1086 747 1116 iste
770 1097 786 1116 e
802 1086 887 1127 signo
903 1087 962 1118 Ce-

70 1126 143 1156 reris
158 1128 362 1165 avellendum,
379 1129 669 1177 asportandumque,
686 1129 810 1159 curavit.

119 1169 158 1200 L.
181 1170 245 1208 Qui
262 1177 310 1201 ta!
314 1171 383 1201 dem
399 1172 485 1202 istius
501 1172 621 1202 animus
634 1178 678 1202 est
690 1182 771 1202 nunc
781 1173 812 1202 in
825 1174 962 1214 recogni-

72 1212 151 1243 tione
165 1213 311 1244 scelerum
329 1225 464 1251 suorum,
481 1225 551 1245 cum
568 1225 623 1255 ego
638 1215 713 1255 ipse,
730 1215 760 1244 in
777 1226 962 1246 commemo-

71 1255 185 1289 ritione
201 1267 318 1293 eorum,
334 1267 395 1287 non
407 1258 507 1288 solum
523 1258 625 1288 animo
637 1268 839 1294 commovear,
855 1270 962 1289 verum

71 1299 161 1328 ctiam
179 1310 300 1340 corpore
312 1301 535 1340 perhorrescam
549 1302 562 1331 Ρ
587 1301 682 1331 Venit
697 1301 779 1331 enim
791 1301 868 1332 mihi
883 1302 957 1339 fani,

72 1340 140 1378 loci,
154 1342 306 1382 religionis
321 1343 414 1380 illius,
426 1344 458 1373 iu
474 1350 607 1374 mentem
619 1356 625 1373 z
643 1350 800 1374 versantur
810 1351 880 1374 ante
891 1356 961 1375 ocu-

72 1384 116 1413 los
132 1385 235 1415 omnia
248 1396 257 1420 e,
281 1385 344 1415 dics
359 1386 421 1421 ille,
434 1397 495 1427 quo
512 1397 566 1426 ego
578 1386 702 1416 Ennam
718 1398 789 1417 cum
802 1388 960 1425 venissem,

75 1434 184 1467 praesto
205 1428 282 1458 mihi
298 1429 462 1459 sacerdotes
478 1430 594 1460 Cereris
609 1440 679 1460 cum
695 1429 800 1460 infulis
814 1441 848 1461 ac
860 1433 963 1462 verbe-

70 1470 116 1500 nis
136 1470 280 1506 fuerunt3
305 1472 419 1508 concio,
441 1479 667 1513 conventusque
690 1473 827 1509 civium;
850 1473 881 1503 in
898 1485 961 1515 quo

71 1523 127 1552 ego
142 1523 213 1551 cum
224 1514 375 1555 loquerer,
390 1515 466 1550 tanti
481 1515 568 1545 ssetus
583 1515 776 1564 gemitusque
791 1516 915 1553 fiebant,
927 1524 962 1548 ut

71 1556 280 1592 acerbissimus
297 1558 350 1588 toti
350 1570 359 1587 ι
375 1560 449 1594 urbe
464 1558 563 1594 luctus
578 1558 689 1596 versari
704 1558 863 1589 videretur.
888 1560 961 1590 Non

73 1599 118 1628 illi
133 1599 330 1630 decumarum
353 1601 395 1630 im
388 1601 492 1642 peria,
514 1611 575 1631 non
598 1593 746 1638 bonorum
767 1602 961 1643 direptiones,

74 1651 134 1671 non
151 1642 180 1671 i--.
173 1642 257 1683 iqua
268 1643 373 1682 judici
376 1655 396 1680 t,
416 1654 476 1674 non
497 1644 771 1685 importunissimas
789 1645 874 1676 istius
892 1646 963 1676 libi-

73 1684 170 1733 dines,
187 1695 245 1720 non
263 1687 337 1724 vim,
356 1697 415 1717 non
436 1687 645 1724 contumelias,
666 1688 778 1729 quibus
797 1689 893 1729 operti
909 1700 962 1730 op-

73 1727 228 1769 pressique
255 1736 351 1768 erant,
379 1731 659 1774 conquerebantur.
697 1730 814 1763 Ueren's
837 1742 963 1771 numen,

1174 1610 1181 1718 »αι-...ι
1176 1560 1181 1600 -,,,

1170 1864 1178 1896 ,,,
