1181 1902
164 171 255 204 PRO
279 171 445 204 ROSCIO
467 171 702 204 AMERINO.
726 171 810 203 CAP.
830 172 879 207 17.
924 171 962 202 51

77 268 96 289 a
115 267 146 288 se
169 267 229 289 non
254 259 437 296 dimittebat,
455 260 585 289 alterum
611 259 674 289 ruri
698 269 761 289 esse
782 258 964 299 patiebatur.

76 301 201 339 Quaeso,
218 301 323 339 Eruci,
336 310 371 333 ut
379 302 477 332 hocin
489 304 600 332 bonam
610 308 726 342 partem
739 301 886 342 accipias:
905 310 967 330 non

76 344 156 374 enim
170 345 372 385 exprobrandi
386 356 487 383 causa,
504 345 555 376 sed
570 344 782 375 commonendi
796 343 905 384 gratia,
921 343 963 373 di·
955 362 967 369 -.

76 396 153 418 cam.
189 388 221 418 si
237 388 291 418 tibi
306 388 428 418 fortuna
442 398 502 418 non
518 388 612 425 dedit,
629 393 663 417 ut
679 394 763 428 patre
775 393 853 417 certo
865 397 968 417 nasce-

76 439 151 465 rere,
168 441 205 461 ex
222 442 282 472 quo
298 431 464 472 intelligere
479 442 591 472 posses,
609 431 662 472 qui
674 431 794 460 animus
809 430 924 470 patrius
936 430 968 459 in

75 472 185 504 liberos
197 480 288 510 esset;
300 480 331 504 at
340 480 448 504 natura
459 480 537 504 certe
547 474 640 510 dedit,
654 479 688 503 ut
697 473 897 503 humanitatis
907 482 968 502 non

77 525 187 556 parum
197 517 331 547 haberes.
348 518 396 547 Eo
408 517 529 547 accessit
539 517 673 547 studium
687 516 841 552 doctrinae,
854 522 889 545 ut
904 525 942 545 ne
951 526 970 545 a

76 558 170 589 literis
180 560 305 600 quidem
316 560 431 590 alienus
444 571 529 590 esses.
554 560 676 600 Ecquid
686 559 808 589 tandem
823 559 877 589 tibi
887 558 970 589 vide-

78 607 128 631 tur
138 604 186 636 (ut
195 603 234 632 ad
243 603 361 633 fabulas
374 603 544 640 veniamus)
555 613 645 633 senex
658 603 709 632 ille
720 602 900 632 Caecilianus
910 602 969 633 mi-

77 645 158 675 noris
170 645 265 676 facere
277 646 466 687 Eutychum,
484 646 583 676 filium
595 646 753 683 rusticum,
771 655 864 686 quam
879 645 969 674 illum

78 687 220 725 alterum,
231 689 487 719 Chaerestratum'?
499 692 595 726 (nam,
607 695 641 718 ut
650 688 767 729 opinor,
780 689 837 718 hoc
846 688 970 718 nomine

78 736 122 761 est
133 737 156 768 :)
167 732 297 762 alterum
308 732 339 762 in
352 734 427 762 urbe
437 743 539 763 secum
550 732 672 762 honoris
681 732 770 762 causa
782 731 892 761 habere
900 733 914 762 ἶ)
925 731 970 760 al-

77 779 177 804 terum
193 785 244 805 rus
254 775 394 816 supplicii
403 776 492 806 causa
505 775 650 816 relegasse
662 776 675 805 ἓ
700 774 785 812 Quid
797 774 835 804 ad
845 774 915 804 istas
924 774 972 804 in-

77 816 172 857 eptias
195 818 281 848 abis?
305 819 432 860 inquies.
466 819 563 856 Quasi
586 829 656 849 vero
678 818 755 847 mihi
779 817 900 847 difficile
919 817 968 855 sit,

78 861 217 900 quamvis
243 862 356 892 multos
385 861 566 892 nominatim
597 861 740 902 proferre,
773 863 824 895 (ne
849 860 970 900 longius

78 903 200 941 abeam)
213 905 260 934 vel
276 905 412 942 tribules,
430 905 478 935 vel
498 904 610 935 vicinos
625 914 719 941 meos,
736 904 790 944 qui
806 913 874 933 suos
894 903 970 933 libe-

78 956 137 983 ros,
154 957 230 987 quos
245 948 371 988 plurimi
389 948 516 987 faciunt,
533 947 678 988 agricolas
692 947 827 978 assiduos
842 957 904 977 esse
919 956 972 976 cu-

77 989 176 1030 piunt.
209 990 328 1021 Verum
343 991 481 1021 homines
504 997 590 1021 notos
611 1001 740 1027 sumere,
758 990 895 1020 odiosum
915 995 970 1027 est,

79 1042 149 1063 cum
166 1039 195 1063 et
210 1033 287 1064 illud
302 1034 450 1064 incertum
463 1034 512 1072 sit,
528 1034 660 1064 velintne
675 1034 708 1064 hi
723 1044 785 1064 sese
796 1032 970 1063 nominari:

77 1081 107 1106 et
122 1085 212 1106 nemo
228 1077 312 1107 vobis
332 1078 430 1118 magis
442 1084 531 1107 notus
546 1077 669 1107 futurus
684 1077 733 1113 sit,
755 1087 849 1117 quam
865 1082 908 1106 est
924 1075 973 1106 hic

78 1117 260 1160 Eutychus:
285 1126 314 1150 et
329 1127 406 1150 certe
418 1120 457 1150 ad.
472 1131 536 1151 rem
546 1120 623 1151 nihil
634 1119 762 1157 intersit,
775 1125 880 1149 utrum
890 1118 973 1148 hunc

78 1171 134 1202 ego
163 1163 313 1193 comicum
343 1163 460 1194 adoles
446 1170 574 1202 centem,
605 1173 644 1193 an
675 1163 809 1203 aliquem
833 1172 870 1192 ex
901 1171 974 1202 agro

78 1204 218 1244 Veiente,
249 1206 416 1237 nominem.
454 1206 578 1237 Etenim
605 1206 669 1236 haec
694 1205 820 1236 conficta
847 1205 974 1235 arbitror

77 1257 96 1278 a
121 1249 217 1289 po'etis
241 1260 314 1288 esse,
346 1256 380 1279 ut
407 1250 518 1280 effictos
546 1255 662 1280 nostros
685 1259 783 1279 mores
812 1249 844 1278 in
868 1247 973 1278 alienis

78 1292 224 1332 personis,
241 1303 474 1334 expressamque
484 1293 650 1333 imaginem
666 1298 775 1322 nostrae
788 1292 857 1322 vitae
872 1290 974 1339 quoti-

78 1334 188 1374 dianae,
205 1335 384 1366 videremus.
409 1338 480 1377 Age
495 1346 587 1373 nunc,
604 1336 681 1366 refer
695 1335 846 1371 animum,
864 1334 914 1371 sis,
935 1333 974 1363 ad

79 1378 259 1409 veritatem·
250 1402 259 1415 ,
284 1385 313 1409 et
328 1379 492 1415 considera,
503 1389 564 1409 non
580 1378 691 1409 modo
684 1388 715 1408 111
726 1377 871 1427 Umbria,
882 1383 974 1418 atque

79 1419 111 1450 in
127 1422 163 1452 ea
178 1422 341 1459 vicinitate,
359 1422 453 1453 sedin
469 1423 516 1453 his
532 1422 681 1453 veteribus
696 1421 882 1461 municipiis,
905 1430 975 1460 quae

79 1464 179 1495 studia
202 1475 220 1495 a
243 1465 513 1506 patribusfamilias
535 1465 670 1495 maxime
691 1464 864 1495 laudentur.
899 1463 975 1493 Jam

79 1507 212 1547 profecto
239 1514 269 1539 te
298 1508 460 1549 intelliges,
485 1509 589 1549 inopia
616 1508 791 1545 criminum,
822 1515 976 1537 summam

78 1549 202 1581 laudem
218 1551 288 1582 Sex.
307 1551 417 1582 Roscio
428 1552 500 1582 vitio
516 1558 546 1582 et
560 1551 658 1592 culpae
673 1551 797 1581 dedisse.

122 1593 236 1625 XVII.
260 1594 308 1624 At
324 1604 385 1624 non
400 1595 492 1625 modo
506 1595 564 1625 hoc
578 1600 702 1643 patrum
718 1594 874 1624 voluntate
888 1591 980 1622 liberi

82 1636 216 1667 faciunt:
242 1637 293 1667 sed
304 1638 471 1686 permultos
487 1644 516 1668 et
532 1648 587 1678 ego
603 1638 685 1673 novi,
703 1644 732 1667 et
748 1636 819 1671 (nisi
834 1646 865 1665 m
868 1646 883 1665 e
899 1635 978 1665 fallit

84 1679 217 1717 animus)
244 1681 455 1721 unusquisque
480 1683 626 1717 vestrum,
652 1680 706 1721 qui
733 1686 762 1710 et
785 1679 842 1720 ipsi
866 1677 979 1708 incensi

84 1729 155 1753 sunt
175 1722 286 1761 studio,
303 1723 386 1764 quod
409 1724 448 1754 ad
468 1734 577 1764 agrum
597 1723 757 1753 colendum
781 1722 909 1755 attinet;
934 1721 979 1750 vi-

83 1770 207 1806 tamque
231 1766 312 1796 hanc
335 1767 490 1803 rusticam,
506 1776 601 1807 quam
625 1772 658 1796 tu
679 1767 789 1807 probro
811 1771 840 1795 et
860 1763 980 1794 crimini

84 1814 174 1850 putas
185 1819 247 1840 esse
256 1815 403 1852 oportere,
417 1816 447 1841 et
458 1809 702 1841 honestissimam
723 1815 753 1840 et
767 1818 840 1839 suav
843 1807 979 1838 issimam
