1181 1902
224 70 284 100 158
417 70 468 101 IN
491 69 689 101 VERREM
715 69 761 101 ΙΙ.
785 69 870 101 ΟΑΡ.
886 70 916 101 6.

220 155 352 195 redierit,
368 166 465 197 usque
478 155 556 187 dum
569 166 622 198 per
636 166 687 187 me
705 155 835 195 licuerit,
852 155 993 187 tenuisse.
1026 156 1108 196 Hoc,

220 198 252 228 in
275 199 329 230 illo
352 200 517 239 majestatis
537 199 652 239 judicio
672 199 696 230 si
719 199 839 230 licuisse
859 199 916 230 sibi
935 199 1110 239 ostenderit,
1150 216 1155 217 ν

221 252 277 282 ego
292 243 459 283 oportuisse
474 243 644 274 concedam.
677 242 729 272 Ex
749 242 806 272 hoc
826 253 948 284 quoque
963 243 1108 281 evaserit;

220 285 390 325 proficiscar
405 296 450 324 eo,
466 296 527 327 quo
538 296 588 316 me
601 285 786 327 jampridem
801 291 888 316 vocat
902 286 1035 326 populus
1045 287 1111 317 Ro-

222 338 342 359 manus.

264 371 314 402 De
335 372 403 411 jure
424 372 505 402 enim
525 370 671 402 libertatis
695 376 725 402 et
748 370 887 409 civitatis,
912 381 1003 402 suum
1023 377 1113 412 putat

220 424 282 445 esse
294 415 444 454 judicium
455 426 465 451 3
484 421 513 445 et
525 421 603 445 recte
617 420 715 455 putat.
738 414 919 455 confringat
930 414 986 444 iste
998 425 1069 445 sane
1080 415 1111 445 vi

220 457 277 487 sua
291 458 415 488 consilia
430 458 598 494 senatoria;
623 456 802 498 quaestiones
817 457 956 487 omniurn
971 468 1111 498 perrum-

220 506 273 540 pat
285 511 294 537 ;
312 502 408 531 evolet
420 512 457 532 ex
470 501 568 531 vestra
582 500 757 530 severitate:
781 499 858 530 mihi
870 500 990 538 credite,
1004 501 1112 531 arctio-

219 543 303 573 ribus
327 544 409 584 apud
433 545 584 584 populum
607 544 786 573 Romanum
809 543 926 583 laqueis
950 543 1110 574 tenebitur.

220 586 330 616 Credet
345 587 381 617 iis
393 587 545 627 equitibus
558 586 708 616 Romanis
720 586 851 626 populus
863 586 1033 624 Romanus,
1045 587 1110 627 qui,

220 629 258 661 ad
274 640 325 659 vos
341 636 430 660 antea
445 629 584 670 producti
599 634 699 665 testes,
716 628 788 669 ipsis
807 628 1055 669 inspectantibus,
1072 631 1111 660 ab

219 672 276 702 isto
292 673 387 702 civem
402 673 591 709 Romanum,
605 672 658 713 qui
668 671 835 711 cognitores
850 672 988 702 homines
1003 672 1112 703 hones-

219 720 264 744 tos
276 715 371 751 daret,
385 716 539 746 sublatum
553 726 615 745 esse
626 714 658 744 in
670 725 789 745 crucem
802 714 954 744 dixerunt.
979 714 1112 746 Credent

218 768 323 788 omnes
345 759 375 789 V
395 764 425 788 et
445 758 546 788 XXX
567 758 663 788 tribus
684 757 803 787 homini
822 757 999 797 gravissimo
1019 764 1111 798 atque

218 801 419 839 ornatissimo,
437 801 485 830 M.
499 801 616 838 Annio,
633 800 699 841 qui,
716 811 747 830 se
758 806 916 840 praesente,
932 800 1030 830 civem
1045 801 1111 831 Ro-

219 853 347 874 manum
360 844 454 874 securi
469 853 645 884 percussum
662 853 724 873 esse
742 843 828 873 dixit.
852 842 1008 873 Audietur
1023 854 1041 873 a
1054 854 1110 884 po-

218 887 292 926 pulo
317 888 459 917 Romano
486 887 531 917 vir
555 886 729 927 primarius,
754 896 845 926 eques
870 886 1042 924 Romanus,
1068 887 1108 917 L.

219 929 355 966 Flavius,
372 930 425 970 qui
441 940 532 959 suum
554 929 735 959 familiarem
751 928 956 966 Herennium,
973 929 1108 969 negotia-

218 977 314 1002 torem
330 983 367 1003 ex
377 972 496 1010 Africa,
509 983 581 1002 cum
597 982 667 1002 eum
677 971 833 1012 Syracusis
845 971 976 1012 amplius
986 978 1109 1003 centum

218 1015 296 1046 cives
312 1016 446 1046 Romani
462 1020 684 1056 cognoscerent,
695 1016 956 1055 lacrymantesque
968 1014 1110 1045 defende-

217 1063 295 1095 rent,
322 1069 377 1099 pro
403 1058 574 1089 testimonio
599 1058 688 1096 dixit,
713 1058 810 1088 securi
836 1068 897 1087 esse
921 1068 1109 1098 percussum.

220 1101 368 1132 Probabit
382 1102 486 1139 fidem,
503 1108 532 1131 et
547 1101 766 1137 auctoritatem,
784 1106 813 1130 et
828 1100 1005 1148 religionem
1021 1111 1109 1131 suam

219 1144 258 1177 L.
275 1144 408 1183 Suetius,
422 1145 514 1175 homo
529 1144 672 1174 omnibus
687 1143 871 1174 ornamentis
885 1143 1041 1184 praeditus,
1055 1145 1109 1185 qui

215 1188 336 1226 juratus
359 1188 443 1237 apud
469 1198 521 1218 vos
545 1187 633 1223 dixit,
659 1187 771 1217 multos
795 1186 872 1216 cives
896 1187 1053 1217 Romanos
1076 1187 1109 1218 in

218 1230 376 1263 lautumiis
391 1231 478 1261 istius
492 1230 619 1271 imperio
635 1229 839 1260 crudelissime
859 1239 913 1270 per
933 1229 995 1260 vim
1011 1235 1109 1261 morte
1142 1225 1144 1233 ’

218 1284 280 1303 esse
291 1273 444 1304 multatos.
463 1273 554 1303 Hanc
566 1283 621 1313 ego
633 1283 755 1303 causam
767 1282 837 1302 cum
848 1282 949 1312 agam,
962 1273 1108 1304 beneficio

218 1317 325 1356 populi
340 1316 486 1355 Romani,
500 1316 537 1346 (le
552 1316 616 1346 loco
629 1316 790 1356 superiore,
803 1325 864 1345 non
876 1326 989 1353 vereor,
1005 1325 1043 1346 ne
1055 1322 1109 1346 aut

219 1359 313 1389 istum
335 1360 378 1390 vis
399 1360 463 1390 ulla
484 1370 522 1390 ex
542 1359 648 1400 populi
663 1358 798 1389 Romani
818 1358 968 1398 suffragiis
983 1359 1107 1399 eripere,

217 1407 271 1431 aut
282 1413 300 1431 a
315 1412 365 1432 me
380 1403 480 1432 ullum
495 1412 608 1432 munus
624 1401 774 1432 aedilitatis
785 1401 918 1442 amplius
929 1406 983 1431 aut
993 1402 1109 1442 gratius
1147 1413 1148 1419 ¹
1180 1416 1181 1419 ¹

217 1446 332 1485 populo
344 1446 486 1475 Romano
501 1456 563 1476 esse
577 1444 679 1486 possit.

262 1488 323 1518 VI.
347 1488 542 1529 Quapropter
564 1498 668 1518 omnes
690 1488 722 1518 in
744 1488 802 1519 hoc
823 1486 939 1527 judicio
963 1493 1108 1519 conentur

217 1531 339 1561 omnia:
364 1532 441 1561 nihil
468 1537 512 1562 est
532 1532 610 1571 jam,
635 1531 717 1572 quod
740 1531 772 1561 in
795 1531 852 1561 hac
874 1529 964 1561 causa
985 1540 1108 1571 peccare
1142 1535 1143 1538 ’

217 1574 392 1615 quisquam,
407 1574 534 1613 judices,
552 1575 610 1605 nisi
625 1580 721 1605 vestro
736 1574 881 1615 periculo,
897 1573 1000 1615 possit.
1032 1573 1108 1604 Mea

218 1617 344 1657 quidem
366 1618 453 1654 ratio,
476 1628 547 1648 cum
568 1618 599 1647 in
620 1617 776 1658 praeteritis
795 1618 884 1647 rebus
908 1622 952 1647 est
975 1617 1106 1657 cognita,
1147 1630 1148 1642 1
1169 1639 1170 1648 1

219 1666 286 1690 tum
311 1660 342 1689 in
367 1661 489 1701 reliquis
516 1661 671 1701 explorata
695 1667 786 1701 atque
810 1659 928 1700 provisa
952 1665 1004 1690 est.
1038 1659 1108 1700 Ego

217 1712 322 1734 meum
350 1704 486 1734 studium
507 1704 539 1733 in
566 1703 787 1744 rempublicam
809 1704 875 1743 jam
898 1703 950 1733 illo
973 1709 1109 1743 tempore
1141 1714 1143 1722 ·

216 1746 344 1785 ostendi,
361 1757 443 1785 cum,
460 1748 552 1788 longo
572 1747 740 1786 intervallo,
763 1753 895 1778 veterem
916 1745 1108 1777 consuetudi·
1146 1770 1148 1775 .
