1181 1902
200 63 261 93 180
384 62 435 94 IN
458 62 655 96 VERREM
678 64 725 95 ΙΙ.
749 64 832 95 ΟΑΡ.
848 65 900 96 29.

194 148 279 190 quod
294 148 391 180 acrius
412 148 571 190 imperavi,
590 149 674 192 quod
695 149 905 188 animadverti,
921 149 1004 191 quod
1020 150 1081 181 mi-

194 198 285 222 natus
297 202 374 222 sum.
398 192 479 229 Quae
494 193 518 223 si
532 193 652 229 diceret,
669 198 771 223 tamen
787 194 899 233 ignosci
917 203 977 223 non
993 203 1081 234 opor-

192 240 279 271 teret,
296 235 332 271 si,
346 235 436 265 nimis
452 236 589 266 atrociter
603 236 781 276 imperando
796 236 892 275 sociis,
917 237 947 266 in
960 242 1080 266 tantum

193 277 342 308 adductus
356 278 525 318 periculum
541 279 699 309 videretur.

235 320 402 351 XXVIII.
423 322 527 359 Nunc,
541 322 687 362 cumipse
698 332 818 352 causam
834 322 915 352 illius
931 322 1081 352 tumultsxs

188 373 288 404 neque
297 374 398 394 veram
410 364 518 402 dicere,
529 375 627 406 neque
638 365 745 394 falsam
758 365 937 405 confingere,
951 365 1077 400 audeat;

190 406 284 436 homo
299 413 401 437 autem
421 408 532 438 ordinis
553 408 599 438 sui
619 407 851 448 frugalissimus,
868 408 922 448 qui
942 414 1008 438 turn
1029 418 1078 438 ac-

189 459 297 480 census
322 450 357 480 C.
381 451 497 481 Neroni
520 451 589 487 fuit,
618 451 654 480 P.
671 451 802 486 Tettius,
827 450 891 481 haec
917 451 1022 481 eadem
1046 461 1077 481 se

189 492 355 533 Lampsaci
370 495 511 533 cognosse
526 493 652 529 dixerit;
673 494 718 523 vir
733 494 874 523 omnibus
889 495 978 524 rebus
989 504 1077 524 orna-

189 535 335 573 tissimus,
353 536 388 566 C.
402 537 512 573 Varro,
529 537 582 577 qui
603 542 669 566 tum
689 536 720 566 in
742 537 820 566 Asia
841 536 980 567 tribunus
995 537 1078 566 mih·-

188 584 256 608 tum
271 578 341 615 fuit,
356 579 421 609 haec
436 579 539 609 eadem
561 580 626 620 ipsa
647 590 677 609 se
697 590 735 609 ex
757 579 938 609 Philodamo
957 580 1077 610 audisse

187 621 289 657 dicat3
322 622 444 661 potestis
470 622 619 657 dubitare,
648 622 721 663 quin
748 622 841 652 istum
867 622 989 652 fortuna
1014 633 1075 652 non

187 670 252 695 tam
268 675 305 695 ex
323 664 376 695 illo
396 665 529 705 periculo
550 665 662 705 eripere
683 665 820 702 voluerit,
838 676 931 706 quam
953 665 991 695 ad
1012 676 1076 696 ves-

186 713 270 738 trum
297 707 447 747 judicium
473 710 647 738 reservare?
687 708 757 738 Nisi
783 718 852 737 vero
882 708 959 738 illud
985 708 1073 745 dicet,

185 751 268 791 quod
283 757 313 781 et
327 749 358 780 in
374 751 543 781 testimonio
559 751 666 787 Tettii,
682 751 779 791 priore
791 751 917 787 actione,
934 751 1076 791 interpel-

185 794 259 824 lavit
280 793 480 824 Hortensius:
509 797 583 834 (quo
606 800 739 834 tempore
761 794 885 834 quidem
905 794 982 833 signi
1004 794 1075 824 satis

185 836 279 874 dedit,
296 837 320 867 si
335 836 409 877 quid
425 842 511 873 esset,
529 836 610 877 quod
622 842 720 876 posset
735 836 842 873 dicere,
860 847 890 866 se
906 843 1001 867 tacere
1013 847 1073 867 non

184 890 291 920 posse;
315 887 361 917 ut,
383 879 529 920 quamdiu
551 880 582 908 in
605 880 716 909 caeteris
738 881 826 909 rebus
846 880 981 916 tacuerit,
1001 880 1074 910 scire

184 932 289 952 omnes
312 933 479 963 possemus,
504 922 581 952 nihil
605 922 744 952 habuisse
767 922 848 962 quod
872 922 994 958 diceret)
1017 923 1093 960 hoc,

184 971 251 995 tum
267 965 355 1003 dixit,
379 965 595 995 Philodamum
617 971 646 995 et
667 966 732 1004 ejus
751 965 849 994 filium
865 976 882 995 a
898 967 932 995 G.
951 966 1073 996 Nerone

183 1019 246 1038 esse
261 1008 428 1038 damnatos.
460 1008 509 1038 De
530 1019 590 1048 quo
610 1018 648 1038 ne
667 1009 765 1038 multa
780 1008 934 1043 disseram,
951 1014 1070 1038 tantum

183 1051 262 1087 dico,
284 1057 419 1082 secutum
440 1051 471 1080 id
494 1062 556 1081 esse
576 1051 742 1087 Neronem,
764 1057 793 1081 et
813 1052 877 1090 ejus
898 1052 1069 1084 consilium,

183 1093 266 1134 quod
291 1094 467 1124 Cornelium
493 1094 629 1124 lictorem
655 1094 787 1124 occisum
813 1105 875 1124 esse
901 1101 1067 1124 constaret:

181 1137 304 1178 putasse
318 1147 379 1168 non
395 1143 529 1177 oportere
544 1148 606 1167 esse
621 1137 775 1177 cuiquam,
792 1147 829 1167 ne
849 1137 880 1167 in
900 1137 1070 1167 ulciscenda

181 1180 306 1220 quidem
331 1180 454 1219 injuria,
478 1180 610 1210 hominis
630 1180 783 1210 occidendi
807 1186 994 1220 potestatem.
1030 1181 1068 1210 In

180 1233 242 1264 quo
265 1223 362 1259 video,
388 1223 519 1253 Neronis
540 1223 654 1262 judicio
678 1233 739 1252 non
762 1229 790 1252 te
813 1223 985 1253 absolutum
1007 1233 1068 1253 esse

180 1266 394 1306 improbitatis,
411 1266 462 1296 sed
476 1266 544 1295 illos
559 1266 716 1295 damnatos
738 1276 799 1295 esse
818 1266 916 1296 ezr-dis.
950 1266 1067 1296 Verum

179 1309 238 1339 ista
249 1309 403 1338 damnatio
416 1315 517 1338 tamen
531 1308 699 1347 cujusmodi
713 1308 789 1338 fuit?
812 1309 939 1345 Audite,
954 1319 1066 1349 quaeso,

174 1352 302 1392 judices,
320 1358 349 1381 et
364 1351 527 1392 aliquando
542 1351 725 1381 miseremini
741 1351 887 1381 sociorum
900 1363 909 1386 ;
930 1359 958 1381 et
970 1358 1069 1382 osten-

179 1395 251 1431 dite,
268 1394 384 1434 aliquid
399 1395 445 1424 his
460 1395 492 1424 in
508 1395 605 1424 vestrim
620 1394 678 1424 fide
693 1394 824 1434 praesidii
840 1405 901 1424 esse
912 1400 1057 1434 oportere.

220 1437 351 1468 XXIX.
380 1437 473 1475 Quod
497 1438 551 1467 toti
574 1437 660 1467 Asiae
679 1438 748 1476 jure
770 1438 882 1467 occisus
907 1437 1064 1468 videbatur

177 1480 263 1511 istius
278 1480 340 1515 illeq
354 1482 443 1510 verbo
454 1480 552 1517 lictor,
565 1490 596 1510 re
609 1480 678 1510 vera
688 1480 824 1510 minister
835 1480 1066 1521 improbissimae

177 1523 371 1563 cupiditatis;
395 1523 552 1563 pertimuit
566 1523 632 1561 iste,
655 1533 693 1552 ne
715 1523 913 1553 Philodamus
934 1524 1066 1553 Neronis

173 1566 288 1607 judicio
303 1566 489 1596 liberaretur.
517 1566 619 1606 Rogat
634 1572 662 1596 et
678 1572 743 1596 orat
758 1566 962 1602 Dolabellam,
978 1572 1012 1595 ut
1028 1566 1065 1596 de

176 1609 232 1641 sua
253 1609 408 1649 provincia
429 1608 573 1644 decedat;
601 1608 639 1638 ad
663 1609 816 1639 Neronem
842 1609 1062 1649 proficiscatur:

174 1664 205 1683 se
225 1652 411 1682 demonstrat
429 1652 614 1682 incolumem
635 1662 697 1682 esse
717 1662 776 1681 non
800 1662 895 1692 posse,
919 1652 942 1681 si
960 1651 1064 1681 Philo-

172 1696 264 1726 damo
280 1694 389 1729 vivere,
406 1701 498 1735 atque
518 1695 682 1735 aliquando
704 1695 837 1724 Romam
859 1695 970 1731 venire,
987 1695 1063 1724 licu-

167 1739 251 1776 isset.
275 1737 454 1770 Commotus
470 1744 514 1768 est
533 1737 714 1769 Dolabella:
729 1738 799 1768 fecit
814 1737 856 1774 id,
873 1737 958 1779 quod
971 1738 1063 1768 multi
