1181 1902
260 79 266 83 -
295 60 347 91 IN
369 59 567 92 VERREM
592 59 633 90 V.
657 58 742 90 CAP.
759 60 810 89 44.
935 61 998 92 42ss

107 144 251 175 omnibus
276 145 423 176 membris
445 155 549 186 rapere
573 145 612 175 ad
638 155 669 175 se
694 144 829 175 funibus.
862 145 1003 186 Repente

99 187 304 227 'Agrigentini
320 194 522 218 concurrunt:
547 187 581 218 fit
600 198 713 227 magna
732 188 901 228 lapidatio:
927 189 1002 220 dant

107 239 170 259 sese
196 231 228 260 in
254 230 361 271 fugam
387 231 472 261 istius
496 230 631 270 praeclari
652 231 841 271 imperatoris
860 232 1002 262 nocturni

108 272 228 303 milites.
254 273 327 303 Duo
352 280 454 303 tamen
480 273 579 313 sigilla
604 274 785 314 perparvula
812 274 935 311 tollunt,
963 285 1002 305 ne

107 315 233 345 omnino
248 316 351 346 inanes
367 316 405 345 ad
417 316 509 346 istum
520 316 692 356 praedonem
706 316 886 356 religionum
903 327 1003 347 rever-

107 362 249 388 terentur.
275 359 447 399 Nunquam
473 365 535 388 tam
553 359 632 388 male
655 365 698 389 cst
719 359 838 395 Siculis,
856 359 931 400 quin
944 360 1003 390 ali-

109 400 184 440 quid
207 401 301 431 facete
323 407 351 431 et
376 401 533 431 commode
557 401 677 438 dicant:
704 402 797 439 velut,
825 402 857 431 in
879 403 935 433 hae
957 414 1000 441 re,

110 443 243 480 aiebant,
259 444 291 473 in
307 444 423 474 labores
441 444 583 474 Herculis
600 453 660 473 non
676 444 778 474 minus
794 445 876 475 hunc
892 445 1003 476 imma-

109 485 270 516 nissimum
296 487 435 523 Verrem,
463 497 558 527 quam
587 486 677 516 illum
707 497 817 527 aprum
847 487 1003 528 Eryman.

108 527 221 565 thium,
238 529 340 559 referri
355 535 500 570 oportere.

151 571 276 602 XLIV.
302 572 394 602 Hanc
420 572 562 602 virtutem
586 572 862 613 Agrigentinorum
889 573 1001 605 imitati

107 619 179 643 sunt
204 614 344 645 Assorini
364 621 478 656 postea,
504 616 560 646 viri
582 615 673 646 fortes
695 622 724 646 et
746 615 860 653 fideles,
881 617 932 646 sed
948 627 1001 647 ne..

107 656 263 697 quaquam
281 668 319 688 ex
343 664 406 688 tam
430 658 545 698 ampla,
562 668 662 699 neque
677 664 740 688 tam
759 669 797 689 ex
813 659 908 689 nobili
928 660 1000 690 civi-

107 704 177 729 tate.
203 700 335 740 Chrysas
350 707 394 731 est
409 701 518 739 amnis,
535 701 588 742 qui
604 712 657 741 per
671 702 889 732 Assorinorum
913 713 1000 743 agros

108 741 184 772 fluit.
210 743 242 772 Is
262 744 344 784 apud
359 744 426 774 illos
443 744 571 774 habetur
588 744 684 781 Deus,
701 752 732 775 et
741 745 885 785 religione
900 746 1001 776 maxi-

107 784 159 814 ma
173 786 291 816 colitur.
315 787 437 817 Fanum
454 788 519 826 ejus
542 792 585 817 est
603 787 635 817 in
657 798 743 828 agro,
760 794 882 828 propter
902 788 1000 829 ipsam

107 828 200 865 viam,
229 829 291 869 qua
317 830 431 861 Assoro
452 830 514 860 itur
528 830 663 860 Ennam.
688 831 727 860 In
748 841 782 861 eo
807 831 933 871 Chrysae
957 837 1002 862 est

106 870 316 910 simulacrum,
342 873 484 913 praeclare
510 873 626 903 factum
653 884 669 903 e
693 883 853 904 marmore.
879 874 918 904 Id
944 874 1000 905 iste

106 924 227 953 poscere
249 915 423 953 Assorinos,
444 922 567 956 propter
589 916 774 956 singularem
794 918 859 956 ejus
874 917 939 947 fani
954 928 1001 948 re-

106 956 263 997 ligionem,
280 968 341 988 non
357 969 448 989 ausus
464 965 516 989 est.
542 959 723 999 Tlepolemo
741 959 793 990 dat
808 960 1000 1001 Hieronique

105 1000 273 1040 negotium.
299 1001 351 1031 Illi
375 1007 477 1038 noctu,
502 1002 582 1032 facta
608 1012 715 1040 manu,
740 1002 921 1044 armatique,
948 1014 999 1034 ve.-

105 1042 195 1072 niunt
208 1055 217 1073 2
250 1043 327 1074 fores
357 1045 428 1075 aedis
459 1044 644 1085 effringunt:
670 1045 774 1075 aeditui
804 1046 1001 1087 custodesque

106 1091 225 1116 mature
241 1087 393 1117 sentiunt:
419 1087 553 1128 signum,
575 1088 657 1128 quod
679 1094 742 1121 erat
762 1095 870 1119 notum
892 1089 998 1120 vicini-

106 1128 173 1166 tati,
190 1130 318 1160 buccina¹
339 1130 446 1160 datur:
471 1131 610 1161 homines
631 1141 669 1161 ex
689 1131 769 1171 agris
792 1138 994 1163 concurrunt:

107 1171 226 1210 ejicitur
250 1172 437 1214 fugaturque
466 1173 684 1214 Tlepolemus;
709 1184 807 1215 neque
827 1175 998 1216 quidquam

107 1224 145 1244 ex
160 1214 231 1245 fano
247 1216 382 1256 Chrysae,
399 1222 507 1257 praeter
522 1226 620 1247 unum
633 1218 853 1258 perparvulum
874 1218 997 1259 signum

105 1267 145 1287 ex
160 1268 228 1295 aere,
245 1258 448 1289 desideratum
464 1265 516 1290 est.

150 1300 263 1331 Matris
278 1302 405 1342 Magnae
420 1302 527 1332 fanum
543 1302 625 1343 apud
646 1302 807 1344 Enguinos
822 1309 866 1334 est
879 1316 887 1334 ε
913 1305 998 1343 (jam

101 1343 188 1380 *enim
203 1344 281 1374 mihi
295 1354 356 1375 non
374 1345 465 1375 modo
487 1346 616 1376 breviter
636 1346 673 1376 de
688 1356 873 1388 unoquoque
896 1347 998 1378 dicen-

107 1386 194 1423 dum,
211 1386 262 1417 sed
278 1387 368 1417 etiam
384 1388 591 1428 praetereunda
603 1389 743 1419 videntur
758 1400 820 1420 esse
830 1391 994 1431 permulta,

107 1435 143 1459 ut
157 1431 195 1459 ad
211 1431 326 1469 majora
345 1431 431 1461 istius
447 1437 476 1461 et
490 1431 653 1462 illustriora
673 1432 705 1461 in
720 1431 776 1463 hoc
790 1443 899 1473 genere
912 1433 996 1464 furta

107 1478 137 1502 et
151 1473 262 1503 scelera
277 1473 457 1512 veniamus.)
482 1474 521 1504 In
545 1475 602 1505 hoc
620 1475 692 1507 fano
707 1475 813 1507 loricas
836 1476 998 1517 galeasque

106 1525 215 1553 aeneas,
233 1516 350 1547 caelatas
365 1527 454 1558 opere
469 1517 638 1555 Corinthio,
660 1518 842 1560 hydriasque
857 1520 997 1560 grandes,

105 1558 201 1589 simili
221 1558 253 1588 in
274 1569 396 1599 genere,
418 1566 509 1601 atque
531 1560 636 1590 eadem
657 1567 720 1591 arte
735 1562 891 1602 perfectas,
916 1562 998 1593 idem

104 1600 157 1631 ille
172 1601 208 1631 P.
225 1601 337 1642 Scipio,
363 1603 408 1633 vir
423 1603 564 1634 omnibus
579 1605 668 1634 rebus
688 1605 995 1644 praecellentissimus,

107 1650 259 1684 posuerat,
281 1650 310 1675 et
325 1656 416 1675 suum
428 1655 540 1676 nomen
559 1646 757 1688 inscripserat.
781 1648 867 1685 Quid
879 1649 946 1687 jam
959 1649 998 1679 de

102 1686 165 1720 jsto
180 1687 269 1727 plura
288 1687 400 1726 dicam,
416 1694 469 1719 aut
493 1700 602 1730 querar
614 1692 628 1721 ‚⁹
651 1690 755 1721 omnia
778 1690 842 1729 illa,
866 1691 995 1731 judices,

105 1729 252 1761 abstulit:
277 1730 354 1762 nihil
368 1731 400 1762 in
414 1732 637 1774 religiosissimo
652 1732 735 1773 fano,
751 1740 860 1776 praeter
874 1734 998 1775 vestigia
