1181 1902
217 182 268 214 m
290 179 532 213 CAECILIUM
554 179 705 212 Dler.
721 179 805 212 cn».
822 179 862 211 4:
923 180 988 211 1213.

92 269 233 301 a'rbitr'or
243 267 450 310 perspicuum,
467 273 570 299 tamen
585 267 623 298 de
634 272 764 308 utroque
776 267 887 305 dicam,
901 266 979 298 etde

88 323 124 344 eo
138 313 234 354 prius,
245 312 327 353 quod
339 311 421 352 apud
432 321 484 341 vos
496 311 666 352 plurimum
678 310 767 341 debet
778 311 897 347 valere;
920 311 979 341 hoc

89 362 146 394 851,
162 356 200 386 (18
216 356 370 387 voluntate
386 364 502 392 eorum,
524 353 658 395 quibus
651 354 771 392 injuriae
785 354 872 384 factae
884 359 975 389 sunt3

86 409 219 440 quorum
240 409 331 429 causa
350 397 501 437 judicium
524 397 561 427 de
583 397 717 438 pecuniis
738 397 912 437 repetundis
935 402 979 427 est

84 442 293 473 constitutum.
318 441 452 472 Siciliam
468 440 654 480 provinciam
670 440 706 470 C.
723 439 833 470 Verres
849 450 902 480 per
925 440 979 470 tri-

85 486 211 516 ennium
227 485 427 525 depopulatus
443 494 515 521 esse,
527 483 699 514 Siculorum
715 483 848 513 civitates
864 482 978 513 vastas-

82 539 125 567 se,
138 529 243 559 domos
253 528 434 564 exinanisse,
447 526 518 557 fana
529 527 682 568 spoliasse,
696 525 814 556 dicitur.
838 526 980 565 Adsunt,

84 577 254 612 queruntur
280 571 375 601 Siculi
397 570 548 600 universi:
573 570 612 599 ad
632 580 733 600 meam
752 569 855 605 fldem,
880 580 976 610 quam

83 614 197 645 habent
212 619 376 655 spectatam
390 614 468 652 jam,
481 619 510 643 et
525 613 578 643 diu
596 613 760 653 cognitam,
772 612 974 652 confugiunt:

82 657 234 688 auxilium
246 657 303 688 sibi
313 667 366 698 per
377 667 427 686 me
439 667 456 686 a
471 656 567 694 vobis,
579 662 670 697 atque
686 666 704 685 a
719 656 826 696 populi
841 656 977 686 Romani

82 701 212 741 legibus,
235 707 363 741 petunt:
387 710 438 729 me
460 699 647 730 defensorem
670 699 880 730 calamitatum
907 710 977 729 sua-

83 754 165 782 rum,
182 754 232 774 me
254 744 384 774 ultorem
407 742 603 782 injuriarum,
623 752 673 772 me
695 742 882 782 cognitorem
899 742 978 782 juris

85 787 144 823 sui,
160 797 211 817 me
226 793 356 817 actorem
367 796 463 816 causae
473 786 575 823 totius,
593 795 656 816 esse
667 785 838 816 voluerunt.

126 830 253 867 Utrum,
271 830 311 868 Q.
329 829 444 867 Caecili,
465 829 522 859 hoc
537 829 628 867 dices,
645 839 695 859 me
716 839 776 859 non
799 829 973 859 Siculorum

82 879 191 914 rogatu
206 873 245 903 ad
260 883 383 903 causam
403 872 552 910 accedere,
569 882 608 903 an
630 872 818 913 optimorum
838 872 977 903 fidelissi-

83 926 267 958 morumque
290 916 440 946 sociorum
463 916 651 946 voluntatem
673 916 755 956 apud
777 915 832 945 hos
853 926 978 955 gravem

83 970 146 991 osse
161 970 222 990 non
238 965 395 1008 oportere.
388 961 401 981 ⁹
418 959 451 989 Si
461 958 492 988 id
501 958 626 988 audebis
636 957 745 995 dicere,
754 959 837 999 quod
849 939 884 989 C.
898 959 977 989 Ver-

82 1013 141 1041 res,
159 1003 207 1034 cui
220 1009 248 1033 te
264 1002 423 1033 inimicum
435 1013 497 1032 esse
512 1002 648 1039 simulas,
664 1002 800 1032 maxime
812 1001 979 1032 existimari

83 1047 161 1084 vult,
180 1046 296 1077 Siculos
310 1046 368 1076 hoc
383 1056 400 1075 a
420 1055 542 1075 menon
552 1046 662 1085 petisse
675 1055 684 1081 ;
708 1045 843 1085 primum
854 1055 978 1076 causam

83 1089 198 1120 inimici
215 1090 260 1119 tui
272 1088 454 1126 sublevabis,
471 1088 508 1118 de
524 1098 585 1129 quo
600 1097 661 1117 non
677 1088 901 1128 praejudicium,
924 1088 976 1119 sed

83 1133 174 1174 plane
195 1132 358 1172 judicium,
373 1133 438 1171 jam
455 1131 571 1162 factum
586 1137 723 1171 putatur,
740 1131 822 1172 quod
844 1132 887 1162 ita
909 1142 978 1172 per-

84 1176 211 1211 crebuit,
243 1176 360 1207 Siculos
384 1184 488 1205 omnes
509 1180 640 1204 actorem
666 1185 727 1205 suae
753 1185 850 1205 causae
874 1182 979 1206 contra

84 1219 167 1250 illius
190 1219 316 1258 injurias
342 1219 494 1260 quaesisse.
519 1218 590 1248 Hoc
610 1217 635 1248 si
659 1223 705 1256 tu,
733 1218 875 1248 inimicus
899 1219 976 1258 ejus,

84 1261 201 1293 factum
216 1262 351 1303 negabis,
369 1261 451 1302 quod
473 1261 548 1302 ipse,
565 1261 615 1291 8111
632 1261 768 1291 maxime
782 1261 847 1292 haec
858 1272 904 1292 res
925 1263 980 1292 ob-

85 1311 155 1344 stat,
172 1316 281 1346 negare
296 1315 356 1335 non
372 1305 484 1341 audet3
509 1304 620 1342 videto,
637 1314 675 1334 ne
698 1305 829 1334 nimium
846 1304 981 1335 familia-

85 1349 157 1380 riter
172 1349 344 1379 inimicitias
357 1358 494 1378 exercere
509 1348 637 1378 videare.
671 1347 792 1378 Deinde
804 1354 876 1378 sunt
891 1354 980 1378 testes

85 1392 142 1422 viri
163 1392 319 1423 clarissimi
335 1398 444 1421 nostrae
459 1391 598 1429 civitatis,
620 1401 696 1440 quos
711 1401 815 1422 omnes
831 1402 849 1421 a
860 1402 910 1422 me
926 1401 981 1421 no-

85 1436 196 1466 minari
212 1446 274 1466 non
290 1442 334 1466 est
348 1444 486 1465 necesse:
511 1445 571 1472 805,
589 1435 642 1476 (1111
655 1434 776 1471 adsunt,
793 1435 978 1476 appellabo·
968 1457 978 1470 ‚

86 1489 174 1528 quos,
196 1479 220 1509 51
235 1479 391 1515 mentirer,
407 1483 496 1508 testes
526 1488 589 1508 esse
613 1478 812 1518 1111)11(181111’8
831 1488 907 1508 meae
922 1477 982 1507 mi-

86 1522 170 1553 nime
185 1523 304 1553 ν8118111
329 1521 413 1553 Scit
406 1532 442 1558 15,
460 1521 514 1562 qui
530 1527 573 1551 est
588 1521 619 1550 in
636 1521 771 1559 consilio,
789 1521 824 1551 C.
846 1521 982 1551 Marcel-

86 1565 156 1602 1us;
181 1566 237 1596 scit
256 1565 292 1605 is,
309 1575 402 1606 quem
418 1564 520 1595 adesse
536 1564 635 1603 video,
649 1564 706 1594 Cn.
724 1564 877 1595 Lentulus
893 1564 982 1594 Mar-

87 1609 214 1640 cellinus
227 1620 236 1645 3
262 1619 394 1650 quorum
410 1607 469 1638 fide
484 1614 576 1648 atque
591 1607 730 1648 praesidio
741 1608 835 1638 Siculi
846 1607 982 1638 maxime

88 1652 239 1689 nituntur,
253 1652 335 1693 quod
347 1652 472 1682 omnino
489 1651 709 1681 Marcellorum
725 1651 842 1681 nomini
854 1657 917 1681 tota
928 1651 983 1680 illa

88 1695 243 1736 provincia
257 1695 401 1735 adjuncta
417 1700 469 1725 est.
503 1694 548 1724 Hi
570 1694 680 1733 sciunt,
696 1694 754 1725 hoc
774 1704 836 1724 non
850 1694 943 1724 modo
966 1703 985 1723 a

89 1748 139 1769 me
154 1739 285 1779 petitum
300 1749 373 1777 8558,
391 1738 442 1768 sed
457 1738 499 1768 ita
515 1748 593 1778 saepe
609 1743 637 1768 et
652 1738 695 1768 ita
709 1738 903 1768 vehementer
921 1747 985 1767 esse

88 1781 233 1823 petitum,
255 1788 290 1812 ut
314 1787 368 1811 aut
388 1792 478 1812 causa
501 1781 578 1811 mihi
601 1781 790 1822 suscipienda
813 1781 915 1818 fuerit,
932 1784 987 1810 aut

91 1824 225 1855 officium
244 1825 473 1855 necessitudinis
495 1824 731 1865 repudiandum.
766 1824 826 1855 Sed
842 1823 916 1865 quid
932 1833 988 1863 ego

91 1867 139 1899 his
159 1868 286 1900 testibus
309 1874 389 1902 utor.
406 1869 493 1902 Quasi
515 1879 561 1900 res
583 1867 676 1899 dubia
697 1873 751 1898 aut
772 1869 898 1900 obscura
920 1866 985 1897 sit?
