1181 1902
227 60 289 90 352
404 57 454 88 IN
479 57 674 88 VERREM
699 57 759 89 IV.
783 59 866 89 CAP.
890 59 941 88 66.

224 144 314 182 bitas,
330 143 464 174 audacia.
489 143 574 181 Quid
590 143 615 174 si
634 143 709 182 haec,
729 155 799 184 quae
813 143 891 182 dico,
913 143 1007 185 ipsius
1022 145 1112 175 amici

226 187 455 227 defensoresque
464 187 642 226 judicarunt
655 189 668 216 ἕ
685 187 760 228 quid
772 187 863 217 vultis
875 187 1006 228 amplius
1015 188 1029 216 P
1044 189 1113 218 Ad-

227 236 318 261 ventu
336 230 373 259 L.
391 230 522 267 Metelli,
538 230 683 270 praetoris,
698 234 781 264 (cum
797 240 902 260 omnes
912 231 976 269 ejus
991 231 1114 261 comites

226 273 281 304 iste
308 273 375 309 sibi,
401 283 455 302 suo
479 273 531 302 illo
552 273 729 314 panchresto
750 273 980 309 medicamento,
1003 275 1115 304 amicos

224 316 412 353 reddidisset)
436 316 553 345 aditum
580 322 624 346 est
649 316 688 345 ad
709 316 895 346 Metellum:
921 316 1045 346 eductus
1070 323 1114 347 est

227 359 384 400 Apronius
398 370 406 388 :
432 359 536 388 eduxit
552 359 596 389 vir
608 359 768 399 primarius
781 360 816 388 O.
830 359 961 395 Gallius,
975 367 1111 389 senator:

226 402 390 443 postulavit
408 413 426 431 a
447 402 484 431 L.
503 402 641 437 Metello,
662 408 695 431 ut
716 412 753 431 ex
774 402 870 431 edicto
891 412 945 432 suo
962 402 1114 441 judicium

228 445 312 475 daret
327 445 358 474 in
374 445 562 485 Apronium,
581 448 602 462 ‘⁶
614 445 707 482 Quod
716 455 769 485 per
785 445 846 474 vim
857 451 909 474 aut
919 451 1035 474 metum
1046 447 1114 475 abs-

228 488 388 518 tulisset:'‘
423 498 516 528 quam
541 487 705 517 formulam
730 488 930 518 Octavianam
956 493 984 517 et
1005 488 1114 518 Romae

227 531 374 561 Metellus
400 531 557 567 habuerat,
583 537 611 561 et
634 531 764 561 habebat
790 530 820 560 in
847 530 1010 571 provincie.
1041 531 1113 561 Non

226 574 388 615 impetrat;
413 584 483 603 cum
504 573 560 603 hoc
572 573 682 604 diceret
698 573 855 610 Metellus,
873 573 1084 613 praejudicium
1097 585 1116 604 a

226 628 256 647 se
279 617 316 648 de
334 617 430 657 capite
450 618 485 646 C.
505 617 607 647 Verris
625 627 678 657 per
696 616 753 647 hoc
769 616 919 655 judicium
940 617 1019 646 nolle
1040 617 1114 647 fieri.

226 661 308 691 Tota
323 660 443 690 Metelli
459 659 576 696 cohors,
592 660 753 689 hominum
769 669 829 689 non
845 659 1045 699 ingratorum,
1062 660 1116 690 ad-

225 710 288 733 erat
304 703 452 743 Apronio.
478 703 513 732 C.
531 703 662 737 Gallius,
679 702 770 731 homo
786 703 879 732 nostri
890 702 1014 738 ordinis,
1028 714 1045 732 a
1060 714 1115 733 suo

226 746 461 776 familiarissimo
487 745 524 775 L.
552 745 680 774 Metello
702 744 852 783 judicium
874 756 911 775 ex
932 745 1028 775 edicto
1053 756 1114 776 non

225 795 323 829 potest
332 789 502 829 impetrare.
528 788 600 817 Non
611 787 795 828 reprehendo
808 787 971 817 Metellum
984 799 992 818 z
1009 799 1116 829 peper-

227 832 268 862 cit
283 831 400 861 homini
421 831 529 867 amico,
552 837 581 860 et
606 830 878 870 (quemadmodum
898 830 999 871 ipsum
1020 832 1117 862 dicere

228 875 344 912 audivi)
370 874 543 904 necessario.
568 873 640 903 Non
666 873 861 913 reprehendo,
882 873 1019 914 inquam,
1046 875 1117 905 Me-

229 919 359 948 tellum:
385 917 436 947 sed
460 917 516 947 hoc
540 916 644 953 miror,
669 916 833 956 quomodo,
855 916 892 946 de
912 928 973 957 quo
994 917 1117 949 homine

229 961 441 1001 praejudicium
457 959 587 989 noluerit
603 959 666 988 fieri
687 970 740 999 per
755 966 985 999 recuperatores,
1003 960 1040 990 de
1060 961 1117 991 hoc

227 1005 292 1044 ipso
315 1014 374 1034 non
402 1003 492 1033 modo
517 1002 731 1043 pra‘judiciirit,
760 1012 864 1032 verum
888 1003 1063 1042 gravissime
1082 1014 1117 1034 ac

229 1046 491 1077 vehementissime
512 1045 664 1084 judicio-it.
690 1045 830 1074 Primum
856 1046 949 1084 enim,
966 1046 990 1076 si
1014 1048 1117 1086 Apro-

228 1091 315 1120 nium
332 1090 506 1120 absolutum
527 1089 563 1118 iri
578 1094 708 1129 putaret,
726 1088 802 1117 nihil
824 1094 896 1125 erat,
917 1089 999 1129 quod
1015 1089 1115 1120 ullum

227 1133 440 1174 praejudicium
452 1138 611 1162 vereretur.
630 1131 759 1168 Deinde,
771 1132 794 1160 si
798 1131 1124 1173 ,condemnatoApro-‘

227 1177 289 1213 nio,
324 1177 517 1215 conjunctam
555 1185 625 1204 cum
657 1185 691 1204 eo
723 1174 825 1204 Venis
855 1185 976 1205 causam
1012 1185 1117 1206 omnes

227 1226 311 1250 erant
332 1218 544 1255 existimaturi,
571 1217 716 1247 Metellus
737 1217 860 1258 quidem
884 1224 961 1248 certe
978 1219 1043 1257 jam
1060 1218 1117 1250 hoc

223 1263 391 1311 judicabat,
409 1272 513 1291 eorum
535 1271 598 1291 rem
622 1270 804 1300 causamque
820 1271 881 1290 esse
900 1262 1113 1300 conjunctam·
1105 1285 1114 1297 ,

226 1306 279 1347 qui
295 1305 442 1343 statuerit,
458 1304 598 1345 Apronio
621 1303 830 1341 condemnato,
847 1303 884 1333 de
902 1303 958 1333 isto
974 1305 1117 1344 praejudi-

226 1349 307 1379 cium
329 1349 478 1378 f-uturum
503 1347 546 1377 Et
561 1346 653 1377 simul
671 1356 732 1376 una
748 1357 793 1376 res
814 1347 935 1386 utrique
954 1347 995 1377 rei
1011 1354 1054 1377 est
1069 1358 1115 1378 ar—

226 1399 384 1431 gumento,
409 1397 439 1421 et
459 1396 588 1420 aratores
615 1390 644 1420 vi
670 1395 699 1419 et
722 1396 807 1419 metu
835 1396 950 1419 coactos
976 1391 1116 1430 Apronio

226 1435 324 1464 multo
340 1435 420 1475 plus,
438 1444 531 1474 quam
547 1432 717 1470 debuerint,
733 1432 870 1467 dedisse3
895 1439 924 1462 et
939 1433 1115 1473 Apronium

226 1477 311 1507 istius
332 1487 395 1507 rem
412 1488 465 1507 suo
481 1476 602 1506 nomine
622 1476 726 1515 egisse,
746 1485 815 1505 cum
833 1475 870 1504 L.
889 1476 1034 1505 Metellus
1055 1483 1116 1507 sta-

225 1521 326 1556 tuerit,
344 1530 404 1550 non
420 1530 505 1560 posse
519 1518 696 1559 Apronium
711 1518 918 1555 condenmari,
932 1519 1006 1559 quin
1023 1519 1115 1549 simul

224 1563 262 1593 de
277 1563 363 1593 istius
378 1563 486 1593 scelere
501 1569 593 1603 atque
607 1561 799 1602 improbitate
812 1561 1006 1600 judicaretur.

268 1606 392 1636 LXVI.
418 1606 516 1636 Venio
543 1615 624 1634 nunc
651 1604 689 1634 ad
713 1604 870 1644 epistolam
897 1604 1114 1643 'l‘imarchidis,

222 1649 323 1679 liberti
338 1649 423 1679 istius
444 1654 473 1678 et
496 1647 630 1683 accensi;
656 1647 693 1677 de
709 1647 770 1687 quii
791 1657 861 1677 cum
882 1647 998 1684 dixero,
1016 1655 1115 1679 totum

220 1692 277 1722 hoc
305 1692 419 1722 crimen
445 1691 649 1721 decumanum
675 1689 857 1731 [peroraro]
892 1690 968 1720 Haec
989 1691 1115 1730 epistola

218 1741 273 1773 est,
288 1735 416 1774 judices,
433 1745 527 1775 quam
543 1743 597 1765 nos
613 1733 779 1773 Syracusis,
792 1733 823 1763 in
840 1733 956 1764 aedibus
967 1733 1113 1774 Apronii,
