1181 1902
106 0 1181 128 ἢῆ

298 350 353 388 IN
383 349 660 389 CAECILIUM
690 348 991 388 DIVINATIO.

243 441 271 471 Ι.
295 442 333 472 SI
356 441 425 482 quis
442 442 585 477 vestrum,
600 441 727 481 judices,
751 446 804 471 aut
828 451 933 471 eorum
958 439 1013 482 qui
1035 439 1090 470 ad·

200 490 282 522 sunt,
299 484 375 515 forte
389 485 528 522 miratur,
540 495 601 519 me,
613 485 666 525 qui
682 490 726 515 tot
740 494 834 514 annos
849 484 881 514 in
897 484 993 514 causis
1005 483 1090 523 judi-

199 528 313 569 ciisque
327 528 456 568 publicis
471 528 513 557 ita
525 528 581 557 sim
598 534 743 562 versatus,
760 534 794 557 ut
806 527 992 557 defenderim
1007 527 1090 556 mul-

203 576 260 608 tos,
284 571 412 601 laeserim
436 571 601 607 neminem,
619 571 718 600 subito
738 580 819 600 nunc
842 571 962 600 mutata
983 570 1092 601 volun-

200 619 272 652 tate,
297 614 335 643 ad
350 614 553 644 accusandum
569 613 769 650 descendere,
793 613 828 649 is,
846 613 870 643 si
890 613 951 644 mei
974 612 1090 643 consilii

199 667 321 687 causam
337 657 545 697 rationemque
566 656 748 697 cognoverit,
765 656 828 686 una
844 662 872 686 et
884 656 926 693 id,
944 656 1026 697 quod
1044 655 1090 686 sa-

199 700 256 738 cio,
273 700 423 741 probabit,
441 706 469 730 et
484 700 515 729 in
530 700 586 730 hac
602 700 691 729 causa
707 699 839 740 profecto
848 699 1002 730 neminem
1012 710 1091 741 prae-

198 743 375 784 ponendum
391 753 453 773 esse
468 743 546 772 mihi
557 748 686 773 actorem
703 743 832 783 putabit.

242 786 323 816 Cum
339 792 469 826 quaestor
484 786 516 815 in
539 786 641 816 Sicilia
661 785 799 821 fuissem,
817 786 946 825 judices,
970 786 1090 827 ita-que

200 839 238 859 ex
261 829 296 859 eit
311 829 466 870 provincia
481 829 682 866 decessissem,
699 835 733 858 ut
749 829 858 859 »Siculis
878 829 1020 859 omnibus
1039 831 1092 869 ju-

200 872 332 902 cundam
348 872 587 912 diuturnamque
609 872 787 902 memoriam
809 878 970 913 quaesturae
990 873 1091 902 nomi-

199 915 307 955 nisque
318 915 378 945 mei
393 915 594 955 relinquerem
607 926 616 950 ς
640 915 755 945 factum
771 921 825 953 est,
842 915 897 953 uti,
919 925 990 945 cum
1006 926 1091 946 sum-

198 968 288 988 mum
313 958 345 988 in
371 958 521 988 veteribus
536 958 669 998 patronis
691 958 807 996 multis,
823 964 890 988 tum
906 958 1091 989 nonnullum

199 1001 290 1032 etiam
315 1002 347 1031 in
371 1011 432 1039 me,
457 1001 632 1041 praesidium
654 1000 715 1031 suis
740 1001 868 1032 fortunis
892 1002 1090 1031 constitutum

200 1054 262 1075 esse
277 1045 503 1074 arbitrarentur.
538 1044 603 1082 Qui
619 1054 699 1074 nunc
715 1044 852 1084 populati
867 1050 958 1085 atque
977 1045 1088 1083 vexati,

198 1087 298 1118 cuncti
314 1087 353 1117 ad
364 1097 414 1117 me
436 1087 557 1127 publice
572 1098 650 1127 saepe
666 1093 822 1125 venerunt,
839 1093 874 1117 ut
889 1098 1012 1117 suarum
1028 1087 1090 1118 for·
1154 1107 1156 1118 .

196 1136 340 1160 tunarum
369 1130 509 1160 omnium
530 1141 651 1160 causam
675 1129 939 1171 defensionemque
958 1130 1089 1171 suscipe-

195 1184 281 1204 rem:
306 1184 355 1203 me
371 1184 449 1214 saepe
464 1184 526 1203 esse
540 1173 722 1214 pollicitum,
747 1184 825 1214 saepe
845 1173 1018 1210 ostendisse,
1042 1173 1089 1203 di-

196 1218 315 1254 cebant,
339 1216 364 1246 si
379 1216 462 1257 quod
477 1222 598 1256 tempus
619 1216 783 1253 accidisset,
801 1227 862 1257 quo
878 1222 1012 1257 tempore
1033 1217 1089 1246 ali-

196 1260 271 1300 quid
287 1270 305 1289 a
320 1270 370 1289 me
390 1259 587 1300 requirerent,
605 1259 771 1289 commodis
782 1269 885 1289 eorum
901 1269 951 1289 me
963 1269 1023 1289 non
1036 1259 1088 1289 de-

194 1302 345 1333 futurum.
369 1302 496 1333 Venisse
516 1308 636 1342 tempus
655 1302 786 1339 aiebant,
802 1312 862 1332 non
876 1303 942 1341 jam
955 1308 989 1332 ut
1005 1312 1087 1332 com-

194 1346 287 1375 moda
302 1356 367 1383 sua,
385 1345 437 1375 sed
448 1351 483 1375 ut
495 1346 589 1375 vitam
605 1345 795 1385 salutemque
807 1345 898 1375 totius
914 1345 1086 1386 provinciae,

195 1388 407 1418 defenderem:
433 1399 494 1418 sese
510 1389 575 1428 jam
591 1398 629 1418 ne
650 1388 731 1418 Deos
743 1388 866 1429 quidem
882 1389 913 1418 in
927 1388 987 1418 suis
1003 1389 1087 1419 urbi-

192 1432 261 1469 bus,
278 1431 316 1461 ad
332 1442 407 1471 quos
422 1431 629 1471 confugerent,
654 1431 785 1467 habere3
811 1431 893 1471 quod
918 1441 1023 1461 eorum
1044 1432 1084 1462 si-

192 1474 329 1504 mulacra
348 1474 535 1504 sanctissima
551 1474 586 1504 C.
604 1474 713 1504 Verres
725 1480 762 1504 ex
777 1474 911 1504 delubris
922 1475 1083 1514 religiosis-

193 1517 276 1548 simis
293 1517 470 1547 sustulisset.
503 1517 590 1555 Quas
605 1527 650 1547 res
665 1517 802 1547 luxuries
818 1517 849 1546 in
865 1517 998 1557 flagitiis,
1015 1528 1084 1547 cru-

190 1560 297 1590 delitas
320 1559 350 1589 in
366 1559 533 1600 suppliciis,
553 1560 678 1590 avaritia
693 1560 724 1589 in
741 1560 863 1601 rapinis,
888 1560 1028 1600 superbia
1051 1561 1083 1590 in

190 1602 391 1640 contumeliis,
405 1603 520 1633 efficere
537 1603 694 1643 potuisset,
706 1613 754 1633 eas
763 1614 800 1633 01
795 1613 867 1632 ones
877 1614 939 1633 sese
950 1603 1008 1633 hoc
1022 1613 1085 1634 uno

187 1650 314 1689 praetore
334 1656 387 1686 per
410 1646 574 1676 triennium
597 1646 781 1686 pertulisse:
807 1656 913 1686 ro‹rare
936 1652 965 1676 et
986 1656 1082 1683 orare,
1148 1683 1149 1687 Ἰ

187 1701 226 1721 ne
243 1688 311 1719 illos
331 1689 481 1729 supplices
504 1688 709 1729 aclspernitrer,
742 1699 828 1729 quos,
851 1699 901 1719 me
922 1688 1082 1729 incolumi,
1148 1697 1149 1712 ¹

185 1732 304 1764 nemini
320 1732 469 1772 supplices
486 1742 547 1762 esse
563 1737 721 1772 oporteret
1148 1731 1149 1735 ’

226 1775 274 1805 11.
297 1774 373 1804 Tuli
394 1774 525 1815 graviter
545 1780 575 1805 et
596 1775 712 1811 acerbe,
731 1774 885 1814 judices,
876 1784 908 1804 m
930 1784 1001 1805 eum
1022 1784 1075 1807 me

195 1828 286 1851 ocum
300 1817 478 1856 adductum,
503 1823 537 1848 ut
552 1824 605 1849 aut
625 1827 675 1849 eos
696 1817 835 1850 homines
855 1828 922 1860 spes
943 1817 1073 1858 falleret,
