1181 1902
272 44 325 76 IN
348 44 545 77 VERREM
570 45 612 76 V.
637 45 722 76 CAP.
740 46 792 75 28.
922 46 984 76 413

92 130 149 161 iste
172 137 202 162 et
223 131 360 163 audierat
387 132 488 163 multa
507 142 611 163 secum
635 132 781 173 praeclara
809 131 932 169 habere,
958 138 988 162 et

93 173 313 215 suspicabatur.
345 175 448 205 Mittit
477 175 595 205 homini
624 185 754 205 munera
782 174 854 205 satis
882 174 986 223 large:

92 216 158 247 haec
181 217 221 247 ad
240 228 331 247 usum
353 218 577 249 domesticum.
602 218 677 255 vini,
694 218 763 255 olei,
781 217 865 258 quod
887 217 986 248 visum

92 265 176 296 erat;
202 259 293 290 etiam
309 261 411 297 tritici,
428 261 510 302 quod
524 261 595 292 satis
607 266 694 298 esset,
711 261 748 291 de
763 260 824 291 suis
840 260 985 291 decumis.

92 301 214 333 Deinde
236 303 338 344 ipsum
364 314 466 344 regem
492 304 530 334 ad
560 314 675 334 coenam
696 303 822 334 vocavit.
846 303 987 333 Exornat

93 346 196 386 ample
210 346 432 387 magnificeque
447 347 636 377 triclinium:
662 347 787 387 exponit
802 357 847 383 ea,
873 346 986 387 quibus

91 389 279 425 abundabat,
301 390 436 430 plurima
459 400 493 420 ac
517 390 722 431 pulcherrima
746 400 817 420 vasa
844 395 987 430 argentea

92 434 241 473 (namque
256 432 320 463 haec
335 443 425 463 aurea
439 433 576 463 nondum
589 433 731 469 feceram:
749 433 891 463 omnibus
900 439 986 462 curat

93 476 183 505 rebus
198 475 380 506 instructum
393 482 422 506 et
435 482 576 517 paratum
589 482 624 506 ut
638 475 676 505 sit
690 475 873 505 convivium.
898 475 986 512 Quid

94 519 194 548 multa
206 520 220 549 ἓ
244 519 313 549 Rex
329 519 371 549 ita
386 519 530 556 discessit,
552 525 587 549 ut
603 525 632 549 et
652 519 746 548 istum
762 519 880 559 copiose
895 528 984 548 orna-

94 566 173 599 tum,
190 567 219 591 et
234 572 265 592 se
282 562 446 593 honorifice
461 568 630 603 acceptum,
654 562 859 592 arbitraretur.
884 561 984 591 Vocat

93 603 133 634 ad
156 613 271 634 coenam
287 604 396 635 deinde
414 606 477 646 ipse
499 611 678 646 praetorem:
704 604 829 645 exponit
844 614 913 634 suas
934 614 984 634 co-

91 646 157 687 pias
181 656 297 685 omnes,
322 648 456 678 multum
483 655 656 689 argentum,
683 657 744 677 non
768 658 866 688 pauca
892 647 984 677 etiam

90 690 202 730 pocula
217 700 254 720 ex
274 701 360 728 auro,
377 702 458 732 quae,
475 698 509 721 ut
527 702 593 721 mos
609 698 653 722 est
667 691 780 731 regius,
803 696 832 720 et
845 690 983 720 maxime

89 732 122 763 in
149 733 249 774 Syria,
276 735 407 774 gemmis
430 740 515 765 erant
536 734 677 765 distincta
700 733 880 764 clarissimis.
905 733 983 763 Erat

89 775 180 806 etiam
196 787 248 807 vas
263 777 426 815 vinarium,
443 788 481 809 ex
496 777 559 808 una
573 776 697 818 gemma
712 776 874 817 pergrandi
889 776 982 807 trulla

89 826 244 858 excavata,
274 821 437 851 manubrio
466 831 581 857 aureo;
611 821 648 851 de
674 820 737 861 qua
767 819 881 857 (credo)
908 819 980 850 satis

88 861 244 901 idoneum,
261 863 332 894 satis
347 874 470 904 gravem
489 870 607 902 testem,
625 864 666 902 Q.
684 863 863 893 Minucium
880 863 978 893 dicere

86 905 224 936 audistis.
249 907 311 937 Iste
331 907 574 948 unumquodque
594 917 646 937 vas
666 906 698 936 in
718 916 829 936 manus
847 916 978 944 sumere,

86 948 222 987 laudare,
244 949 357 980 mirari.
382 950 452 980 Rex
472 950 614 991 gaudere,
638 949 760 991 praetori
785 949 892 990 populi
912 949 978 979 Ro-

85 992 171 1021 mani
185 993 257 1023 satis
265 993 439 1032 jucundum
452 999 481 1024 et
495 999 617 1033 gratum
628 992 706 1024 illud
721 1003 783 1023 esse
793 991 977 1022 convivium.

85 1034 291 1076 Posteaquam
314 1036 385 1067 inde
405 1037 569 1067 discessum
590 1042 645 1075 est,
671 1035 801 1076 cogitare
821 1035 877 1065 iste
899 1035 977 1065 nihil

83 1077 169 1108 aliud
180 1079 275 1120 (quod
285 1079 350 1120 ipsa
359 1090 406 1111 res
421 1079 609 1118 declaravit),
626 1079 695 1115 nisi,
712 1078 975 1120 quemadmodum

83 1131 187 1161 regem
208 1132 245 1152 ex
260 1123 416 1163 provincia
436 1123 599 1164 spoliatum
618 1122 851 1163 expilatumque
871 1121 977 1151 dimit-

85 1169 168 1194 teret.
201 1164 303 1196 Mittit
325 1172 465 1206 rogatum
499 1177 569 1196 vasa
598 1176 644 1204 ea,
672 1176 741 1206 quae
769 1164 975 1206 pulcherrima

84 1207 167 1247 apud
185 1207 275 1239 illum
290 1208 424 1240 viderat:
449 1210 491 1240 ait
506 1220 537 1239 se
552 1209 613 1240 suis
628 1207 817 1240 caelatoribus
835 1207 912 1238 velle
926 1217 975 1238 os-

82 1250 213 1281 tendere.
237 1253 319 1290 Rex,
336 1252 389 1293 qui
403 1252 498 1283 istum
513 1262 575 1283 non
586 1254 698 1289 n6sset,
716 1251 779 1282 sine
794 1250 859 1280 ulla
874 1250 974 1291 suspi-

81 1293 168 1323 cione
181 1294 379 1326 libentissime
398 1295 492 1326 dedit.
516 1295 618 1326 Mittit
633 1295 725 1326 etiam
746 1294 871 1324 trullam
886 1303 973 1334 gem-

80 1345 183 1367 meam
206 1344 370 1379 rogatum:
394 1339 471 1369 velle
495 1349 525 1369 se
547 1349 614 1369 eam
638 1337 814 1379 diligentius
838 1336 973 1368 conside-

79 1389 155 1410 rare.
179 1380 228 1411 Ea
242 1392 365 1422 quoque
380 1382 407 1412 ei
421 1381 562 1412 mittitur.

122 1422 290 1455 XXVIII.
314 1425 409 1455 Nunc
427 1425 592 1466 reliquum,
611 1424 741 1465 judices,
759 1423 915 1461 attendite,
932 1422 971 1453 de

78 1476 140 1506 quo
156 1472 185 1496 et
200 1477 252 1498 vos
271 1468 410 1506 audistis,
428 1474 457 1498 et
477 1468 610 1509 populus
630 1468 793 1499 Romanus
810 1476 871 1497 non
886 1475 970 1496 nunc

76 1508 213 1549 primum
235 1510 358 1547 audiet;
382 1517 412 1541 et
434 1511 466 1541 in
487 1511 597 1542 exteris
617 1510 791 1541 nationibus
810 1519 909 1550 usque
929 1509 969 1538 ad

75 1551 200 1583 ultimas
214 1559 308 1584 terras
323 1560 521 1595 pervagatum
538 1560 591 1585 est.
616 1553 842 1585 Candelabrum
855 1563 870 1582 e
882 1562 969 1593 gem-

74 1595 134 1625 mis
154 1595 337 1635 clarissimis,
357 1608 447 1638 opere
466 1598 600 1628 mirabili
619 1597 800 1646 perfectum,
817 1606 902 1636 reges
922 1595 966 1633 hi,

74 1648 152 1678 quos
166 1638 245 1679 dico,
267 1640 402 1671 Romam
423 1651 494 1671 cum
509 1641 691 1678 attulissent,
708 1645 743 1670 ut
761 1639 794 1669 in
815 1638 968 1680 Capitolio

74 1687 240 1721 ponerent·
230 1705 240 1720 ‚
263 1683 346 1725 quod
365 1684 504 1715 nondum
520 1684 613 1715 etiam
627 1683 798 1725 perfectum
813 1682 966 1722 templum

72 1724 271 1764 offenderant,
297 1736 396 1769 neque
418 1737 530 1769 ponere
550 1731 727 1800 potuer2unt,
729 1736 848 1798 3neque
872 1724 966 1765 vulgo

688 1778 712 1800 N
