1181 1902
0 0 1181 79 ——r

188 151 230 181 48
276 151 366 183 PRO
390 151 556 184 ROSCIO
578 151 811 184 AMERINO.
837 151 920 183 CAP.
940 151 988 182 13.

183 235 280 274 aiunt,
291 237 447 269 hominem
459 241 506 273 (ut
519 244 581 269 erat
592 239 736 275 furiosus)
747 237 945 279 respondisse,
960 239 982 254 “
992 235 1075 277 quod

185 289 245 309 non
263 286 359 310 totum
377 283 471 312 telum
487 292 608 322 corpore
624 282 812 322 recepisset.''
851 280 923 317 Quo
944 280 1076 320 populus

188 322 347 353 Romanus
374 325 449 354 nihil
480 325 555 355 vidit
580 325 745 364 indignius,
771 324 829 354 nisi
854 323 988 361 ejusdem
1019 322 1076 352 viri

186 372 327 403 mortem,
354 378 422 408 quae
447 373 565 397 tantum
588 368 698 408 potuit,
723 374 757 397 ut
779 376 883 396 omnes
906 366 984 395 cives
1007 375 1076 394 suos

185 408 347 447 perdiderit
365 417 393 440 et
416 410 574 441 afflixerit:
600 421 675 451 quos
691 410 763 451 quia
786 419 901 439 servare
920 418 973 448 per
994 417 1077 437 com-

186 451 364 491 positionem
382 454 510 490 volebat,
527 453 589 494 ipse
605 455 642 483 ab
658 454 693 482 iis
709 453 886 482 interemtus
902 457 953 480 est.

228 493 323 524 Estne
333 496 389 525 hoc
399 496 442 525 illi
458 497 536 526 dicto
552 502 643 536 atque
655 496 733 525 facto
750 495 894 524 Fimbriae
904 504 964 523 non
980 493 1076 523 simil-

185 535 319 567 limum?
335 539 493 569 Accusatis
506 541 575 569 Sex.
592 539 746 569 Roscium.
765 537 849 575 Quid
862 537 928 566 ita?
946 536 1029 574 Quia
1039 535 1077 566 de

186 580 327 610 manibus
348 582 450 611 vestris
473 582 598 622 effugit:
624 582 696 622 quia
719 592 748 610 se
771 580 864 610 occidi
889 590 993 619 passus
1016 588 1077 608 non

186 627 239 651 est.
266 623 359 659 Illud,
377 625 448 665 quia
460 625 491 654 in
511 625 644 654 Scaevolit
662 624 777 653 factum
794 629 848 660 est,
866 622 963 662 magis
978 621 1078 661 indig-

186 674 261 694 num
278 666 415 696 videtur:
442 668 508 703 hoc,
532 668 603 707 quia
624 667 658 697 fit
679 678 696 696 a
716 667 923 706 Chrysogono,
943 674 1019 694 num
1035 669 1079 693 est

188 707 373 740 ferendum?
398 710 481 740 Nam
510 712 576 750 (per
598 710 679 739 Deos
698 709 884 738 immortales
897 708 920 744 Σ)
946 707 1020 747 quid
1035 712 1080 736 est

187 750 218 779 in
235 751 291 781 hac
313 753 413 790 causo,
437 753 519 793 quod
538 753 717 782 defensionis
737 752 895 791 indigeat?
923 750 977 790 qui
997 750 1081 779 locus

186 793 343 833 ingenium
360 796 478 835 patroni
495 796 630 835 requirit,
648 802 701 825 aut
713 795 853 824 orationis
873 792 1078 833 eloquentiam

186 846 368 877 magnopere
389 839 558 868 desiderat?
590 839 703 868 Totam
723 847 855 874 causam,
875 836 1003 875 judices,
1026 845 1079 865 ex-

185 879 344 919 plicemus,
358 887 449 922 atque
460 888 529 911 ante
544 881 645 911 oculos
662 880 828 921 expositam
845 879 1077 909 consideremus.

187 923 236 952 Ita
251 923 404 959 facillime,
429 935 497 964 quae
518 935 563 954 res
579 930 677 954 totum
697 923 847 962 judicium
863 921 1024 958 contineat,
1049 926 1079 950 et

186 965 298 1005 quibus
319 966 356 996 de
371 968 459 997 rebus
475 977 528 996 nos
544 967 641 997 dicere
656 971 802 1007 oporteat,
819 972 848 995 et
871 964 945 1006 quid
961 974 1012 994 vos
1033 973 1078 993 se-

187 1008 241 1048 qui
258 1009 424 1047 conveniat,
442 1010 624 1050 intelligetis.

231 1051 330 1081 XIII.
356 1052 433 1082 Tres
460 1059 530 1082 sunt
556 1063 612 1088 res,
641 1054 805 1093 (quantum
832 1061 887 1091 ego
907 1049 1079 1080 existimare

187 1100 325 1134 possum)
338 1106 407 1135 quae
429 1097 548 1125 obstent
559 1096 615 1125 hoe
631 1101 765 1135 tempore
781 1097 850 1124 sex.
869 1093 997 1123 Roscio:
1024 1092 1080 1122 cri-

189 1147 260 1166 men
277 1137 527 1174 adversariorum,
544 1144 574 1168 et
589 1138 724 1173 audacia,
742 1143 771 1167 et
786 1136 929 1177 potentia.
968 1135 1080 1165 Crimi-

188 1180 234 1209 nis
258 1181 466 1211 confictionem
489 1188 642 1211 accusator
660 1180 791 1210 Erucius
813 1179 961 1219 suscepit:
986 1177 1078 1207 auda-

187 1223 241 1252 ciae
252 1229 350 1263 partes
368 1224 469 1253 Roscii
482 1224 537 1253 sibi
550 1229 749 1264 poposcerunt
762 1234 768 1252 :
793 1223 1009 1262 Chrysogonus
1025 1231 1080 1250 au-

189 1271 263 1303 tem,
281 1266 305 1296 is
321 1267 373 1307 qui
396 1267 565 1307 plurimum
584 1272 692 1306 potest,
716 1265 850 1306 potentia
869 1270 996 1305 pugnat.
1032 1263 1081 1293 De

188 1308 269 1338 hisce
299 1309 440 1339 omnibus
466 1311 555 1339 rebus
578 1319 628 1338 rne
653 1309 749 1338 dicere
775 1314 910 1348 oportere
933 1306 1079 1346 intelligo.

189 1351 275 1388 Quid
302 1352 394 1392 igitur
419 1354 489 1382 est?
523 1362 583 1381 non
608 1351 713 1381 eodem
740 1351 831 1381 modo
855 1350 892 1380 de
915 1349 1077 1384 omnibus,

188 1393 255 1423 ideo
268 1395 349 1435 quod
366 1395 464 1435 prima
479 1395 532 1424 illa
544 1405 590 1424 res
609 1394 647 1424 ad
665 1405 769 1424 meum
782 1393 915 1423 officium
930 1392 1080 1432 pertinet;
1154 1402 1156 1446 ¹

187 1436 263 1467 duas
278 1443 380 1467 autem
397 1438 527 1478 reliquas
543 1437 626 1467 vobis
649 1437 780 1477 populus
803 1437 962 1466 Romanus
982 1434 1082 1475 impo-

188 1480 257 1510 suit.
282 1480 351 1520 Ego
372 1481 495 1517 crimen,
517 1486 645 1521 oportet,
662 1480 798 1509 diluam:
824 1489 875 1509 vos
898 1484 927 1508 et
948 1477 1082 1507 audaciae
1155 1475 1156 1511 l

189 1523 334 1560 resistere,
363 1530 392 1553 et
418 1523 577 1553 hominum
603 1523 752 1562 ejusmodi
772 1521 969 1562 perniciosam
991 1526 1082 1561 atque
1155 1526 1157 1559 ξ

188 1565 409 1596 intolerandam
428 1567 595 1606 potentiam
612 1566 710 1606 primo
732 1576 853 1606 quoque
875 1570 1009 1604 tempore
1030 1573 1082 1592 ex·
1155 1586 1157 1620 l

188 1608 340 1648 stinguere
351 1615 441 1649 atque
457 1610 627 1650 opprimere
643 1609 766 1639 debetis.

233 1651 386 1681 Occidisse
396 1658 512 1692 patrem
524 1654 592 1682 Sex.
606 1652 734 1682 Roscius
747 1651 893 1691 arguitur.
916 1649 1083 1680 Scelestum

191 1693 260 1727 (Dii
284 1694 471 1724 immortales
484 1696 507 1731 !)
536 1706 569 1725 ac
586 1695 736 1725 nefarium
752 1694 880 1729 facinus,
897 1698 987 1732 atque
1004 1692 1084 1730 ejus-

189 1737 285 1773 modi,
317 1748 378 1778 quo
405 1747 466 1767 uno
492 1738 640 1768 maleficio
665 1738 775 1767 scelera
800 1736 902 1766 omnia
926 1735 1085 1775 complexa

187 1789 249 1810 esse
265 1779 432 1810 videantur.
457 1780 581 1810 Etenim
607 1780 630 1810 si
655 1780 710 1817 (id,
735 1779 817 1820 quod
835 1778 977 1819 praeclare
998 1787 1017 1807 a
1039 1787 1086 1806 sa-

189 1822 343 1862 pientibus
358 1823 481 1863 dicitur)
500 1824 588 1855 vultu
615 1834 693 1865 saepe
717 1823 838 1856 laeditur
863 1821 979 1864 pietatm
1004 1817 1087 1861 quod
