<?xml version="1.0" encoding="UTF-8"?>
<!DOCTYPE html PUBLIC "-//W3C//DTD XHTML 1.0 Transitional//EN"
    "http://www.w3.org/TR/xhtml1/DTD/xhtml1-transitional.dtd">
<html xmlns="http://www.w3.org/1999/xhtml" xml:lang="en" lang="en">
 <head>
  <title>
</title>
<meta http-equiv="Content-Type" content="text/html;charset=utf-8" />
  <meta name='ocr-system' content='tesseract 3.04.00' />
  <meta name='ocr-capabilities' content='ocr_page ocr_carea ocr_par ocr_line ocrx_word'/>
</head>
<body>
  <div class='ocr_page' id='page_1' title='image "./operaern05ciceuoft_0136.png"; bbox 0 0 1181 1902; ppageno 0'>
   <div class='ocr_carea' id='block_1_1' title="bbox 454 0 1181 113">
    <p class='ocr_par' dir='ltr' id='par_1_1' title="bbox 454 0 1181 113">
     <span class='ocr_line' id='line_1_1' title="bbox 454 0 1181 113; baseline 0 1789"><span class='ocrx_word' id='word_1_1' title='bbox 454 0 1181 113; x_wconf 95' lang='lat' dir='ltr'><strong> </strong></span> 
     </span>
    </p>
   </div>
   <div class='ocr_carea' id='block_1_2' title="bbox 198 125 975 158">
    <p class='ocr_par' dir='ltr' id='par_1_2' title="bbox 198 125 975 158">
     <span class='ocr_line' id='line_1_2' title="bbox 198 125 975 158; baseline 0 -2"><span class='ocrx_word' id='word_1_2' title='bbox 198 125 258 157; x_wconf 76' lang='lat'><strong>124</strong></span> <span class='ocrx_word' id='word_1_3' title='bbox 312 126 364 157; x_wconf 87' lang='lat' dir='ltr'><strong>IN</strong></span> <span class='ocrx_word' id='word_1_4' title='bbox 387 125 628 158; x_wconf 85' lang='lat' dir='ltr'>CAECILIUM</span> <span class='ocrx_word' id='word_1_5' title='bbox 651 126 799 158; x_wconf 90' lang='lat' dir='ltr'><strong>DIVIN.</strong></span> <span class='ocrx_word' id='word_1_6' title='bbox 823 126 907 158; x_wconf 78' lang='lat' dir='ltr'>CAP.</span> <span class='ocrx_word' id='word_1_7' title='bbox 926 126 975 157; x_wconf 77' lang='lat' dir='ltr'><strong>m.</strong></span> 
     </span>
    </p>
   </div>
   <div class='ocr_carea' id='block_1_3' title="bbox 193 211 1092 1844">
    <p class='ocr_par' dir='ltr' id='par_1_3' title="bbox 193 211 1089 805">
     <span class='ocr_line' id='line_1_3' title="bbox 193 211 1088 254; baseline -0.001 -12"><span class='ocrx_word' id='word_1_8' title='bbox 193 221 231 242; x_wconf 84' lang='lat' dir='ltr'><strong>ex</strong></span> <span class='ocrx_word' id='word_1_9' title='bbox 246 211 282 243; x_wconf 61' lang='lat' dir='ltr'><strong>ea</strong></span> <span class='ocrx_word' id='word_1_10' title='bbox 303 211 457 249; x_wconf 71' lang='lat' dir='ltr'>facultate,</span> <span class='ocrx_word' id='word_1_11' title='bbox 478 213 502 243; x_wconf 88' lang='lat' dir='ltr'><strong>si</strong></span> <span class='ocrx_word' id='word_1_12' title='bbox 522 223 617 254; x_wconf 87' lang='lat' dir='ltr'><strong>quam</strong></span> <span class='ocrx_word' id='word_1_13' title='bbox 637 213 740 251; x_wconf 82' lang='lat' dir='ltr'><strong>habet,</strong></span> <span class='ocrx_word' id='word_1_14' title='bbox 760 213 952 254; x_wconf 82' lang='lat' dir='ltr'><strong>aliquantum</strong></span> <span class='ocrx_word' id='word_1_15' title='bbox 971 212 1088 242; x_wconf 52' lang='lat' dir='ltr'><strong>detraes</strong></span> 
     </span>
     <span class='ocr_line' id='line_1_4' title="bbox 194 255 1087 296; baseline -0.001 -11"><span class='ocrx_word' id='word_1_16' title='bbox 194 260 281 285; x_wconf 82' lang='lat' dir='ltr'><strong>turus</strong></span> <span class='ocrx_word' id='word_1_17' title='bbox 302 255 360 291; x_wconf 83' lang='lat' dir='ltr'><strong>sit;</strong></span> <span class='ocrx_word' id='word_1_18' title='bbox 384 262 414 286; x_wconf 85' lang='lat' dir='ltr'><strong>et</strong></span> <span class='ocrx_word' id='word_1_19' title='bbox 433 256 573 287; x_wconf 85' lang='lat' dir='ltr'><strong>Caecilius</strong></span> <span class='ocrx_word' id='word_1_20' title='bbox 594 263 660 287; x_wconf 89' lang='lat' dir='ltr'><strong>tum</strong></span> <span class='ocrx_word' id='word_1_21' title='bbox 681 256 811 296; x_wconf 84' lang='lat' dir='ltr'><strong>denique</strong></span> <span class='ocrx_word' id='word_1_22' title='bbox 827 266 857 286; x_wconf 90' lang='lat' dir='ltr'><strong>se</strong></span> <span class='ocrx_word' id='word_1_23' title='bbox 872 255 987 296; x_wconf 85' lang='lat' dir='ltr'><strong>aliquid</strong></span> <span class='ocrx_word' id='word_1_24' title='bbox 1002 255 1087 285; x_wconf 80' lang='lat' dir='ltr'><strong>futu-</strong></span> 
     </span>
     <span class='ocr_line' id='line_1_5' title="bbox 195 298 1088 339; baseline -0.002 -11"><span class='ocrx_word' id='word_1_25' title='bbox 195 308 265 328; x_wconf 89' lang='lat' dir='ltr'><strong>rum</strong></span> <span class='ocrx_word' id='word_1_26' title='bbox 285 304 382 339; x_wconf 79' lang='lat' dir='ltr'><strong>putet,</strong></span> <span class='ocrx_word' id='word_1_27' title='bbox 408 298 432 328; x_wconf 83' lang='lat' dir='ltr'><strong>si</strong></span> <span class='ocrx_word' id='word_1_28' title='bbox 455 299 597 330; x_wconf 87' lang='lat' dir='ltr'><strong>Allienus</strong></span> <span class='ocrx_word' id='word_1_29' title='bbox 621 300 723 330; x_wconf 90' lang='lat' dir='ltr'><strong>minus</strong></span> <span class='ocrx_word' id='word_1_30' title='bbox 747 300 908 329; x_wconf 87' lang='lat' dir='ltr'><strong>vehemens</strong></span> <span class='ocrx_word' id='word_1_31' title='bbox 931 298 1034 336; x_wconf 80' lang='lat' dir='ltr'><strong>fuerit,</strong></span> <span class='ocrx_word' id='word_1_32' title='bbox 1056 302 1088 327; x_wconf 90' lang='lat' dir='ltr'><strong>et</strong></span> 
     </span>
     <span class='ocr_line' id='line_1_6' title="bbox 195 341 1086 383; baseline 0 -13"><span class='ocrx_word' id='word_1_33' title='bbox 195 341 253 371; x_wconf 82' lang='lat' dir='ltr'><strong>sibi</strong></span> <span class='ocrx_word' id='word_1_34' title='bbox 273 342 386 381; x_wconf 84' lang='lat' dir='ltr'><strong>primas</strong></span> <span class='ocrx_word' id='word_1_35' title='bbox 400 342 432 371; x_wconf 90' lang='lat' dir='ltr'><strong>in</strong></span> <span class='ocrx_word' id='word_1_36' title='bbox 448 342 573 373; x_wconf 88' lang='lat' dir='ltr'><strong>dicendo</strong></span> <span class='ocrx_word' id='word_1_37' title='bbox 588 349 687 383; x_wconf 82' lang='lat' dir='ltr'><strong>partes</strong></span> <span class='ocrx_word' id='word_1_38' title='bbox 708 342 891 372; x_wconf 74' lang='lat' dir='ltr'>concesserit.</span> <span class='ocrx_word' id='word_1_39' title='bbox 929 341 1086 378; x_wconf 86' lang='lat' dir='ltr'><strong>Quartum</strong></span> 
     </span>
     <span class='ocr_line' id='line_1_7' title="bbox 196 384 1087 425; baseline 0 -12"><span class='ocrx_word' id='word_1_40' title='bbox 196 394 288 424; x_wconf 88' lang='lat' dir='ltr'><strong>quem</strong></span> <span class='ocrx_word' id='word_1_41' title='bbox 311 385 348 414; x_wconf 91' lang='lat' dir='ltr'><strong>sit</strong></span> <span class='ocrx_word' id='word_1_42' title='bbox 367 384 537 423; x_wconf 80' lang='lat' dir='ltr'><strong>habiturus,</strong></span> <span class='ocrx_word' id='word_1_43' title='bbox 558 396 619 416; x_wconf 90' lang='lat' dir='ltr'><strong>non</strong></span> <span class='ocrx_word' id='word_1_44' title='bbox 640 386 737 423; x_wconf 83' lang='lat' dir='ltr'><strong>video,</strong></span> <span class='ocrx_word' id='word_1_45' title='bbox 759 385 816 415; x_wconf 86' lang='lat' dir='ltr'><strong>nisi</strong></span> <span class='ocrx_word' id='word_1_46' title='bbox 837 395 929 425; x_wconf 89' lang='lat' dir='ltr'><strong>quem</strong></span> <span class='ocrx_word' id='word_1_47' title='bbox 949 384 1024 414; x_wconf 89' lang='lat' dir='ltr'><strong>forte</strong></span> <span class='ocrx_word' id='word_1_48' title='bbox 1049 393 1087 414; x_wconf 83' lang='lat' dir='ltr'><strong>ex</strong></span> 
     </span>
     <span class='ocr_line' id='line_1_8' title="bbox 195 427 1089 469; baseline -0.001 -12"><span class='ocrx_word' id='word_1_49' title='bbox 195 427 249 457; x_wconf 86' lang='lat' dir='ltr'><strong>illo</strong></span> <span class='ocrx_word' id='word_1_50' title='bbox 263 438 353 468; x_wconf 82' lang='lat' dir='ltr'><strong>grege</strong></span> <span class='ocrx_word' id='word_1_51' title='bbox 369 435 565 466; x_wconf 84' lang='lat' dir='ltr'><strong>moratorum,</strong></span> <span class='ocrx_word' id='word_1_52' title='bbox 582 429 636 469; x_wconf 91' lang='lat' dir='ltr'><strong>qui</strong></span> <span class='ocrx_word' id='word_1_53' title='bbox 651 428 899 469; x_wconf 81' lang='lat' dir='ltr'>subscriptionem</span> <span class='ocrx_word' id='word_1_54' title='bbox 912 427 969 457; x_wconf 88' lang='lat' dir='ltr'><strong>sibi</strong></span> <span class='ocrx_word' id='word_1_55' title='bbox 983 432 1089 467; x_wconf 90' lang='lat' dir='ltr'><strong>postu-</strong></span> 
     </span>
     <span class='ocr_line' id='line_1_9' title="bbox 195 469 1089 512; baseline -0.002 -12"><span class='ocrx_word' id='word_1_56' title='bbox 195 470 310 507; x_wconf 66' lang='lat' dir='ltr'><strong>larunt,</strong></span> <span class='ocrx_word' id='word_1_57' title='bbox 324 471 503 512; x_wconf 87' lang='lat' dir='ltr'><strong>cuicumque</strong></span> <span class='ocrx_word' id='word_1_58' title='bbox 516 482 566 502; x_wconf 85' lang='lat' dir='ltr'><strong>vos</strong></span> <span class='ocrx_word' id='word_1_59' title='bbox 578 472 759 502; x_wconf 83' lang='lat' dir='ltr'>delationem</span> <span class='ocrx_word' id='word_1_60' title='bbox 771 470 932 501; x_wconf 77' lang='lat' dir='ltr'><strong>dedissetis.</strong></span> <span class='ocrx_word' id='word_1_61' title='bbox 956 470 1008 500; x_wconf 82' lang='lat' dir='ltr'><strong>Ex</strong></span> <span class='ocrx_word' id='word_1_62' title='bbox 1020 469 1089 510; x_wconf 90' lang='lat' dir='ltr'><strong>qui-</strong></span> 
     </span>
     <span class='ocr_line' id='line_1_10' title="bbox 198 513 1088 555; baseline -0.001 -12"><span class='ocrx_word' id='word_1_63' title='bbox 198 515 266 550; x_wconf 79' lang='lat' dir='ltr'><strong>bus,</strong></span> <span class='ocrx_word' id='word_1_64' title='bbox 294 514 482 544; x_wconf 77' lang='lat' dir='ltr'><strong>alienissimis</strong></span> <span class='ocrx_word' id='word_1_65' title='bbox 508 515 694 552; x_wconf 83' lang='lat' dir='ltr'><strong>hominibus,</strong></span> <span class='ocrx_word' id='word_1_66' title='bbox 721 515 764 544; x_wconf 91' lang='lat' dir='ltr'><strong>ita</strong></span> <span class='ocrx_word' id='word_1_67' title='bbox 789 520 912 555; x_wconf 86' lang='lat' dir='ltr'><strong>paratus</strong></span> <span class='ocrx_word' id='word_1_68' title='bbox 934 513 1028 551; x_wconf 78' lang='lat' dir='ltr'><strong>venis,</strong></span> <span class='ocrx_word' id='word_1_69' title='bbox 1052 518 1088 542; x_wconf 87' lang='lat' dir='ltr'><strong>ut</strong></span> 
     </span>
     <span class='ocr_line' id='line_1_11' title="bbox 196 556 1088 598; baseline -0.002 -12"><span class='ocrx_word' id='word_1_70' title='bbox 196 556 253 586; x_wconf 83' lang='lat' dir='ltr'><strong>tibi</strong></span> <span class='ocrx_word' id='word_1_71' title='bbox 268 557 374 598; x_wconf 78' lang='lat' dir='ltr'><strong>hospes</strong></span> <span class='ocrx_word' id='word_1_72' title='bbox 395 557 504 598; x_wconf 86' lang='lat' dir='ltr'><strong>aliquis</strong></span> <span class='ocrx_word' id='word_1_73' title='bbox 525 558 561 587; x_wconf 90' lang='lat' dir='ltr'><strong>sit</strong></span> <span class='ocrx_word' id='word_1_74' title='bbox 583 558 779 598; x_wconf 87' lang='lat' dir='ltr'><strong>recipiendus.</strong></span> <span class='ocrx_word' id='word_1_75' title='bbox 817 557 940 595; x_wconf 85' lang='lat' dir='ltr'><strong>Quibus</strong></span> <span class='ocrx_word' id='word_1_76' title='bbox 956 566 1011 596; x_wconf 87' lang='lat' dir='ltr'><strong>ego</strong></span> <span class='ocrx_word' id='word_1_77' title='bbox 1027 565 1088 585; x_wconf 90' lang='lat' dir='ltr'><strong>non</strong></span> 
     </span>
     <span class='ocr_line' id='line_1_12' title="bbox 196 598 1088 640; baseline -0.001 -11"><span class='ocrx_word' id='word_1_78' title='bbox 196 610 265 629; x_wconf 82' lang='lat' dir='ltr'><strong>sum</strong></span> <span class='ocrx_word' id='word_1_79' title='bbox 281 606 400 630; x_wconf 84' lang='lat' dir='ltr'><strong>tantum</strong></span> <span class='ocrx_word' id='word_1_80' title='bbox 416 600 561 630; x_wconf 85' lang='lat' dir='ltr'><strong>honorem</strong></span> <span class='ocrx_word' id='word_1_81' title='bbox 576 601 746 637; x_wconf 87' lang='lat' dir='ltr'><strong>habiturus,</strong></span> <span class='ocrx_word' id='word_1_82' title='bbox 762 606 808 637; x_wconf 79' lang='lat' dir='ltr'><strong>ut,</strong></span> <span class='ocrx_word' id='word_1_83' title='bbox 825 600 863 630; x_wconf 88' lang='lat' dir='ltr'><strong>ad</strong></span> <span class='ocrx_word' id='word_1_84' title='bbox 875 610 910 629; x_wconf 85' lang='lat' dir='ltr'><strong>ea</strong></span> <span class='ocrx_word' id='word_1_85' title='bbox 922 609 990 640; x_wconf 82' lang='lat' dir='ltr'><strong>quae</strong></span> <span class='ocrx_word' id='word_1_86' title='bbox 1003 598 1088 628; x_wconf 89' lang='lat' dir='ltr'><strong>dixe-</strong></span> 
     </span>
     <span class='ocr_line' id='line_1_13' title="bbox 197 642 1089 684; baseline -0.001 -12"><span class='ocrx_word' id='word_1_87' title='bbox 197 642 270 680; x_wconf 87' lang='lat' dir='ltr'><strong>rint,</strong></span> <span class='ocrx_word' id='word_1_88' title='bbox 294 649 373 674; x_wconf 87' lang='lat' dir='ltr'><strong>certo</strong></span> <span class='ocrx_word' id='word_1_89' title='bbox 392 644 468 680; x_wconf 87' lang='lat' dir='ltr'><strong>loco,</strong></span> <span class='ocrx_word' id='word_1_90' title='bbox 491 650 544 673; x_wconf 90' lang='lat' dir='ltr'><strong>aut</strong></span> <span class='ocrx_word' id='word_1_91' title='bbox 567 643 743 684; x_wconf 82' lang='lat' dir='ltr'><strong>singulatim</strong></span> <span class='ocrx_word' id='word_1_92' title='bbox 765 643 941 683; x_wconf 80' lang='lat' dir='ltr'><strong>unicuique⁷</strong></span> <span class='ocrx_word' id='word_1_93' title='bbox 965 651 1089 682; x_wconf 80' lang='lat' dir='ltr'><strong>respon-</strong></span> 
     </span>
     <span class='ocr_line' id='line_1_14' title="bbox 196 684 1087 727; baseline -0.002 -11"><span class='ocrx_word' id='word_1_94' title='bbox 196 685 296 716; x_wconf 84' lang='lat' dir='ltr'><strong>deam.</strong></span> <span class='ocrx_word' id='word_1_95' title='bbox 320 686 369 716; x_wconf 85' lang='lat' dir='ltr'><strong>Sic</strong></span> <span class='ocrx_word' id='word_1_96' title='bbox 383 687 522 724; x_wconf 85' lang='lat' dir='ltr'><strong>breviter,</strong></span> <span class='ocrx_word' id='word_1_97' title='bbox 536 687 682 727; x_wconf 89' lang='lat' dir='ltr'><strong>quoniam</strong></span> <span class='ocrx_word' id='word_1_98' title='bbox 696 696 757 716; x_wconf 87' lang='lat' dir='ltr'><strong>non</strong></span> <span class='ocrx_word' id='word_1_99' title='bbox 773 686 920 723; x_wconf 81' lang='lat' dir='ltr'><strong>consulto,</strong></span> <span class='ocrx_word' id='word_1_100' title='bbox 937 684 988 715; x_wconf 87' lang='lat' dir='ltr'><strong>sed</strong></span> <span class='ocrx_word' id='word_1_101' title='bbox 1004 695 1087 722; x_wconf 83' lang='lat' dir='ltr'><strong>casu,</strong></span> 
     </span>
     <span class='ocr_line' id='line_1_15' title="bbox 197 727 1088 771; baseline -0.001 -13"><span class='ocrx_word' id='word_1_102' title='bbox 197 729 229 759; x_wconf 85' lang='lat' dir='ltr'><strong>in</strong></span> <span class='ocrx_word' id='word_1_103' title='bbox 245 740 348 759; x_wconf 87' lang='lat' dir='ltr'><strong>eorum</strong></span> <span class='ocrx_word' id='word_1_104' title='bbox 370 730 555 760; x_wconf 83' lang='lat' dir='ltr'><strong>mentionem</strong></span> <span class='ocrx_word' id='word_1_105' title='bbox 576 729 678 768; x_wconf 83' lang='lat' dir='ltr'><strong>incidi,</strong></span> <span class='ocrx_word' id='word_1_106' title='bbox 701 729 788 771; x_wconf 83' lang='lat' dir='ltr'><strong>quasi</strong></span> <span class='ocrx_word' id='word_1_107' title='bbox 803 728 986 770; x_wconf 81' lang='lat' dir='ltr'><strong>praeterie11S‚</strong></span> <span class='ocrx_word' id='word_1_108' title='bbox 1003 727 1088 758; x_wconf 79' lang='lat' dir='ltr'><strong>satis-</strong></span> 
     </span>
     <span class='ocr_line' id='line_1_16' title="bbox 197 772 479 805; baseline 0 -3"><span class='ocrx_word' id='word_1_109' title='bbox 197 772 308 805; x_wconf 75' lang='lat' dir='ltr'><strong>faciam</strong></span> <span class='ocrx_word' id='word_1_110' title='bbox 324 772 479 802; x_wconf 85' lang='lat' dir='ltr'><strong>universis.</strong></span> 
     </span>
    </p>

    <p class='ocr_par' dir='ltr' id='par_1_4' title="bbox 196 814 1092 1458">
     <span class='ocr_line' id='line_1_17' title="bbox 241 814 1091 856; baseline -0.002 -11"><span class='ocrx_word' id='word_1_111' title='bbox 241 815 335 845; x_wconf 82' lang='lat' dir='ltr'><strong>XVI.</strong></span> <span class='ocrx_word' id='word_1_112' title='bbox 352 815 494 846; x_wconf 62' lang='lat' dir='ltr'><strong>Tantane</strong></span> <span class='ocrx_word' id='word_1_113' title='bbox 509 815 592 846; x_wconf 90' lang='lat' dir='ltr'><strong>vobis</strong></span> <span class='ocrx_word' id='word_1_114' title='bbox 603 815 708 856; x_wconf 63' lang='lat' dir='ltr'><strong>inopia</strong></span> <span class='ocrx_word' id='word_1_115' title='bbox 718 815 820 847; x_wconf 79' lang='lat' dir='ltr'><strong>videor</strong></span> <span class='ocrx_word' id='word_1_116' title='bbox 835 825 896 845; x_wconf 87' lang='lat' dir='ltr'><strong>esse</strong></span> <span class='ocrx_word' id='word_1_117' title='bbox 908 814 1091 852; x_wconf 83' lang='lat' dir='ltr'><strong>amicorum⁷</strong></span> 
     </span>
     <span class='ocr_line' id='line_1_18' title="bbox 198 856 1090 899; baseline -0.004 -9"><span class='ocrx_word' id='word_1_118' title='bbox 198 864 233 890; x_wconf 89' lang='lat' dir='ltr'><strong>ut</strong></span> <span class='ocrx_word' id='word_1_119' title='bbox 248 858 336 896; x_wconf 88' lang='lat' dir='ltr'><strong>mihi,</strong></span> <span class='ocrx_word' id='word_1_120' title='bbox 353 868 414 888; x_wconf 91' lang='lat' dir='ltr'><strong>non</strong></span> <span class='ocrx_word' id='word_1_121' title='bbox 429 869 467 889; x_wconf 81' lang='lat' dir='ltr'><strong>ex</strong></span> <span class='ocrx_word' id='word_1_122' title='bbox 481 859 528 889; x_wconf 87' lang='lat' dir='ltr'><strong>his</strong></span> <span class='ocrx_word' id='word_1_123' title='bbox 544 870 620 899; x_wconf 88' lang='lat' dir='ltr'><strong>quos</strong></span> <span class='ocrx_word' id='word_1_124' title='bbox 635 869 755 889; x_wconf 84' lang='lat' dir='ltr'><strong>mecum</strong></span> <span class='ocrx_word' id='word_1_125' title='bbox 777 858 968 895; x_wconf 78' lang='lat' dir='ltr'><strong>adduxerim,</strong></span> <span class='ocrx_word' id='word_1_126' title='bbox 985 856 1037 887; x_wconf 86' lang='lat' dir='ltr'><strong>sed</strong></span> <span class='ocrx_word' id='word_1_127' title='bbox 1052 856 1090 887; x_wconf 90' lang='lat' dir='ltr'><strong>de</strong></span> 
     </span>
     <span class='ocr_line' id='line_1_19' title="bbox 198 901 1090 942; baseline -0.002 -11"><span class='ocrx_word' id='word_1_128' title='bbox 198 902 324 942; x_wconf 87' lang='lat' dir='ltr'><strong>populo,</strong></span> <span class='ocrx_word' id='word_1_129' title='bbox 352 901 533 942; x_wconf 76' lang='lat' dir='ltr'><strong>subscriptor</strong></span> <span class='ocrx_word' id='word_1_130' title='bbox 559 902 712 932; x_wconf 73' lang='lat' dir='ltr'><strong>addatur?</strong></span> <span class='ocrx_word' id='word_1_131' title='bbox 747 902 844 933; x_wconf 87' lang='lat' dir='ltr'><strong>Vobis</strong></span> <span class='ocrx_word' id='word_1_132' title='bbox 874 906 975 931; x_wconf 88' lang='lat' dir='ltr'><strong>autem</strong></span> <span class='ocrx_word' id='word_1_133' title='bbox 1005 906 1090 930; x_wconf 83' lang='lat' dir='ltr'><strong>tanta</strong></span> 
     </span>
     <span class='ocr_line' id='line_1_20' title="bbox 197 944 1092 992; baseline -0.002 -18"><span class='ocrx_word' id='word_1_134' title='bbox 197 944 300 992; x_wconf 82' lang='lat' dir='ltr'><strong>inopia</strong></span> <span class='ocrx_word' id='word_1_135' title='bbox 320 954 440 974; x_wconf 89' lang='lat' dir='ltr'><strong>reorum</strong></span> <span class='ocrx_word' id='word_1_136' title='bbox 460 950 514 981; x_wconf 79' lang='lat' dir='ltr'><strong>est,</strong></span> <span class='ocrx_word' id='word_1_137' title='bbox 536 952 569 975; x_wconf 92' lang='lat' dir='ltr'><strong>ut</strong></span> <span class='ocrx_word' id='word_1_138' title='bbox 591 945 667 974; x_wconf 89' lang='lat' dir='ltr'><strong>mihi</strong></span> <span class='ocrx_word' id='word_1_139' title='bbox 686 955 807 975; x_wconf 87' lang='lat' dir='ltr'><strong>causam</strong></span> <span class='ocrx_word' id='word_1_140' title='bbox 828 944 987 985; x_wconf 82' lang='lat' dir='ltr'><strong>praeripere</strong></span> <span class='ocrx_word' id='word_1_141' title='bbox 1002 953 1092 973; x_wconf 87' lang='lat' dir='ltr'><strong>cone-</strong></span> 
     </span>
     <span class='ocr_line' id='line_1_21' title="bbox 197 985 1090 1028; baseline -0.001 -12"><span class='ocrx_word' id='word_1_142' title='bbox 197 987 275 1017; x_wconf 88' lang='lat' dir='ltr'><strong>mini</strong></span> <span class='ocrx_word' id='word_1_143' title='bbox 296 987 407 1028; x_wconf 85' lang='lat' dir='ltr'><strong>potius,</strong></span> <span class='ocrx_word' id='word_1_144' title='bbox 428 998 521 1028; x_wconf 89' lang='lat' dir='ltr'><strong>quam</strong></span> <span class='ocrx_word' id='word_1_145' title='bbox 539 989 655 1028; x_wconf 90' lang='lat' dir='ltr'><strong>aliquos</strong></span> <span class='ocrx_word' id='word_1_146' title='bbox 677 998 695 1018; x_wconf 88' lang='lat' dir='ltr'><strong>a</strong></span> <span class='ocrx_word' id='word_1_147' title='bbox 714 987 856 1018; x_wconf 82' lang='lat' dir='ltr'><strong>columna</strong></span> <span class='ocrx_word' id='word_1_148' title='bbox 878 986 985 1016; x_wconf 58' lang='lat' dir='ltr'><strong>Meni&amp;</strong></span> <span class='ocrx_word' id='word_1_149' title='bbox 1001 985 1090 1016; x_wconf 88' lang='lat' dir='ltr'><strong>vestri</strong></span> 
     </span>
     <span class='ocr_line' id='line_1_22' title="bbox 197 1029 1090 1071; baseline -0.003 -10"><span class='ocrx_word' id='word_1_150' title='bbox 197 1030 312 1061; x_wconf 81' lang='lat' dir='ltr'><strong>ordinis</strong></span> <span class='ocrx_word' id='word_1_151' title='bbox 324 1041 388 1060; x_wconf 86' lang='lat' dir='ltr'><strong>reos</strong></span> <span class='ocrx_word' id='word_1_152' title='bbox 400 1030 577 1071; x_wconf 82' lang='lat' dir='ltr'><strong>reperiatis?</strong></span> <span class='ocrx_word' id='word_1_153' title='bbox 602 1031 778 1069; x_wconf 82' lang='lat' dir='ltr'><strong>Custodem,</strong></span> <span class='ocrx_word' id='word_1_154' title='bbox 790 1030 901 1071; x_wconf 86' lang='lat' dir='ltr'><strong>inquit,</strong></span> <span class='ocrx_word' id='word_1_155' title='bbox 918 1029 1024 1059; x_wconf 82' lang='lat' dir='ltr'><strong>Tullio</strong></span> <span class='ocrx_word' id='word_1_156' title='bbox 1039 1038 1090 1059; x_wconf 88' lang='lat' dir='ltr'><strong>me</strong></span> 
     </span>
     <span class='ocr_line' id='line_1_23' title="bbox 198 1072 1088 1115; baseline -0.003 -11"><span class='ocrx_word' id='word_1_157' title='bbox 198 1073 350 1114; x_wconf 84' lang='lat' dir='ltr'><strong>apponite.</strong></span> <span class='ocrx_word' id='word_1_158' title='bbox 375 1074 461 1111; x_wconf 85' lang='lat' dir='ltr'><strong>Quid</strong></span> <span class='ocrx_word' id='word_1_159' title='bbox 471 1074 485 1102; x_wconf 69' lang='lat' dir='ltr'>P</span> <span class='ocrx_word' id='word_1_160' title='bbox 508 1074 585 1104; x_wconf 89' lang='lat' dir='ltr'><strong>mihi</strong></span> <span class='ocrx_word' id='word_1_161' title='bbox 600 1085 693 1115; x_wconf 88' lang='lat' dir='ltr'><strong>quam</strong></span> <span class='ocrx_word' id='word_1_162' title='bbox 706 1074 811 1103; x_wconf 88' lang='lat' dir='ltr'><strong>multis</strong></span> <span class='ocrx_word' id='word_1_163' title='bbox 826 1072 999 1103; x_wconf 85' lang='lat' dir='ltr'><strong>custodibus</strong></span> <span class='ocrx_word' id='word_1_164' title='bbox 1011 1082 1088 1112; x_wconf 91' lang='lat' dir='ltr'><strong>opus</strong></span> 
     </span>
     <span class='ocr_line' id='line_1_24' title="bbox 197 1115 1088 1158; baseline -0.002 -12"><span class='ocrx_word' id='word_1_165' title='bbox 197 1117 265 1154; x_wconf 86' lang='lat' dir='ltr'><strong>erit,</strong></span> <span class='ocrx_word' id='word_1_166' title='bbox 283 1116 307 1146; x_wconf 84' lang='lat' dir='ltr'><strong>si</strong></span> <span class='ocrx_word' id='word_1_167' title='bbox 323 1122 351 1147; x_wconf 90' lang='lat' dir='ltr'><strong>te</strong></span> <span class='ocrx_word' id='word_1_168' title='bbox 367 1117 459 1147; x_wconf 87' lang='lat' dir='ltr'><strong>semel</strong></span> <span class='ocrx_word' id='word_1_169' title='bbox 475 1116 513 1147; x_wconf 88' lang='lat' dir='ltr'><strong>ad</strong></span> <span class='ocrx_word' id='word_1_170' title='bbox 527 1127 610 1147; x_wconf 87' lang='lat' dir='ltr'><strong>meas</strong></span> <span class='ocrx_word' id='word_1_171' title='bbox 625 1127 728 1158; x_wconf 85' lang='lat' dir='ltr'><strong>capsas</strong></span> <span class='ocrx_word' id='word_1_172' title='bbox 743 1116 891 1147; x_wconf 86' lang='lat' dir='ltr'><strong>admisero</strong></span> <span class='ocrx_word' id='word_1_173' title='bbox 904 1115 911 1145; x_wconf 90' lang='lat'>!</span> <span class='ocrx_word' id='word_1_174' title='bbox 937 1115 1001 1156; x_wconf 74' lang='lat' dir='ltr'><strong>qui,</strong></span> <span class='ocrx_word' id='word_1_175' title='bbox 1025 1124 1088 1144; x_wconf 90' lang='lat' dir='ltr'><strong>non</strong></span> 
     </span>
     <span class='ocr_line' id='line_1_25' title="bbox 198 1158 1088 1200; baseline -0.002 -11"><span class='ocrx_word' id='word_1_176' title='bbox 198 1160 297 1190; x_wconf 87' lang='lat' dir='ltr'><strong>solum</strong></span> <span class='ocrx_word' id='word_1_177' title='bbox 318 1170 356 1190; x_wconf 93' lang='lat' dir='ltr'><strong>ne</strong></span> <span class='ocrx_word' id='word_1_178' title='bbox 377 1160 451 1200; x_wconf 89' lang='lat' dir='ltr'><strong>quid</strong></span> <span class='ocrx_word' id='word_1_179' title='bbox 467 1160 614 1198; x_wconf 81' lang='lat' dir='ltr'><strong>enunties,</strong></span> <span class='ocrx_word' id='word_1_180' title='bbox 631 1160 682 1190; x_wconf 90' lang='lat' dir='ltr'><strong>sed</strong></span> <span class='ocrx_word' id='word_1_181' title='bbox 703 1159 794 1190; x_wconf 83' lang='lat' dir='ltr'><strong>etiam</strong></span> <span class='ocrx_word' id='word_1_182' title='bbox 815 1169 853 1189; x_wconf 90' lang='lat' dir='ltr'><strong>ne</strong></span> <span class='ocrx_word' id='word_1_183' title='bbox 868 1158 943 1200; x_wconf 86' lang='lat' dir='ltr'><strong>quid</strong></span> <span class='ocrx_word' id='word_1_184' title='bbox 958 1158 1088 1196; x_wconf 81' lang='lat' dir='ltr'><strong>auferas,</strong></span> 
     </span>
     <span class='ocr_line' id='line_1_26' title="bbox 198 1201 1090 1233; baseline -0.002 -1"><span class='ocrx_word' id='word_1_185' title='bbox 198 1202 410 1233; x_wconf 90' lang='lat' dir='ltr'><strong>custodiendus</strong></span> <span class='ocrx_word' id='word_1_186' title='bbox 433 1203 482 1233; x_wconf 87' lang='lat' dir='ltr'><strong>sis.</strong></span> <span class='ocrx_word' id='word_1_187' title='bbox 517 1203 576 1233; x_wconf 78' lang='lat' dir='ltr'><strong>Sed</strong></span> <span class='ocrx_word' id='word_1_188' title='bbox 591 1203 628 1233; x_wconf 90' lang='lat' dir='ltr'><strong>de</strong></span> <span class='ocrx_word' id='word_1_189' title='bbox 644 1203 701 1233; x_wconf 91' lang='lat' dir='ltr'><strong>isto</strong></span> <span class='ocrx_word' id='word_1_190' title='bbox 721 1202 842 1233; x_wconf 80' lang='lat' dir='ltr'><strong>custode</strong></span> <span class='ocrx_word' id='word_1_191' title='bbox 863 1208 926 1231; x_wconf 88' lang='lat' dir='ltr'><strong>toto</strong></span> <span class='ocrx_word' id='word_1_192' title='bbox 948 1201 989 1231; x_wconf 84' lang='lat' dir='ltr'><strong>sie</strong></span> <span class='ocrx_word' id='word_1_193' title='bbox 1004 1201 1090 1231; x_wconf 87' lang='lat' dir='ltr'><strong>vobis</strong></span> 
     </span>
     <span class='ocr_line' id='line_1_27' title="bbox 197 1244 1090 1286; baseline -0.002 -11"><span class='ocrx_word' id='word_1_194' title='bbox 197 1245 372 1276; x_wconf 83' lang='lat' dir='ltr'><strong>brevissime</strong></span> <span class='ocrx_word' id='word_1_195' title='bbox 388 1246 592 1286; x_wconf 81' lang='lat' dir='ltr'><strong>respondebo:</strong></span> <span class='ocrx_word' id='word_1_196' title='bbox 609 1256 670 1277; x_wconf 90' lang='lat' dir='ltr'><strong>non</strong></span> <span class='ocrx_word' id='word_1_197' title='bbox 686 1256 747 1276; x_wconf 89' lang='lat' dir='ltr'><strong>esse</strong></span> <span class='ocrx_word' id='word_1_198' title='bbox 758 1245 812 1275; x_wconf 90' lang='lat' dir='ltr'><strong>hos</strong></span> <span class='ocrx_word' id='word_1_199' title='bbox 828 1245 901 1275; x_wconf 84' lang='lat' dir='ltr'><strong>tales</strong></span> <span class='ocrx_word' id='word_1_200' title='bbox 916 1244 994 1275; x_wconf 91' lang='lat' dir='ltr'><strong>viros</strong></span> <span class='ocrx_word' id='word_1_201' title='bbox 1006 1254 1090 1274; x_wconf 87' lang='lat' dir='ltr'><strong>com-</strong></span> 
     </span>
     <span class='ocr_line' id='line_1_28' title="bbox 196 1288 1087 1327; baseline -0.002 -9"><span class='ocrx_word' id='word_1_202' title='bbox 196 1288 352 1326; x_wconf 82' lang='lat' dir='ltr'><strong>missuros,</strong></span> <span class='ocrx_word' id='word_1_203' title='bbox 378 1296 412 1319; x_wconf 86' lang='lat' dir='ltr'><strong>ut</strong></span> <span class='ocrx_word' id='word_1_204' title='bbox 435 1289 474 1319; x_wconf 86' lang='lat' dir='ltr'><strong>ad</strong></span> <span class='ocrx_word' id='word_1_205' title='bbox 496 1299 618 1319; x_wconf 88' lang='lat' dir='ltr'><strong>causam</strong></span> <span class='ocrx_word' id='word_1_206' title='bbox 642 1294 769 1326; x_wconf 80' lang='lat' dir='ltr'><strong>tantam,</strong></span> <span class='ocrx_word' id='word_1_207' title='bbox 795 1299 813 1318; x_wconf 90' lang='lat' dir='ltr'><strong>a</strong></span> <span class='ocrx_word' id='word_1_208' title='bbox 832 1298 882 1318; x_wconf 89' lang='lat' dir='ltr'><strong>me</strong></span> <span class='ocrx_word' id='word_1_209' title='bbox 906 1293 1087 1327; x_wconf 79' lang='lat' dir='ltr'><strong>susceptam,</strong></span> 
     </span>
     <span class='ocr_line' id='line_1_29' title="bbox 197 1329 1088 1372; baseline -0.001 -12"><span class='ocrx_word' id='word_1_210' title='bbox 197 1331 274 1361; x_wconf 85' lang='lat' dir='ltr'><strong>mihi</strong></span> <span class='ocrx_word' id='word_1_211' title='bbox 289 1331 444 1370; x_wconf 78' lang='lat' dir='ltr'><strong>creditam,</strong></span> <span class='ocrx_word' id='word_1_212' title='bbox 462 1331 623 1372; x_wconf 88' lang='lat' dir='ltr'><strong>quisquam</strong></span> <span class='ocrx_word' id='word_1_213' title='bbox 639 1332 832 1372; x_wconf 86' lang='lat' dir='ltr'><strong>subscriptor,</strong></span> <span class='ocrx_word' id='word_1_214' title='bbox 848 1341 898 1360; x_wconf 90' lang='lat' dir='ltr'><strong>me</strong></span> <span class='ocrx_word' id='word_1_215' title='bbox 912 1330 1017 1367; x_wconf 86' lang='lat' dir='ltr'><strong>invito,</strong></span> <span class='ocrx_word' id='word_1_216' title='bbox 1034 1329 1088 1359; x_wconf 88' lang='lat' dir='ltr'><strong>ad-</strong></span> 
     </span>
     <span class='ocr_line' id='line_1_30' title="bbox 197 1372 1087 1417; baseline -0.002 -13"><span class='ocrx_word' id='word_1_217' title='bbox 197 1374 310 1414; x_wconf 84' lang='lat' dir='ltr'><strong>spirare</strong></span> <span class='ocrx_word' id='word_1_218' title='bbox 324 1375 427 1417; x_wconf 85' lang='lat' dir='ltr'><strong>possit.</strong></span> <span class='ocrx_word' id='word_1_219' title='bbox 456 1374 581 1404; x_wconf 84' lang='lat' dir='ltr'><strong>Etenim</strong></span> <span class='ocrx_word' id='word_1_220' title='bbox 596 1374 669 1404; x_wconf 89' lang='lat' dir='ltr'><strong>fides</strong></span> <span class='ocrx_word' id='word_1_221' title='bbox 685 1385 753 1404; x_wconf 90' lang='lat' dir='ltr'><strong>mea</strong></span> <span class='ocrx_word' id='word_1_222' title='bbox 767 1373 921 1404; x_wconf 86' lang='lat' dir='ltr'><strong>custodem</strong></span> <span class='ocrx_word' id='word_1_223' title='bbox 937 1372 1087 1413; x_wconf 83' lang='lat' dir='ltr'><strong>repudiat,</strong></span> 
     </span>
     <span class='ocr_line' id='line_1_31' title="bbox 197 1417 786 1458; baseline 0 -12"><span class='ocrx_word' id='word_1_224' title='bbox 197 1417 356 1457; x_wconf 83' lang='lat' dir='ltr'><strong>diligentia</strong></span> <span class='ocrx_word' id='word_1_225' title='bbox 370 1418 587 1458; x_wconf 88' lang='lat' dir='ltr'><strong>speculatorem</strong></span> <span class='ocrx_word' id='word_1_226' title='bbox 603 1417 786 1447; x_wconf 86' lang='lat' dir='ltr'><strong>reformidat.</strong></span> 
     </span>
    </p>

    <p class='ocr_par' dir='ltr' id='par_1_5' title="bbox 194 1459 1090 1844">
     <span class='ocr_line' id='line_1_32' title="bbox 242 1459 1090 1501; baseline -0.001 -12"><span class='ocrx_word' id='word_1_227' title='bbox 242 1460 371 1497; x_wconf 88' lang='lat' dir='ltr'><strong>Verum,</strong></span> <span class='ocrx_word' id='word_1_228' title='bbox 388 1467 423 1490; x_wconf 93' lang='lat' dir='ltr'><strong>ut</strong></span> <span class='ocrx_word' id='word_1_229' title='bbox 443 1460 481 1490; x_wconf 87' lang='lat' dir='ltr'><strong>ad</strong></span> <span class='ocrx_word' id='word_1_230' title='bbox 502 1466 541 1496; x_wconf 84' lang='lat' dir='ltr'><strong>te,</strong></span> <span class='ocrx_word' id='word_1_231' title='bbox 559 1460 672 1495; x_wconf 76' lang='lat' dir='ltr'><strong>Caecili,</strong></span> <span class='ocrx_word' id='word_1_232' title='bbox 688 1460 820 1496; x_wconf 74' lang='lat' dir='ltr'><strong>redeam,</strong></span> <span class='ocrx_word' id='word_1_233' title='bbox 837 1469 931 1501; x_wconf 85' lang='lat' dir='ltr'><strong>quam</strong></span> <span class='ocrx_word' id='word_1_234' title='bbox 946 1459 1045 1489; x_wconf 87' lang='lat' dir='ltr'><strong>multa</strong></span> <span class='ocrx_word' id='word_1_235' title='bbox 1059 1463 1090 1489; x_wconf 87' lang='lat' dir='ltr'><strong>te</strong></span> 
     </span>
     <span class='ocr_line' id='line_1_33' title="bbox 197 1502 1089 1544; baseline -0.001 -12"><span class='ocrx_word' id='word_1_236' title='bbox 197 1502 349 1540; x_wconf 87' lang='lat' dir='ltr'><strong>deficiant,</strong></span> <span class='ocrx_word' id='word_1_237' title='bbox 371 1503 472 1533; x_wconf 87' lang='lat' dir='ltr'><strong>vides:</strong></span> <span class='ocrx_word' id='word_1_238' title='bbox 497 1513 590 1544; x_wconf 87' lang='lat' dir='ltr'><strong>quam</strong></span> <span class='ocrx_word' id='word_1_239' title='bbox 610 1504 709 1533; x_wconf 83' lang='lat' dir='ltr'><strong>multa</strong></span> <span class='ocrx_word' id='word_1_240' title='bbox 730 1503 789 1532; x_wconf 79' lang='lat' dir='ltr'><strong>sint</strong></span> <span class='ocrx_word' id='word_1_241' title='bbox 813 1503 844 1532; x_wconf 80' lang='lat' dir='ltr'><strong>in</strong></span> <span class='ocrx_word' id='word_1_242' title='bbox 869 1509 909 1539; x_wconf 90' lang='lat' dir='ltr'><strong>te,</strong></span> <span class='ocrx_word' id='word_1_243' title='bbox 932 1513 1000 1542; x_wconf 83' lang='lat' dir='ltr'><strong>quae</strong></span> <span class='ocrx_word' id='word_1_244' title='bbox 1020 1512 1089 1532; x_wconf 86' lang='lat' dir='ltr'><strong>reus</strong></span> 
     </span>
     <span class='ocr_line' id='line_1_34' title="bbox 196 1544 1088 1586; baseline -0.001 -11"><span class='ocrx_word' id='word_1_245' title='bbox 196 1556 305 1576; x_wconf 84' lang='lat' dir='ltr'><strong>nocens</strong></span> <span class='ocrx_word' id='word_1_246' title='bbox 317 1546 348 1575; x_wconf 92' lang='lat' dir='ltr'><strong>in</strong></span> <span class='ocrx_word' id='word_1_247' title='bbox 364 1552 533 1576; x_wconf 80' lang='lat' dir='ltr'><strong>accusatore</strong></span> <span class='ocrx_word' id='word_1_248' title='bbox 545 1556 599 1575; x_wconf 88' lang='lat' dir='ltr'><strong>suo</strong></span> <span class='ocrx_word' id='word_1_249' title='bbox 611 1546 712 1586; x_wconf 86' lang='lat' dir='ltr'><strong>cupiat</strong></span> <span class='ocrx_word' id='word_1_250' title='bbox 725 1556 797 1583; x_wconf 83' lang='lat' dir='ltr'><strong>esse,</strong></span> <span class='ocrx_word' id='word_1_251' title='bbox 814 1545 946 1586; x_wconf 85' lang='lat' dir='ltr'><strong>profecto</strong></span> <span class='ocrx_word' id='word_1_252' title='bbox 959 1546 1024 1584; x_wconf 90' lang='lat' dir='ltr'><strong>jam</strong></span> <span class='ocrx_word' id='word_1_253' title='bbox 1040 1544 1088 1574; x_wconf 90' lang='lat' dir='ltr'><strong>in-</strong></span> 
     </span>
     <span class='ocr_line' id='line_1_35' title="bbox 198 1588 1088 1629; baseline -0.002 -10"><span class='ocrx_word' id='word_1_254' title='bbox 198 1588 317 1628; x_wconf 82' lang='lat' dir='ltr'><strong>telligis.</strong></span> <span class='ocrx_word' id='word_1_255' title='bbox 342 1588 427 1626; x_wconf 83' lang='lat' dir='ltr'><strong>Quid</strong></span> <span class='ocrx_word' id='word_1_256' title='bbox 442 1589 480 1618; x_wconf 88' lang='lat' dir='ltr'><strong>ad</strong></span> <span class='ocrx_word' id='word_1_257' title='bbox 496 1589 559 1618; x_wconf 77' lang='lat' dir='ltr'><strong>haec</strong></span> <span class='ocrx_word' id='word_1_258' title='bbox 575 1589 633 1619; x_wconf 84' lang='lat' dir='ltr'><strong>dici</strong></span> <span class='ocrx_word' id='word_1_259' title='bbox 648 1595 746 1629; x_wconf 88' lang='lat' dir='ltr'><strong>potest</strong></span> <span class='ocrx_word' id='word_1_260' title='bbox 757 1591 771 1619; x_wconf 64' lang='grc' dir='ltr'>Ρ</span> <span class='ocrx_word' id='word_1_261' title='bbox 795 1589 868 1618; x_wconf 84' lang='lat' dir='ltr'><strong>Non</strong></span> <span class='ocrx_word' id='word_1_262' title='bbox 881 1588 961 1618; x_wconf 88' lang='lat' dir='ltr'><strong>enim</strong></span> <span class='ocrx_word' id='word_1_263' title='bbox 974 1598 1088 1628; x_wconf 81' lang='lat' dir='ltr'><strong>quaero,</strong></span> 
     </span>
     <span class='ocr_line' id='line_1_36' title="bbox 198 1630 1088 1671; baseline -0.002 -10"><span class='ocrx_word' id='word_1_264' title='bbox 198 1631 273 1671; x_wconf 90' lang='lat' dir='ltr'><strong>quid</strong></span> <span class='ocrx_word' id='word_1_265' title='bbox 293 1638 326 1661; x_wconf 93' lang='lat' dir='ltr'><strong>tu</strong></span> <span class='ocrx_word' id='word_1_266' title='bbox 347 1632 481 1662; x_wconf 84' lang='lat' dir='ltr'><strong>dicturus</strong></span> <span class='ocrx_word' id='word_1_267' title='bbox 502 1631 560 1661; x_wconf 82' lang='lat' dir='ltr'><strong>sis:</strong></span> <span class='ocrx_word' id='word_1_268' title='bbox 586 1631 672 1662; x_wconf 86' lang='lat' dir='ltr'><strong>video</strong></span> <span class='ocrx_word' id='word_1_269' title='bbox 691 1631 768 1661; x_wconf 91' lang='lat' dir='ltr'><strong>mihi</strong></span> <span class='ocrx_word' id='word_1_270' title='bbox 788 1641 849 1661; x_wconf 89' lang='lat' dir='ltr'><strong>non</strong></span> <span class='ocrx_word' id='word_1_271' title='bbox 869 1637 908 1667; x_wconf 81' lang='lat' dir='ltr'><strong>te,</strong></span> <span class='ocrx_word' id='word_1_272' title='bbox 931 1630 983 1660; x_wconf 89' lang='lat' dir='ltr'><strong>sed</strong></span> <span class='ocrx_word' id='word_1_273' title='bbox 1006 1630 1088 1660; x_wconf 89' lang='lat' dir='ltr'><strong>hunc</strong></span> 
     </span>
     <span class='ocr_line' id='line_1_37' title="bbox 194 1673 1088 1715; baseline -0.002 -11"><span class='ocrx_word' id='word_1_274' title='bbox 194 1674 321 1712; x_wconf 81' lang='lat' dir='ltr'><strong>librum,</strong></span> <span class='ocrx_word' id='word_1_275' title='bbox 343 1685 404 1705; x_wconf 88' lang='lat' dir='ltr'><strong>esse</strong></span> <span class='ocrx_word' id='word_1_276' title='bbox 425 1684 649 1715; x_wconf 83' lang='lat' dir='ltr'><strong>responsurum,</strong></span> <span class='ocrx_word' id='word_1_277' title='bbox 672 1685 764 1715; x_wconf 90' lang='lat' dir='ltr'><strong>quem</strong></span> <span class='ocrx_word' id='word_1_278' title='bbox 788 1674 919 1704; x_wconf 82' lang='lat' dir='ltr'><strong>monitor</strong></span> <span class='ocrx_word' id='word_1_279' title='bbox 942 1680 1012 1703; x_wconf 86' lang='lat' dir='ltr'><strong>tuus</strong></span> <span class='ocrx_word' id='word_1_280' title='bbox 1036 1673 1088 1703; x_wconf 77' lang='lat' dir='ltr'><strong>hic</strong></span> 
     </span>
     <span class='ocr_line' id='line_1_38' title="bbox 194 1716 1087 1758; baseline -0.001 -12"><span class='ocrx_word' id='word_1_281' title='bbox 194 1722 296 1752; x_wconf 82' lang='lat' dir='ltr'><strong>tenet3</strong></span> <span class='ocrx_word' id='word_1_282' title='bbox 321 1718 385 1758; x_wconf 94' lang='lat' dir='ltr'><strong>qui,</strong></span> <span class='ocrx_word' id='word_1_283' title='bbox 402 1717 427 1748; x_wconf 90' lang='lat' dir='ltr'><strong>si</strong></span> <span class='ocrx_word' id='word_1_284' title='bbox 442 1723 470 1748; x_wconf 89' lang='lat' dir='ltr'><strong>te</strong></span> <span class='ocrx_word' id='word_1_285' title='bbox 485 1724 563 1748; x_wconf 84' lang='lat' dir='ltr'><strong>recte</strong></span> <span class='ocrx_word' id='word_1_286' title='bbox 577 1727 699 1748; x_wconf 91' lang='lat' dir='ltr'><strong>monere</strong></span> <span class='ocrx_word' id='word_1_287' title='bbox 714 1718 804 1755; x_wconf 90' lang='lat' dir='ltr'><strong>volet,</strong></span> <span class='ocrx_word' id='word_1_288' title='bbox 821 1716 958 1747; x_wconf 86' lang='lat' dir='ltr'><strong>suadebit</strong></span> <span class='ocrx_word' id='word_1_289' title='bbox 972 1716 1039 1754; x_wconf 77' lang='lat' dir='ltr'><strong>tibi,</strong></span> <span class='ocrx_word' id='word_1_290' title='bbox 1052 1722 1087 1746; x_wconf 90' lang='lat' dir='ltr'><strong>ut</strong></span> 
     </span>
     <span class='ocr_line' id='line_1_39' title="bbox 198 1740 1086 1808; baseline -0.001 -19"><span class='ocrx_word' id='word_1_291' title='bbox 198 1759 269 1790; x_wconf 91' lang='lat' dir='ltr'><strong>hinc</strong></span> <span class='ocrx_word' id='word_1_292' title='bbox 284 1759 428 1798; x_wconf 86' lang='lat' dir='ltr'><strong>discedas,</strong></span> <span class='ocrx_word' id='word_1_293' title='bbox 444 1770 542 1801; x_wconf 91' lang='lat' dir='ltr'><strong>neque</strong></span> <span class='ocrx_word' id='word_1_294' title='bbox 557 1760 633 1790; x_wconf 85' lang='lat' dir='ltr'><strong>mihi</strong></span> <span class='ocrx_word' id='word_1_295' title='bbox 645 1761 771 1791; x_wconf 88' lang='lat' dir='ltr'><strong>verbum</strong></span> <span class='ocrx_word' id='word_1_296' title='bbox 787 1740 887 1790; x_wconf 75' lang='lat' dir='ltr'><strong>iillum</strong></span> <span class='ocrx_word' id='word_1_297' title='bbox 898 1759 1086 1808; x_wconf 80' lang='lat' dir='ltr'><strong>respondeas.</strong></span> 
     </span>
     <span class='ocr_line' id='line_1_40' title="bbox 195 1801 1085 1844; baseline -0.001 -11"><span class='ocrx_word' id='word_1_298' title='bbox 195 1802 280 1840; x_wconf 86' lang='lat' dir='ltr'><strong>Quid</strong></span> <span class='ocrx_word' id='word_1_299' title='bbox 292 1803 374 1834; x_wconf 89' lang='lat' dir='ltr'><strong>enim</strong></span> <span class='ocrx_word' id='word_1_300' title='bbox 390 1803 491 1835; x_wconf 85' lang='lat' dir='ltr'><strong>dices?</strong></span> <span class='ocrx_word' id='word_1_301' title='bbox 514 1813 553 1833; x_wconf 87' lang='lat' dir='ltr'><strong>an</strong></span> <span class='ocrx_word' id='word_1_302' title='bbox 568 1803 611 1842; x_wconf 89' lang='lat' dir='ltr'><strong>id,</strong></span> <span class='ocrx_word' id='word_1_303' title='bbox 628 1803 710 1844; x_wconf 91' lang='lat' dir='ltr'><strong>quod</strong></span> <span class='ocrx_word' id='word_1_304' title='bbox 724 1802 852 1842; x_wconf 72' lang='lat' dir='ltr'><strong>dictitas,</strong></span> <span class='ocrx_word' id='word_1_305' title='bbox 869 1801 1013 1843; x_wconf 82' lang='lat' dir='ltr'><strong>injuriam</strong></span> <span class='ocrx_word' id='word_1_306' title='bbox 1028 1801 1085 1832; x_wconf 81' lang='lat' dir='ltr'><strong>tibi</strong></span> 
     </span>
    </p>
   </div>
   <div class='ocr_carea' id='block_1_4' title="bbox 1149 1064 1154 1884">
    <p class='ocr_par' dir='ltr' id='par_1_6' title="bbox 1149 1064 1154 1884">
     <span class='ocr_line' id='line_1_41' title="bbox 1149 1064 1154 1884; baseline 0 0"><span class='ocrx_word' id='word_1_307' title='bbox 1149 1064 1154 1884; x_wconf 95' lang='lat' dir='ltr'><strong> </strong></span> 
     </span>
    </p>
   </div>
  </div>
 </body>
</html>
