1181 1902
0 0 1181 54 ὴν

197 129 258 162 106
290 128 381 162 PRO
404 127 572 161 ROSCIO
595 127 816 161 COMOEDO.
832 127 917 160 GAP.
935 128 983 158 18.

193 215 308 247 tionem
323 215 379 247 tibi
393 221 479 247 tuam
494 215 627 258 reliquit,
643 226 682 248 an
696 224 757 246 non
768 215 783 244 ἰ’
823 214 857 246 Si
871 224 933 245 non
947 213 1082 254 reliquit,

193 259 455 300 quemadmodum
470 260 527 290 HS
555 268 705 291 cecmoo
726 260 765 290 ob
788 269 823 289 eo
845 263 948 298 postea
966 268 1040 297 exeg
1043 257 1082 288 is-

193 302 237 333 ti.
230 304 244 325 ⁹
267 303 300 333 Si
315 302 447 343 reliquit,
464 302 539 344 quid
553 305 592 333 ab
603 303 660 333 hoc
669 302 757 343 petis,
773 301 855 342 quod
870 311 924 341 per
937 306 968 330 te
982 310 1082 341 perse·
1160 335 1161 338 Ἴ

193 345 249 386 qui
264 351 293 376 et
307 352 407 386 petere
421 345 510 376 debes
523 348 536 377 ‚⁹
560 346 724 376 Simiflima
738 345 818 375 enim
835 350 863 374 et
875 344 1010 374 maxime
1027 354 1081 382 ge·
1160 347 1161 387 χ

194 389 279 419 mina
288 389 410 419 societas
425 389 606 420 haereditatis
621 395 674 420 est.
697 387 968 426 Quemadmodum
984 386 1081 416 socius

194 431 227 462 in
254 431 391 462 societate
409 432 500 463 habet
521 439 649 473 partem,
673 432 714 463 sic
736 431 830 461 haeres
855 430 887 460 in
907 429 1081 460 haereditate

192 474 286 506 habet
300 481 427 516 partem.
450 476 495 506 Ut
509 476 604 506 haeres
619 476 675 506 sibi
690 474 756 511 soli,
779 484 840 504 non
863 473 1080 509 cohaeredibus,

193 518 290 559 petit;
315 518 356 548 sic
370 518 467 549 socius
482 519 539 549 sibi
554 519 620 557 soli,
637 529 696 549 non
708 518 804 556 sociis,
814 517 910 558 petit.
935 522 963 546 et
975 526 1082 557 quenl-

193 561 361 592 admodum
376 568 503 603 uterque
523 573 577 603 pro
599 573 653 592 sua
673 568 757 603 parte
778 560 863 601 petit,
887 559 928 590 sic
949 570 1002 600 pro
1027 559 1083 590 sua

193 610 279 646 parte
293 605 447 635 dissolvit·
472 605 565 635 haeres
581 615 618 635 ex
633 616 676 635 su·
671 606 688 635 a
698 610 792 646 parte,
804 615 865 644 qua
876 602 1082 633 haereditatem

192 647 292 684 adiit3
317 647 413 678 socius
429 658 466 678 ex
482 659 526 686 ea,
543 659 605 689 qua
619 648 789 678 societatem
801 647 880 677 coiit.

237 690 509 728 Quemadmodum
525 702 611 721 suam
621 697 737 732 partem
751 690 878 721 Roscius
893 699 947 719 suo
958 688 1082 720 nomine

191 734 362 765 condonare
376 734 476 775 potuit
492 734 609 771 Flavio,
619 740 653 764 ut
669 745 736 764 eam
748 742 781 764 tu
794 743 855 763 non
866 738 1003 773 peteres;
1027 732 1080 769 sic,

192 787 265 808 cum
281 777 382 817 exegit
397 787 483 807 suam
496 784 624 818 partem,
639 783 668 808 et
677 778 731 807 tibi
743 777 891 816 integram
904 775 1080 816 petitionem

192 820 327 861 reliquit,
344 826 445 850 tecum
460 820 565 860 partiri
579 830 639 851 non
655 820 765 855 debet:
789 819 846 849 nisi
861 818 937 849 forte
952 824 997 856 tu,
1013 828 1081 858 per-

191 873 278 894 verso
293 874 388 901 more,
405 863 487 904 quod
502 863 594 902 hujus
609 869 663 900 est,
685 865 723 894 ab
743 863 802 893 alio
824 868 1001 903 extorquere
1018 871 1079 891 non

192 912 290 947 potes,
303 906 374 936 huic
389 906 502 946 eripere
516 912 610 946 potes.
648 906 767 937 Perstat
781 906 811 935 in
827 905 974 935 sententia
989 906 1081 935 Satu-

192 949 267 987 rius,
284 949 499 990 quodcumque
511 949 567 979 sibi
582 954 665 989 petat
680 949 787 985 socius,
800 948 831 978 id
846 948 992 979 societatis
1004 948 1080 978 fieri.

192 992 287 1031 Quod
303 992 327 1023 si
342 992 384 1022 ita
400 997 454 1028 est,
471 992 534 1032 quiz
548 992 679 1026 (malum
692 992 715 1029 ἔ)
732 991 859 1022 stultitia
868 991 927 1021 fuit
939 991 1080 1029 Roscius,

193 1035 259 1076 qui,
276 1046 313 1066 ex
332 1034 575 1075 jurisperitorum
598 1035 721 1065 consilio
744 1040 774 1065 et
794 1034 979 1071 auctoritate,
995 1034 1082 1065 resti-

191 1079 350 1120 pularetur
372 1089 390 1108 a
409 1077 527 1107 Fannio
542 1078 711 1118 diligenter,
727 1083 772 1115 ut,
789 1077 871 1118 quod
886 1078 911 1108 is
934 1077 1080 1117 exegisset

191 1132 211 1153 a
235 1121 352 1159 Flavio,
369 1120 527 1151 dimidiam
551 1126 667 1162 partem
690 1121 746 1151 sibi
768 1121 939 1151 dissolveret
951 1131 961 1155 ς
985 1119 1079 1161 siqui·
1158 1130 1159 1147 ι

192 1165 275 1202 dem,
291 1164 355 1195 sine
369 1164 506 1195 cautione
521 1170 550 1194 et
564 1164 802 1204 repromissione,
820 1164 914 1194 nihilo
929 1163 1031 1194 minus
1045 1163 1078 1194 id
1157 1170 1159 1201 5

192 1208 330 1239 Fannius
344 1207 488 1245 societati,
504 1207 561 1238 hoc
570 1213 624 1246 est,
642 1207 762 1245 Roscio,
779 1207 931 1238 debebat?

421 1266 649 1298 Desiderantur
663 1277 722 1297 nou
731 1277 845 1309 pauca.
