1181 1902
224 99 286 130 290
410 97 461 128 IN
485 96 681 128 VERREM
707 97 765 127 IV.
792 98 874 128 CAP.
898 98 928 126 3.

222 193 316 225 quam
332 189 495 224 potuerunt
518 183 700 219 existimare,
717 189 832 224 quanto
854 182 976 213 liberior
990 183 1052 213 vita
1074 183 1112 213 sit

224 237 328 257 eorum
344 227 398 267 qui
413 226 566 256 neminem
583 225 761 264 accusarint,
779 226 882 266 gloriae
897 225 998 263 causa,
1020 233 1111 266 atque

223 270 441 306 ostentationis,
458 275 617 299 accusant:
642 279 708 306 nos,
719 269 773 310 qui
786 270 863 307 jam,
877 274 905 298 et
917 269 992 308 quid
1002 268 1109 305 facere,

223 319 252 343 et
267 313 451 353 quantulum
464 312 600 351 judicare
610 322 777 352 possemus,
790 312 987 348 ostendimus,
1001 311 1058 340 nisi
1068 311 1112 340 fa-

222 356 278 386 cile
293 355 471 395 cupiditates
486 360 601 384 nostras
615 361 797 390 teneremus,
817 364 975 394 nunquam
991 354 1113 394 ipsimet

222 398 309 428 nobis
324 398 554 438 praecideremus
565 397 654 427 istam
664 397 817 427 licentiam
826 396 1056 437 libertatemque
1068 396 1112 426 xi-

223 441 322 472 vendi.

266 484 313 514 11.
336 482 443 524 Atque
465 482 523 513 hoc
537 493 592 523 ego
615 482 686 523 plus
705 481 803 512 oneris
816 481 925 519 habeo,
949 492 1043 523 quam
1059 482 1112 523 qui

223 533 343 557 caeteros
359 525 538 556 accusarunt
554 526 591 560 (si
606 535 681 556 onus
693 530 736 555 est
748 525 778 554 id
789 525 1018 565 appellandum,
1030 525 1112 566 quod

222 580 293 600 cum
302 569 407 599 laetitift
422 569 499 599 feras
511 580 544 599 ac
554 569 722 609 voluptate)
733 579 742 604 3
767 574 975 598 verumtamen
992 568 1048 598 hoc
1058 578 1113 607 ego

222 613 355 653 amplius
370 612 497 652 suscepi,
511 622 603 653 quam
614 611 711 641 caeteri
723 622 733 647 ς
749 611 832 652 quod
841 612 883 641 ita
892 611 1062 651 postulatur
1074 612 1114 641 ab

223 656 377 692 omnibus,
388 661 423 685 ut
432 656 470 685 ab
486 655 522 685 iis
532 666 562 685 se
571 655 741 684 abstineant
755 654 889 684 maxime
902 654 991 692 vitiis,
1004 654 1035 683 in
1047 654 1115 695 qui-

222 700 280 730 bus
296 699 425 729 alterum
440 697 695 739 reprehenderint.
720 697 833 727 Furem
849 697 982 738 aliquem
999 703 1052 727 aut
1067 707 1115 727 ra-

222 752 329 783 pacem
345 741 491 771 accusaris
503 743 516 771 Ρ
540 740 664 771 vitanda
675 740 730 770 tibi
745 750 863 780 semper
874 741 928 770 erit
938 740 1036 770 omnis
1045 750 1116 770 ava-

223 785 300 815 ritiae
316 784 454 824 suspicio.
484 784 665 814 llIaleficum
680 783 856 823 quempiam
872 783 1044 820 adduxeris,
1061 789 1115 813 aut

223 827 376 858 crudelem
388 829 402 857 Ρ
426 826 594 857 cavendum
605 826 660 856 erit
669 836 799 866 semper,
816 835 854 856 ne
869 826 931 866 qua
946 826 977 855 in
987 837 1017 856 re
1029 836 1115 867 aspe-

223 871 284 900 rior
307 876 361 900 aut
382 869 578 900 inhumanior
606 869 698 899 fuisse
723 869 850 899 videare.
886 869 1114 909 Corruptorem,

223 913 421 943 adulterum?
445 912 667 953 providendum
683 912 853 952 diligenter,
865 922 902 942 ne
918 912 999 953 quod
1010 912 1039 942 in
1051 912 1114 942 vita

223 956 385 996 vestigium
400 955 535 986 libidinis
550 961 702 996 appareat.
736 955 852 985 Omnia
866 961 1028 995 postremo,
1045 966 1114 996 quae

223 998 385 1029 vindicaris
410 998 442 1028 in
466 999 571 1037 altero,
596 998 651 1028 tibi
677 998 735 1038 ipsi
755 998 947 1028 vehementer
970 998 1116 1038 fugienda

225 1048 305 1072 sunt.
330 1041 455 1072 Etenim
470 1051 531 1071 non
546 1041 638 1071 modo
653 1046 817 1078 accusator,
829 1041 880 1071 sed
889 1051 927 1071 ne
938 1041 1114 1081 objurgator

225 1084 362 1126 quidem,
379 1084 520 1115 ferendus
536 1091 580 1115 est
598 1084 635 1122 is,
652 1084 716 1125 qui,
734 1084 816 1124 quod
840 1084 872 1113 in
898 1084 991 1114 altero
1007 1084 1116 1114 vitium

223 1127 426 1168 reprehendit,
448 1128 480 1157 in
496 1138 531 1158 eo
552 1127 616 1168 ipse
631 1127 875 1168 deprehenditur.
905 1126 986 1166 Ego,
1007 1127 1038 1156 in
1055 1137 1117 1157 uno

223 1170 358 1208 homine,
375 1171 478 1201 onmia
493 1170 577 1208 vitia,
594 1181 662 1210 quae
677 1175 804 1211 possunt
818 1169 849 1199 in
865 1170 988 1200 homine
999 1170 1117 1210 perdito

223 1214 399 1254 nefarioque
414 1224 487 1251 esse,
504 1212 709 1253 reprehendo:
734 1212 857 1243 nullum
878 1223 939 1243 esse
955 1213 1021 1243 dico
1036 1213 1116 1243 iudi-

224 1257 306 1286 cium
321 1256 467 1294 libidinis,
485 1256 612 1293 sceleris,
636 1256 781 1292 audaciae,
804 1255 885 1296 quod
902 1265 961 1286 non
978 1256 1008 1285 in
1030 1256 1117 1286 istius

223 1300 315 1329 unius
324 1299 386 1329 vita
401 1299 566 1339 perspicere
575 1298 703 1339 possitis.
727 1299 807 1339 Ego,
824 1298 855 1328 in
871 1298 928 1328 isto
939 1309 1000 1335 reo,
1017 1299 1116 1339 legem

223 1342 313 1379 hanc,
327 1342 454 1381 judices,
465 1341 543 1371 mihi
558 1347 676 1377 statu03
694 1341 858 1371 vivendum
868 1341 911 1371 ita
923 1352 995 1379 esse,
1009 1348 1044 1371 ut
1053 1342 1113 1379 isti,

224 1394 285 1415 non
300 1384 393 1415 modo
408 1384 493 1415 factis
515 1384 662 1425 dictisque
685 1384 839 1422 omnibus,
865 1384 916 1414 sed
941 1384 1031 1415 etiam
1056 1385 1115 1415 oris

223 1428 442 1468 oculorumque
466 1427 520 1457 illa
540 1427 729 1457 contumacia
748 1437 783 1457 ae
802 1427 943 1467 superbia
961 1437 1055 1468 quam
1071 1428 1116 1458 vi-

223 1470 310 1508 detis,
334 1470 555 1500 dissimillimus
580 1480 652 1506 esse,
674 1480 708 1500 ac
733 1480 851 1511 semper
874 1470 976 1508 fuisse,
1000 1470 1111 1501 videar.

225 1513 328 1543 Patior
352 1523 413 1543 non
435 1513 572 1550 moleste,
594 1513 722 1552 judices,
747 1523 812 1543 eam
830 1513 935 1551 vitam,
954 1524 1022 1554 quae
1037 1513 1115 1543 mihi

223 1556 280 1586 sua
295 1563 400 1596 sponte
416 1562 504 1586 antea
516 1556 653 1595 jucunda
667 1555 769 1593 fuerit,
786 1566 867 1586 nunc
878 1557 945 1595 jam
965 1555 1033 1586 mea
1047 1557 1115 1597 lege

224 1604 254 1628 et
269 1599 440 1629 conditione
455 1598 652 1629 necessariam
668 1609 790 1640 quoque
801 1599 947 1629 futuram.

266 1642 331 1672 ΙΙΙ.
356 1642 399 1672 Et
414 1641 445 1671 in
469 1641 526 1671 hoc
549 1641 674 1672 homine
698 1653 776 1682 saepe
794 1652 812 1671 a
826 1652 877 1672 me
891 1641 1012 1683 quaeris,
1031 1642 1114 1672 Hor-

219 1684 308 1722 tensi,
322 1685 434 1725 quibus
445 1684 610 1715 inimicitiis
626 1690 679 1715 aut
694 1685 756 1725 qua
775 1685 888 1724 injuria
903 1685 1062 1723 adductus,
1075 1685 1115 1716 ad

220 1727 425 1758 accusandum
440 1727 654 1758 descenderim.
680 1727 776 1758 Mitto
785 1729 850 1767 jam
862 1728 1009 1758 rationem
1022 1728 1114 1758 officii

220 1770 291 1806 Πὶθὶε
308 1770 597 1811 necessitudinisque
623 1771 816 1803 Siculorum:
841 1771 879 1802 de
900 1771 973 1812 ipsis
996 1771 1051 1802 tibi
1066 1771 1114 1801 in-
