1181 1902
276 81 328 113 IN
352 80 547 113 VERREM
574 81 599 112 1.
624 81 708 113 CAP.
729 82 776 112 10.
911 81 970 112 1⁴13

82 164 167 210 -pere,
181 168 206 199 si
220 168 277 199 hoc
292 178 353 199 non
369 169 437 199 est?
461 173 560 205 testes,
573 168 739 209 praescrtim
751 167 879 207 Siculos,
892 168 975 199 timi-

86 211 141 242 dos
155 212 292 242 homines
307 217 337 242 et
351 211 488 249 afflictos,
501 221 561 241 non
577 211 676 241 solum
688 212 863 242 auctoritate
878 211 975 242 deter-

88 265 164 292 rere,
181 254 232 285 sed
247 255 338 285 etiam
354 254 503 285 consulari
517 260 613 289 metu,
624 259 654 284 et
668 254 798 285 duorum
811 260 976 295 praetorum

87 300 259 338 potestate?
283 297 369 336 Quid
395 297 505 327 faceres
531 308 586 338 pro
610 297 734 328 homine
759 297 917 328 innocente
947 303 979 328 et

88 341 272 382 propinquo,
301 351 383 377 cum,
409 346 531 381 propter
557 340 712 370 hominem
738 341 977 380 perditissimum

87 389 180 425 atque
201 384 430 420 alienissimum,
453 383 490 413 de
510 383 606 413 officio
621 394 655 413 ac
675 383 822 423 dignitate
837 384 975 420 decedis;

87 432 118 457 et
144 427 318 464 committis,
341 433 387 464 ut,
415 427 497 467 quod
520 427 572 456 ille
595 426 721 463 dictitat,
747 427 848 464 alicui,
872 427 926 467 qui
948 432 978 457 te

89 469 219 510 ignoret,
247 480 354 501 verum
380 480 442 500 esse
468 469 629 500 videatur?
654 470 739 499 Nam
764 469 821 500 hoc
848 470 977 500 Verrem

89 512 187 543 dicere
201 514 333 550 aiebant,
350 519 380 543 te
399 523 461 543 non
481 512 555 550 fato,
573 518 606 542 ut
627 518 746 542 caeteros
766 523 803 542 ex
820 513 917 543 vestri:
933 513 979 543 fa-

89 556 187 593 miliffa,
205 557 256 587 sed
271 557 362 598 operit
377 555 441 593 sual,
458 556 611 586 consulem
632 556 757 586 factum.
792 555 865 586 Duo
885 556 979 596 igitur

87 599 225 630 consules
241 606 270 630 et
285 599 427 640 quaesitor
442 605 530 629 erunt
550 610 588 629 ex
605 599 687 629 illius
707 599 870 629 voluntate.
904 599 979 629 Non

90 643 190 673 solum
206 642 398 684 effugiemus,
414 642 525 684 inquit,
536 642 692 672 hominem
707 642 739 672 in
755 640 918 683 quaerendo
933 642 980 673 ni·

89 686 189 716 mium
204 686 392 727 diligentem,
409 686 540 716 nimium
556 686 734 716 servientem
755 685 862 726 populi
877 685 980 715 existi-

84 729 228 767 mationi,
245 730 294 760 M·
312 729 529 760 Glabrionem:
554 729 673 759 accedet
684 728 770 759 nobis
785 728 876 758 etiam
891 728 978 759 illud.

90 772 191 802 Index
210 779 254 803 est
277 773 325 803 M.
345 772 512 810 Caesonius,
538 772 652 812 collega
672 771 765 802 nostri
789 772 979 811 accusatoris,

88 814 183 846 homo
192 815 224 846 in
233 817 322 846 rebus
335 815 505 855 judicandis
516 821 665 856 spectatus
676 821 706 845 et
717 815 870 855 cognitus:
888 825 982 856 quem

91 859 219 889 minime
234 859 374 900 expediat
390 869 452 889 esse
471 858 504 888 in
526 869 561 889 eo
582 858 717 896 consilio,
739 857 821 899 quod
838 868 982 888 conemur

93 902 198 942 aliquit
213 902 327 932 ratione
343 912 533 942 corrumpere
547 913 554 932 ε
580 907 737 942 propterea
752 901 834 942 quod
846 901 913 940 jam
928 911 982 931 an-

89 950 150 983 tea,
167 956 238 975 cum
251 945 347 985 judex
363 945 394 975 in
409 945 547 975 Juniano
567 945 690 975 consilio
711 944 827 983 fuisset,
845 944 983 985 turpissi-

91 997 180 1018 mum
207 988 285 1018 illud
310 988 426 1019 facinus
451 997 513 1018 non
541 988 640 1018 solum
667 987 797 1028 graviter
822 987 905 1026 tulit,
931 987 982 1018 sed

91 1032 183 1062 etiam
204 1032 236 1061 in
256 1032 393 1062 medium
414 1031 549 1072 protulit.
586 1031 680 1061 Hunc
699 1030 835 1070 judicem
856 1041 894 1060 ex
915 1030 982 1061 Cal.

91 1075 221 1105 Januar.
238 1085 298 1104 non
314 1074 503 1105 habebimus.
527 1074 568 1112 Q.
586 1074 755 1112 Manlium,
773 1079 802 1103 et
817 1073 858 1111 Q.
875 1074 984 1104 Corni-

92 1118 208 1154 ficium,
225 1118 301 1148 duos
317 1118 516 1148 severissimos
531 1123 622 1158 atque
634 1116 842 1157 integerrimos
854 1116 983 1156 judices,

93 1161 177 1202 quod
187 1161 301 1192 tribuni
312 1160 409 1202 plebis
419 1167 486 1191 tum
498 1167 598 1198 erunt⁷
606 1160 722 1199 judices
728 1169 788 1190 non
795 1159 987 1191 habebimus.

92 1205 129 1235 P.
157 1204 320 1246 Sulpicius,
342 1204 438 1243 judex
462 1204 554 1234 tristis
575 1210 604 1234 et
624 1204 751 1243 integer,
772 1203 986 1243 magistratum

94 1247 177 1278 ineat
192 1258 309 1278 necesse
325 1254 369 1278 est
383 1247 483 1277 Nonis
499 1247 660 1278 Decembr.
678 1246 727 1276 M.
742 1246 931 1287 Crepereius,
948 1256 986 1277 ex

91 1291 238 1322 acerrima
249 1290 302 1320 illa
311 1291 441 1331 equestri
453 1290 570 1320 familia
580 1296 609 1320 et
618 1288 776 1330 disciplinfi
787 1300 796 1325 ς
815 1290 853 1319 L.
865 1289 987 1321 Cassius

93 1344 133 1364 ex
147 1334 276 1371 familia,
293 1340 360 1364 tum
375 1334 414 1363 ad
429 1339 548 1364 caeteras
568 1343 625 1370 res,
648 1339 716 1363 tum
731 1332 770 1363 ad
785 1332 987 1372 judicandum

94 1376 302 1412 severissinizi;
327 1377 384 1407 Cn.
396 1377 593 1415 Tremellius,
608 1376 701 1406 homo
713 1375 832 1406 summ&
845 1375 989 1417 religione

94 1426 125 1451 et
140 1419 316 1461 diligenti&
340 1426 399 1450 tres
418 1420 463 1458 hi,
484 1420 622 1450 homines
637 1425 760 1457 veteres,
777 1418 893 1449 tribuni
907 1419 990 1449 mili-

96 1469 175 1494 tates
187 1469 258 1494 sunt
268 1463 436 1504 designati:
455 1474 492 1494 ex
503 1463 568 1493 Cal.
579 1462 602 1493 J
604 1472 709 1492 anuar.
722 1471 783 1492 non
797 1461 989 1501 judicabunt.

97 1506 323 1537 Subsortiemur
345 1507 436 1537 etiam
450 1506 482 1536 in
498 1506 547 1536 M.
568 1505 690 1536 Metelli
709 1505 822 1541 locum,
844 1504 992 1546 quoniam

95 1549 121 1580 is
136 1550 208 1580 huic
227 1550 285 1591 ipsi
306 1549 466 1590 quaestioni
480 1548 665 1590 praefuturus
681 1554 733 1579 est.
759 1549 809 1579 Ita
824 1548 992 1578 secundum

97 1592 248 1624 Calendas
268 1593 399 1623 Januar.
420 1598 450 1623 et
469 1598 596 1633 praetore
619 1598 648 1622 et
671 1601 765 1633 prope
785 1596 848 1621 toto
868 1591 993 1622 consilio

94 1642 297 1674 commutato,
313 1646 441 1677 magnas
456 1635 636 1667 accusatoris
654 1635 764 1672 minas,
786 1644 995 1675 magnamque

96 1679 206 1718 judicii
221 1679 488 1721 exspectationem,
505 1679 545 1709 ad
559 1684 698 1709 nostrum
713 1677 875 1708 arbitrium
892 1676 996 1708 libidi-

97 1732 232 1764 nemque
248 1722 416 1753 eludemus.

140 1765 243 1796 Nonae
264 1771 336 1796 sunt
359 1765 450 1797 hodie
471 1764 620 1797 Sextiles:
643 1763 720 1796 hora
738 1763 820 1795 noni>⁴
839 1762 998 1795 convenire

97 1808 236 1850 eoepistis.
271 1809 367 1841 Hunc
391 1809 478 1842 diem
506 1809 572 1849 jam
602 1818 642 1840 ne
667 1813 832 1841 numerant
859 1805 996 1848 quidem.
