1181 1902
0 0 1181 66 —ql

159 144 202 175 94
267 144 358 177 PRO
381 145 546 179 ROSCIO
570 146 789 179 COMOEDO.
814 146 899 178 CAP.
915 147 946 183 7.

156 229 215 260 hoc
223 229 340 262 homini
349 231 420 263 huic
428 232 540 264 haerere
548 239 705 274 peccatum
711 233 726 262 ’ἓ
740 233 806 274 qui,
816 232 935 264 medius
944 232 1047 271 fidius,

156 273 314 308 (audacter
333 275 413 314 dico)
428 277 498 316 plus
519 276 590 306 fidei
610 287 704 318 quam
725 277 807 314 artis,
829 277 899 316 plus
914 276 1048 307 veritatis

157 326 252 356 quam
267 317 444 359 disciplinae,
459 319 590 360 possidet
603 320 634 350 in
651 330 701 350 se:
727 330 819 360 quem
834 319 966 359 populus
981 319 1048 349 Ro-

157 368 267 390 manus
283 362 437 392 meliorem
450 363 560 399 virum,
579 373 671 403 quam
688 362 876 399 histrionem,
889 372 951 392 esse
966 362 1048 392 arbi-

155 406 273 439 tratur3
298 404 351 444 qui
371 405 414 435 ita
435 405 630 445 dignissimus
651 412 694 436 est
714 405 800 435 scena
816 411 937 445 propter
951 404 1047 434 artifi-

155 444 249 483 cium,
266 452 300 477 ut
315 447 508 488 dignissimus
524 449 561 478 sit
581 448 664 479 curia
684 455 806 489 propter
821 447 1046 477 abstinentiam.

198 488 258 518 Sed
282 490 356 530 quid
377 501 432 531 ego
456 492 577 532 ineptus
603 492 640 522 de
662 492 771 521 Roscio
796 490 879 531 apud
902 490 1048 520 Pisonem

153 530 246 562 dico?
271 533 418 573 Ignotum
448 534 605 564 hominem
635 534 746 565 scilicet
775 534 915 574 pluribus
945 533 1045 563 verbis

153 576 342 606 commendo.
381 578 477 607 Estne
503 578 666 618 quisquam
690 577 830 607 omnium
853 576 1045 612 mortalium,

151 616 191 646 de
213 628 274 658 quo
297 620 406 650 melius
429 620 581 650 existimes
602 627 635 650 tu
648 622 662 650 Ρ
686 626 769 650 estne
791 619 966 660 quisquam,
990 618 1046 658 qui

153 659 209 690 tibi
235 662 349 701 purior,
373 663 545 703 pudentior,
568 663 742 697 humanior,
773 662 941 699 officiosior,
970 661 1048 691 libe-

153 703 315 744 raliorque,
334 705 496 736 videatur?
521 706 633 743 Quid?
657 713 703 743 tu,
726 705 840 741 Saturi,
865 705 918 745 qui
939 710 1044 735 contra

150 745 234 776 hunc
249 748 342 785 venis,
354 748 507 779 existimas
523 749 630 779 aliter?
655 749 780 786 Nonne,
792 748 1044 788 quotiescumque

151 788 185 818 in
208 790 299 820 caus&⁴
324 790 356 820 in
382 801 494 821 nomen
515 792 608 830 hujus
627 791 770 828 incidisti,
796 791 883 820 toties
906 790 989 820 hunc
1014 796 1045 820 et

151 831 252 862 virum
273 834 389 864 bonum
410 844 472 864 esse
493 834 608 871 dixisti,
631 840 660 864 et
682 834 804 864 honoris
826 833 917 864 causa
937 833 1044 873 appel-

149 874 241 904 lasti?
265 877 348 916 quod
368 887 459 907 nemo
478 877 537 907 nisi
557 882 610 907 aut
629 877 839 907 honestissimo
855 882 908 906 aut
923 875 1044 906 amicis-

149 917 227 948 simo
246 918 343 949 facere
364 920 527 950 consuevit.
560 920 634 957 Qua
654 920 685 949 in
710 930 742 950 re
764 919 841 949 mihi
863 919 988 949 ridicule
1011 929 1044 950 es

148 960 230 991 visus
245 972 306 992 esse
320 962 504 1000 inconstans,
521 963 575 1003 qui
590 963 733 993 eumdem
748 968 777 992 et
792 962 915 992 laederes
931 968 960 992 et
974 962 1044 991 lau·
1154 999 1155 1007 ἵ

147 1003 255 1040 dares3
280 1011 309 1035 et
325 1005 424 1036 virum
445 1005 609 1046 optimum,
626 1012 656 1036 et
676 1006 833 1035 hominem
853 1005 1042 1045 improbissi-
1154 1028 1155 1048 χ

148 1056 248 1085 mum,
266 1058 328 1078 esse
343 1048 465 1078 diceres.
490 1049 646 1079 Eumdem
663 1054 696 1079 tu
712 1054 741 1079 et
751 1048 873 1078 honoris
883 1048 973 1078 causa
988 1058 1043 1088 ap-
1153 1050 1155 1095 s

146 1090 293 1130 pellabas,
307 1098 336 1122 et
348 1092 447 1121 virum
463 1092 644 1132 primarium
657 1102 718 1122 esse
733 1092 863 1129 dicebas,
881 1097 910 1121 et
925 1091 1043 1121 socium
1152 1126 1154 1133 y

146 1132 302 1164 fraudasse
317 1136 473 1175 arguebas.
504 1135 564 1165 Sed
580 1138 627 1170 (ut
647 1135 766 1175 opinor)
782 1134 906 1164 laudem
922 1133 1042 1164 veritati
1152 1142 1154 1158 s

147 1175 312 1215 tribuebas,
339 1178 452 1207 crimen
478 1178 583 1217 gratiae
609 1178 811 1208 concedebas:
842 1177 880 1208 de
906 1177 975 1214 hoc,
1003 1182 1040 1206 ut
1152 1163 1153 1193 l

147 1219 352 1259 existimabas,
368 1221 570 1263 praedicabas:
597 1221 730 1252 Chaereae
745 1220 893 1251 arbitratu
916 1229 1041 1250 causam
1151 1244 1152 1279 1

147 1263 267 1301 agebas.

192 1305 270 1335 VH.
294 1306 461 1337 Fraudavit
476 1306 614 1337 Roscius.
639 1306 697 1337 Est
706 1306 763 1336 hoc
775 1305 900 1347 quidem
911 1305 1039 1336 auribus

144 1347 316 1389 animisque
331 1349 492 1379 hominum
509 1350 685 1380 absurdum.
710 1350 796 1386 Quid
808 1349 832 1379 si
846 1348 969 1378 tandem
982 1348 1040 1378 ali-

145 1401 238 1431 quem
253 1392 409 1429 timidum,
426 1392 610 1429 dementem,
632 1392 769 1429 divitem,
786 1393 914 1422 inertem
930 1398 1038 1421 nactus

144 1442 231 1471 esset,
257 1434 310 1474 qui
337 1435 465 1475 experiri
492 1445 552 1465 non
583 1435 704 1475 posset?
734 1441 835 1465 tamen
861 1434 1039 1464 incredibile

144 1483 229 1506 esset.
263 1477 496 1516 Verumtamen,
513 1488 606 1518 quem
622 1478 781 1515 fraudarit,
798 1477 965 1508 videamus.
999 1477 1037 1507 C.

146 1519 300 1549 Fannium
322 1520 479 1551 Chaeream
502 1521 628 1551 Roscius
648 1521 809 1551 fraudavit.
843 1521 919 1557 Oro,
943 1525 1038 1560 atque

143 1563 265 1592 obsecro
289 1573 352 1599 vos,
381 1564 434 1604 qui
460 1564 566 1601 nostis,
592 1564 686 1593 vitam
712 1564 790 1593 inter
816 1573 847 1593 se
873 1562 1035 1603 utriusque

143 1605 294 1635 conferte:
320 1606 373 1646 qui
394 1616 454 1636 non
477 1607 581 1643 nostis,
597 1607 705 1637 faciem
729 1607 885 1646 utriusque
900 1605 1036 1635 conside-

142 1653 216 1677 rate.
250 1649 363 1678 Nonne
382 1649 484 1689 ipsum
505 1656 607 1690 caput,
625 1656 654 1679 et
669 1649 829 1690 supercilia
843 1648 896 1678 illa
911 1648 1036 1688 penitus

142 1691 259 1728 abrasa,
276 1691 355 1721 olere
369 1692 530 1728 malitiam,
547 1698 576 1722 et
592 1692 747 1722 clamitare
761 1691 971 1727 calliditatem,
988 1691 1035 1721 vi-

142 1732 277 1764 dentur?
302 1734 424 1771 Nonne,
447 1736 485 1765 ab
506 1735 575 1765 imis
596 1735 751 1775 unguibus
766 1744 863 1775 usque
883 1733 924 1763 ad
943 1733 1035 1763 verti-

141 1785 209 1805 cem
224 1786 393 1813 summum,
411 1778 448 1811 (si
464 1787 559 1818 quam
574 1779 778 1817 conjecturam
798 1777 885 1807 affert
900 1776 1034 1806 homini-

142 1818 199 1849 bus
215 1819 305 1850 tacita
319 1820 450 1861 corporis
465 1820 576 1861 figura)
592 1831 630 1852 ex
649 1820 767 1860 fraude,
789 1818 929 1858 fallaciis,
944 1829 1033 1851 men-
