1181 1902
303 63 361 104 ‘IN
384 61 582 93 VERREM
606 61 654 93 11.
678 61 761 93 CAP.
782 63 830 93 15.
953 63 1013 98 1657

122 155 236 189 mento,
252 148 370 190 legatis,
381 148 647 190 proquaestoribus,
660 148 775 179 cohorti
786 148 943 190 praetoriae,
958 148 989 178 H
993 148 1014 179 S

121 193 207 224 mille
222 198 362 223 sexcenta
380 192 505 233 triginta
519 192 656 232 quinque
667 192 765 222 millia
779 192 1015 233 quadringentos

119 236 225 268 XVII
236 245 388 266 nummos.
400 234 726 276 ReliquiAriminiHS
737 242 876 266 sexcenta
882 235 1015 265 millia.''

123 279 195 310 Hoc
209 285 253 309 est
267 279 395 309 rationes
410 278 519 308 referre
529 278 544 307 ἱ)
566 278 622 308 1100
636 278 728 308 modo
742 284 796 308 aut
815 289 882 319 ego,
898 284 952 308 aut
966 284 1012 314 tu,

120 322 279 359 Hortensi,
308 327 361 352 aut
385 321 547 362 quisquam
571 321 733 351 hominum
760 322 888 352 retulit?
926 321 1012 359 Quid

119 365 178 396 hoc
193 371 238 396 est
248 367 262 396 ‚⁹
286 375 355 406 quae
368 363 582 405 impudentia?
604 374 674 404 quae
689 364 838 395 audacia?
862 364 944 405 quod
960 375 1013 394 ex-

118 409 269 449 emplum,
293 418 331 438 ex
347 414 391 438 tot
405 407 567 437 hominum
582 406 750 437 rationibus
770 407 882 445 relatis,
906 407 1014 446 hujus-

117 451 203 482 modi
218 458 282 482 est.
275 453 289 473 ‘³
324 450 384 481 Ina
399 456 501 481 tamen
523 450 579 481 HS
595 455 736 480 sexcenta
755 450 864 488 millia,
885 461 955 491 quae
975 460 1014 481 ne

117 494 196 525 falso
216 493 340 536 quidem
356 493 466 535 potuit,
491 493 602 534 quibus
622 493 694 523 data
709 499 816 531 essent,
834 493 1012 531 describere,

116 548 186 579 quae
201 548 232 568 se
246 537 384 567 Arimini
395 536 497 567 scribit
511 535 677 577 reliquisse,
700 547 770 577 quae
784 536 849 577 ipsa
867 536 924 566 Hs
944 547 1013 566 sex-

117 587 204 612 centa
218 580 316 610 11111113
333 579 451 620 reliqua
464 579 544 609 facta
559 585 640 617 sunt,
668 589 768 620 neque
783 580 883 610 Carbo
899 579 1010 620 attigit,

118 634 218 665 neque
242 623 329 654 Sulla
354 623 443 661 vidit,
464 632 564 663 neque
587 622 619 652 in
644 623 785 652 aerarium
810 623 905 653 relata
930 628 1011 652 sunt.

119 666 282 708 Oppidum
294 665 351 696 sibi
367 665 458 706 elegit
471 665 664 703 Ariminum,
681 665 764 706 quod
775 671 854 704 tum,
871 676 942 696 cum
957 665 1014 696 iste

117 710 248 741 rationes
259 709 415 747 referebat,
429 719 605 749 oppressum
615 709 830 750 direptumque
842 714 914 740 erat.
938 708 1013 739 Non

118 753 326 794 suspicabatur
342 752 399 790 (id,
416 751 499 793 quod
510 762 592 782 nunc
607 752 738 790 sentiet),
755 752 825 782 satis
839 753 954 782 multos
975 762 1014 782 ex

117 796 172 826 ina
190 795 361 826 calamitate
385 794 631 825 Ariminensium
657 800 745 826 testes
768 795 855 826 nobis
878 795 910 825 in
933 795 1014 826 hanc

117 849 183 870 rem
198 839 329 880 reliquos
345 849 416 869 esse.
451 838 560 868 Recita
574 838 684 869 denuo.
709 840 732 856 ‘⁶
748 839 785 869 P.
801 838 947 875 Lentulo,
971 838 1010 869 L.

116 882 249 920 Triario,
267 881 465 922 quaestoribus
490 881 626 918 urbanis,
654 891 700 912 res
725 881 879 912 rationum
904 882 1013 912 relata-

117 925 221 956 rum-'⁹
246 925 361 955 Recita.
387 923 455 963 [Ex
466 925 497 955 S.
510 924 564 965 C.]
588 925 634 955 Ut
644 924 702 955 hoc
710 931 799 965 pacto
808 925 956 955 rationem
965 935 1014 955 re..

117 968 195 999 ferre
209 968 322 1006 liceret,
346 978 381 998 eo
397 968 542 998 Sullanus
562 973 684 1008 repente
703 968 801 998 factus
815 973 869 1005 est,
894 978 954 998 non
977 974 1014 998 ut

117 1011 213 1042 honos
228 1017 258 1042 et
272 1011 402 1052 dignitas
417 1010 568 1041 nobilitati
582 1011 797 1041 restitueretur.
821 1010 915 1049 Quod
931 1011 955 1041 si
975 1011 1013 1041 il-

117 1055 179 1085 linc
199 1054 297 1084 inanis
316 1054 510 1095 profugisses,
534 1059 636 1084 tamen
652 1054 709 1084 ista
724 1060 777 1084 tua
790 1053 866 1094 fuga
885 1054 1012 1091 nefaria,

118 1097 249 1146 proditio
272 1097 402 1128 consulis
427 1097 473 1127 tui
499 1097 651 1134 scelerata,
671 1096 867 1136 judicaretur.
906 1097 1013 1128 Malus

118 1141 202 1179 civis,
225 1140 383 1181 improbus
403 1140 519 1177 consul,
544 1140 701 1170 seditiosus
724 1140 817 1170 homo
837 1140 895 1170 C.n
913 1140 1014 1171 Carbo

118 1184 187 1215 fuit„
220 1183 327 1214 Fuerit
346 1183 431 1214 aliis:
456 1183 512 1213 tibi
532 1183 655 1224 quando
675 1193 736 1213 esse
757 1183 864 1224 coepit.
857 1185 870 1205 '³
894 1190 1013 1224 postea-

117 1237 213 1269 quam
238 1226 295 1257 tibi
319 1226 493 1268 pecuniam,
520 1236 585 1256 rem
611 1225 854 1264 frumentariam,
881 1226 1013 1257 rationes

117 1281 223 1301 omnes
243 1280 323 1307 suas,
347 1269 585 1310 exercitumque,
610 1270 770 1300 commisit.
798 1270 883 1300 Nam
907 1270 932 1300 si
955 1270 1012 1300 tibi

118 1319 208 1344 antea
221 1313 432 1354 displicuisset,
447 1313 530 1343 idem
544 1312 672 1350 fecisses,
690 1313 772 1353 quod
787 1323 866 1343 anno
878 1318 946 1353 post
961 1313 1011 1343 M.

119 1358 202 1389 Piso.
235 1355 378 1394 Quaestor
399 1366 471 1386 cum
491 1355 529 1385 L.
555 1355 689 1396 Scipioni
709 1356 825 1386 consuli
845 1356 1012 1396 obtigisset,

117 1411 180 1432 non
204 1399 304 1440 attigit
327 1399 508 1440 pecuniam;
531 1408 593 1428 non
613 1398 652 1429 ad
672 1399 837 1430 exercitum
860 1399 1013 1440 profectus

117 1450 172 1475 est.
196 1443 290 1482 Quod.
301 1442 338 1473 de
353 1442 508 1483 republica
519 1442 621 1481 sensit,
636 1442 679 1472 ita
690 1443 792 1480 sensit,
807 1448 843 1472 ut
853 1452 908 1473 nec
919 1442 1012 1473 fidem

117 1497 217 1525 suam,
233 1496 288 1516 nec
302 1496 419 1516 morem
434 1486 599 1525 majorum,
615 1495 671 1516 nec
684 1485 934 1517 necessitudinem
950 1496 1013 1516 sor-

118 1531 168 1570 tis,
183 1530 315 1560 laederet.

160 1573 237 1604 XV.
260 1572 386 1603 Etenim
401 1572 426 1602 si
440 1572 506 1603 haec
520 1573 696 1613 perturbare
711 1572 825 1611 omnia,
842 1578 872 1603 et
885 1573 1013 1614 permis-

119 1628 184 1649 cere
196 1616 336 1647 volumus
347 1626 358 1652 ς
374 1621 469 1646 totam
480 1616 575 1646 vitam
590 1616 801 1657 periculosam,
818 1616 1011 1651 invidiosam,

119 1660 333 1700 infestamque,
350 1658 531 1695 reddemus3
555 1659 581 1689 si
603 1659 723 1689 nullam
749 1659 926 1699 religionem
950 1669 1014 1689 sors

117 1703 253 1741 habebit,
276 1702 394 1733 nullam
409 1702 599 1733 sanctitatem
614 1702 786 1742 conjunctio
801 1702 940 1733 secundae
954 1701 1012 1732 du-

117 1748 237 1789 biaeque
258 1746 399 1785 fortunae,
423 1746 542 1778 nullam
562 1746 771 1779 auctoritatem
797 1756 896 1778 mores
921 1752 1014 1786 atque
