1181 1902
162 45 223 77 130
277 45 328 76 IN
352 43 592 76 CAECILIUM
615 44 764 77 DIVIN.
787 45 871 76 CAP.
887 47 941 76 22.

160 132 270 169 fuerat,
294 131 332 161 L.
350 132 472 163 Cottam
493 132 526 162 in
544 130 694 171 judicium
715 132 850 162 vocabat.
881 131 960 162 Jure
981 137 1051 161 tum

161 175 286 205 florebat
301 176 407 216 populi
423 175 557 205 Romani
577 184 708 205 nomen:
731 176 799 214 jure
819 175 978 205 auctoritas
992 174 1053 204 hu-

158 219 210 257 jus
224 218 355 258 imperii,
374 218 562 259 civitatisque
581 219 734 257 majestas,
756 217 855 258 gravis
874 218 1052 248 habebatur.

163 262 266 291 Nemo
282 261 467 291 mirabatur
459 271 491 291 m
506 261 653 291 Africano
668 261 732 297 illo,
750 260 854 301 quod'
847 271 879 290 in
893 271 944 290 me
958 270 1052 308 ntunc,

162 303 286 334 homine
303 304 403 344 parvis
420 304 528 352 opibus
543 314 579 335 ac
593 304 787 334 facultatibus
802 303 939 344 praedito,
961 303 1056 333 simu-

162 347 227 377 lant
243 358 305 377 sese
325 347 439 385 mirari,
456 358 526 377 cum
541 348 666 377 moleste
686 347 793 377 ferant.
828 346 914 384 Quid
928 345 985 376 sibi
999 346 1056 376 iste

165 391 256 420 vult?
281 396 521 420 accusatoremne
537 400 567 420 se
583 390 759 428 existimari,
775 390 829 430 qui
849 395 937 419 antea
951 388 1055 418 defen-

165 433 235 462 dere
259 439 471 470 consueverat3
497 443 579 463 nune
602 432 780 473 praesertim,
808 443 843 462 ea
865 433 931 472 jam
958 437 1057 469 aetate,

165 486 237 506 cum
258 476 432 506 aedilitatem
458 476 562 524 petat?
585 476 654 516 Ego
675 486 725 506 ver
726 487 743 506 o
764 475 859 506 aetatis
883 485 944 505 non
965 475 1058 504 modo

166 529 253 556 meae,
278 519 329 549 sed
343 519 442 549 multo
458 519 549 549 etiam
565 519 736 560 superioris,
753 525 782 549 et
797 518 918 548 honoris
933 517 1059 558 amplis-

166 562 235 592 simi
249 568 324 603 puto
340 573 413 598 esse,
431 568 460 592 et
475 573 612 592 accusare
627 562 791 602 improbos,
805 567 834 592 et
844 561 968 591 miseros
980 561 1060 591 cala-

167 605 351 645 mitososque
362 605 530 635 defendere.
555 605 598 635 Et
612 606 745 646 profecto
758 611 811 634 aut
822 605 879 634 hoc
891 603 1060 634 remedium

167 653 212 678 est
228 655 346 688 aegrotae
366 659 401 678 ac
421 659 514 689 prope
533 648 696 689 desperatae
716 647 900 688 reipublicae,
921 647 1058 686 judiciis-

167 701 227 732 que
242 701 266 720 c
267 691 388 732 irruptis
403 702 437 721 ac
452 691 661 721 contaminatis
676 701 843 732 paucorum
858 690 930 720 vitio
945 700 980 720 ac
995 696 1061 719 tur-

167 734 317 775 pitudine,
342 734 480 764 homines
500 734 539 764 ad
562 735 666 774 legum
690 734 906 771 defensionem,
928 732 1058 772 judicio-

167 787 299 817 rumque
322 777 541 815 auctoritatem,
565 788 658 818 quam
682 776 906 807 honestissimos
929 782 959 806 et
982 776 1060 806 inte-

169 820 314 860 gerrimos
329 820 634 860 diligentissimosque
649 820 804 850 accedere:
829 825 893 856 aut,
911 819 935 849 si
950 829 988 849 ne
1002 819 1060 848 hoc

167 863 293 903 quidem
308 863 447 903 prodesse
462 863 580 903 poterit,
597 863 729 903 profecto
744 863 829 892 nulla
840 872 979 902 unquam
994 871 1060 891 me—

167 906 268 935 dicina
291 906 338 936 his
361 912 406 936 tot
428 906 628 936 incommodis
650 906 822 946 reperietur.
858 905 956 935 Nulla
979 905 1060 935 salus

169 949 342 989 reipublicae
357 950 454 988 major
474 955 528 986 est,
550 959 644 989 quam
664 960 724 986 eos,
750 949 803 989 qui
823 949 952 978 alterum
973 953 1062 978 accu'-

168 998 247 1029 sant,
272 1002 332 1021 non
347 992 449 1022 minus
465 992 502 1021 de
516 992 618 1031 laude,
640 992 677 1022 de
696 992 820 1029 honore,
842 992 879 1021 de
894 991 977 1021 fama
992 990 1059 1028 sua,

168 1044 263 1075 quam
289 1035 368 1073 illos,
396 1035 449 1076 qui
475 1041 663 1074 accusantur,
690 1034 727 1065 de
750 1034 847 1075 capite
872 1045 907 1064 ac
932 1033 1061 1064 fortunis

168 1077 242 1116 suis,
264 1078 480 1118 pertimescere.
515 1078 624 1119 Itaque
648 1088 765 1118 semper
788 1078 810 1107 ii
833 1076 1061 1117 diligentissime

168 1120 459 1162 laboriosissimeque
483 1123 671 1158 accusarunt,
697 1121 751 1161 qui
774 1120 885 1161 scipsos
904 1120 936 1150 in
956 1119 1061 1155 discri-

170 1173 241 1193 men
258 1163 492 1194 existimationis'
502 1164 602 1194 venire
617 1164 752 1194 arbitrati
767 1170 848 1193 sunt.

214 1207 329 1236 XXII.
349 1207 560 1244 Quamobrem
570 1207 628 1237 hoc
639 1212 778 1245 statuere,
793 1206 919 1246 judices,
932 1205 1059 1243 debetis,

172 1249 213 1287 Q.
231 1249 401 1286 Caecilium,
426 1250 463 1280 de
483 1260 544 1290 quo
568 1250 654 1279 nulla
672 1259 810 1290 unquam
834 1249 936 1290 opinio
956 1249 1059 1286 fuerit,

172 1291 318 1332 nullaque
333 1293 364 1322 in
380 1292 436 1323 hoc
455 1293 521 1333 ipso
539 1292 653 1331 judicio
673 1292 856 1332 exspectatio
876 1292 980 1322 futura
1000 1292 1060 1327 sit;

172 1334 227 1375 qni
242 1345 350 1375 neque,
368 1341 402 1365 ut
414 1341 483 1366 ante
494 1336 649 1365 collectam
661 1335 776 1365 famam
789 1341 951 1372 conservet,
964 1344 1063 1375 neque

173 1378 219 1407 uti
243 1378 351 1418 reliqui
371 1378 514 1419 temporis
536 1388 621 1418 spem
644 1378 812 1415 confirmet,
837 1378 975 1414 laborat3
1001 1387 1062 1408 non

173 1420 264 1450 nimis
279 1421 357 1451 hanc
373 1431 493 1451 causam
509 1431 619 1458 severe,
640 1431 701 1451 non
723 1421 813 1451 nimis
833 1427 980 1458 accurate,
1001 1430 1064 1451 non

174 1463 266 1493 nimis
285 1464 444 1504 diligenter
464 1470 613 1494 acturum.
647 1464 751 1494 Habet
771 1464 852 1494 enim
874 1464 960 1499 nihil,
981 1463 1063 1504 quod

175 1505 208 1535 in
234 1507 396 1537 offensione
422 1507 586 1547 deperdat:
618 1513 653 1537 ut
676 1507 849 1547 turpissime
871 1506 1065 1547 flagitiosissi-

174 1559 286 1589 meque
307 1549 449 1588 discedat,
470 1550 546 1579 nihil
568 1550 606 1580 de
628 1550 689 1580 suis
711 1550 861 1581 veteribus
883 1549 1068 1580 ornamentis

179 1592 321 1633 requiret.

216 1635 248 1665 A
264 1636 350 1666 nobis
365 1635 477 1666 multos
491 1635 608 1666 obsides
627 1636 719 1666 habet
739 1635 873 1677 populus
893 1635 1065 1674 Romanus,

171 1688 249 1718 quos
264 1684 299 1708 ut
318 1679 484 1709 incolumes
504 1689 687 1717 conservare,
709 1679 798 1717 tueri,
820 1678 1008 1713 confirmare,
1031 1689 1066 1709 ac
1157 1714 1159 1720 ἲ

173 1730 348 1762 recuperare
362 1722 522 1762 possimus,
540 1722 623 1753 omni
643 1722 757 1753 ratione
774 1722 830 1753 erit
844 1721 1065 1753 dimicandum.
1156 1721 1181 1902 ‘L
