1181 1902
208 112 271 146 276
380 111 432 141 IN
455 110 652 142 VERREM
676 109 742 141 ΠΙ.
766 109 849 141 ΟΜ».
871 109 924 140 68.

209 207 271 237 quo
286 207 367 234 casu,
384 197 447 227 fieri
463 197 559 227 solet?
584 198 655 227 Non
672 202 734 227 erat
749 196 780 226 in
795 196 852 226 hoc
864 206 964 244 neque
985 195 1098 226 crimen

211 241 323 276 ullum,
347 250 446 281 neque
476 240 674 280 reprehensio.
706 240 756 269 Ex
779 250 840 279 quo
863 239 955 279 igitur
984 239 1097 268 crimen

211 289 303 323 atque
326 283 475 313 accusatio
502 283 657 313 nascitur⁹
682 293 719 312 ex
743 282 903 312 hominum
931 282 1044 321 judicio
1071 287 1101 311 et

214 327 378 356 voluntate.

256 369 419 399 LXVIII.
444 369 523 409 Ego,
541 369 565 398 51
582 369 727 399 Metellus
743 374 855 398 statuas
871 377 1012 408 reponere
1022 367 1102 397 Cen-

214 411 362 452 turipinos
382 421 442 441 non
459 412 612 451 coegisset,
630 411 695 441 hzec
710 412 858 441 dicerem:
884 411 1004 445 Videte,
1019 410 1102 449 judi-

215 465 273 489 ces,
299 460 448 495 quantum
472 461 501 484 et
525 465 617 495 quam
634 456 775 484 acerbum
796 455 929 484 dolorem
954 454 1102 483 sociorum

215 504 307 538 atque
331 498 498 527 amicorum
525 497 634 527 animis
659 497 822 527 inusserint
851 497 937 526 istius
963 496 1099 535 injuriae;

216 550 286 570 cum
303 541 571 581 Centuripinorum
592 540 773 570 amicissima
796 546 824 570 et
845 539 1017 569 fidelissima
1032 539 1105 569 civi-

218 589 274 619 tas,
292 594 360 624 quae
375 583 466 613 tantis
481 583 584 613 officiis
597 593 666 613 cum
679 584 792 624 populo
809 584 950 613 Romano
962 583 1105 621 conjunc-

219 632 250 656 ta
280 632 335 663 est,
367 632 401 656 ut
431 636 490 656 non
517 627 615 656 solum
641 627 860 666 rempublicam
886 632 1031 662 nostram,
1055 624 1105 654 sed

221 669 313 699 etiam
326 670 356 699 in
370 669 476 710 quovis
489 669 612 699 homine
621 669 738 709 privato
754 679 863 698 nomen
880 669 979 709 ipsum
993 669 1109 698 Roma-

221 722 343 749 norum,
360 722 478 752 semper
498 712 649 747 dilexerit„
672 723 706 742 ea
725 712 847 752 publico
872 711 994 741 consilio
1018 717 1109 751 atque

221 755 397 785 auctoritate
409 755 564 794 judicarit,
588 755 622 784 G.
640 755 744 785 Verris
760 762 872 785 statuas
894 765 955 784 esse
978 754 1010 783 in
1035 755 1110 783 urbe

222 798 277 828 sua
302 808 363 828 non
387 804 533 838 oportere.
558 798 731 828 Recitarem
754 798 872 827 decreta
894 797 1110 837 Centuripino-

222 851 310 871 rum:
335 841 492 870 laudarem
508 841 593 870 illam
615 840 771 870 civitatem
788 840 844 875 (id,
861 840 944 880 quod
960 840 1113 870 verissime

224 890 371 925 possem):
390 894 670 919 commemorarem,
683 883 786 913 decem
801 883 898 912 millia
910 883 1022 913 civium
1035 883 1115 913 Ceu-

224 927 440 967 turipinorum,
456 926 688 956 fortissimorum
707 926 1012 966 fidelissimorumque
1024 927 1117 956 socio-

225 981 306 1007 rum,
329 980 377 999 eos
393 979 497 999 omnes
513 969 661 1007 statuisse,
690 969 947 999 “monimentum
973 969 1059 999 istius
1084 969 1115 999 in

227 1013 283 1044 sua
303 1012 422 1043 civitate
448 1013 569 1042 nullum
591 1022 653 1042 esse
673 1012 843 1053 oportere.''
876 1012 952 1042 Haee
978 1018 1044 1042 111111
1072 1013 1118 1042 di-

226 1066 338 1093 cerem,
361 1055 385 1085 si
409 1061 522 1085 statuas
546 1055 692 1085 Metellus
716 1065 775 1085 non
801 1055 988 1095 reposuisset.
1013 1055 1117 1085 Velim

227 1109 360 1140 quaerere
384 1108 465 1128 nunc
490 1109 527 1128 ex
550 1098 616 1138 ipso
641 1098 780 1135 Metello,
802 1098 950 1138 quidnam
969 1098 1024 1127 51ιῇ
1044 1098 1074 1128 vi
1090 1104 1118 1128 et

228 1141 404 1173 auctoritate
419 1141 495 1171 mihi
511 1151 548 1171 ex
564 1141 620 1171 hac
635 1141 767 1171 oratione
790 1141 966 1181 praeciderit.
998 1140 1117 1171 Eadem

227 1186 335 1226 opinor
358 1184 461 1214 omnia
484 1184 650 1215 convenire.
682 1185 792 1225 Neque
819 1184 911 1221 enim,
937 1184 962 1214 si
984 1184 1119 1215 maxime

229 1234 336 1258 statuae
351 1227 473 1266 dejectae
488 1233 596 1265 essent,
614 1238 662 1257 eas
677 1237 732 1267 ego
748 1227 831 1257 vobis
851 1237 968 1267 possem
986 1228 1118 1266 jacentes

230 1270 396 1301 ostendere.
422 1270 490 1300 Hoc
513 1280 574 1300 uno
598 1276 706 1306 uterer,
732 1270 883 1300 civitatem
910 1276 972 1300 tam
994 1280 1117 1310 gravem

230 1320 344 1344 statuas
356 1313 507 1353 judicasse
521 1313 556 1344 C.
574 1313 677 1343 Verris
700 1313 914 1343 demoliendas.
950 1313 1019 1343 Hoc
1041 1313 1118 1343 mihi

232 1357 379 1387 Bletellus
404 1366 464 1386 non
486 1356 610 1396 eripuit:
641 1356 698 1386 hoc
714 1356 804 1386 etiam
820 1356 947 1393 addidit,
963 1362 998 1385 111
1013 1367 1120 1396 quere-

232 1411 279 1430 rer
294 1400 332 1433 (si
347 1399 424 1429 mihi
439 1399 614 1435 videretur),
631 1404 693 1429 tam
710 1399 814 1439 iniquo
832 1400 901 1437 jure
923 1399 1008 1429 sociis
1029 1405 1120 1440 atque

231 1443 337 1473 amieis
361 1442 513 1482 imperari,
536 1449 571 1472 111
585 1442 621 1472 115
636 1452 674 1472 ne
688 1442 720 1472 in
740 1442 801 1472 suis
824 1442 948 1482 quidem
970 1442 1121 1472 beneficiis

232 1486 327 1516 libero
339 1485 454 1524 judicio
469 1485 514 1515 uti
528 1485 645 1515 liceret:
675 1491 710 1514 ut
725 1495 776 1515 vos
791 1495 939 1525 rogarem,
956 1491 991 1514 ut
1006 1486 1122 1524 conjec-

233 1535 334 1559 turam
346 1528 492 1564 facerefis,
506 1529 626 1569 qualem
639 1528 670 1557 in
683 1528 729 1557 1115
744 1529 833 1558 rebus
848 1528 879 1557 in
895 1538 945 1557 me
961 1527 998 1557 L.
1013 1528 1125 1558 Metel-

233 1572 301 1602 lum
325 1571 416 1601 fuisse
440 1571 596 1611 putaretis,
622 1572 652 1600 in
678 1571 788 1611 quibus
814 1572 903 1601 rebus
923 1572 1025 1600 obesse
1046 1571 1123 1601 mihi

232 1621 346 1655 -posset,
363 1624 445 1651 cum,
462 1614 493 1643 in
509 1614 566 1643 hac
581 1624 623 1650 re,
640 1620 703 1643 tam
725 1612 827 1653 aperta
842 1613 1005 1654 cupiditate
1020 1613 1123 1651 fuerit,

237 1658 269 1687 in
284 1657 345 1698 qua
356 1657 433 1686 nihil
445 1656 552 1687 obfuit.
577 1657 637 1687 Sed
652 1667 707 1697 ego
722 1657 850 1687 Metello
866 1666 926 1686 non
937 1656 1057 1694 irascor,
1074 1667 1126 1687 ne-

239 1711 299 1741 que
314 1701 341 1730 ei
356 1710 442 1730 suam
458 1700 670 1740 purgationem
686 1699 790 1740 eripio,
812 1698 873 1740 quai
893 1699 944 1728 ille
959 1699 1040 1740 apud
1060 1710 1126 1729 om-

240 1753 292 1773 nes
307 1743 413 1779 utitur,
430 1749 465 1773 ut
486 1743 561 1773 nihil
583 1743 731 1774 malitiose
751 1752 848 1783 neque
869 1742 1005 1773 oonsulto
1026 1741 1128 1772 fecisse

236 1786 386 1817 .vi(leatur.
