1181 1902
147 39 208 69 186
329 37 379 67 IN
405 37 601 68 VERREM
628 37 674 67 II.
699 37 783 68 CAP.
800 37 851 68 34.

192 123 313 164 Nuper,
342 122 391 153 M.
412 123 542 153 Aurelio
566 123 680 154 Scauro
702 123 885 164 postulante,
910 122 992 163 quod
1014 122 1040 153 is

149 167 266 208 Ephesi
281 176 312 196 se
323 172 502 207 quaestorem
512 165 542 196 vi
553 166 740 207 prohibitum
752 177 814 197 esse
825 166 953 201 dicebat,
965 175 1041 206 quo-

150 211 253 240 minus
268 220 284 239 e
299 208 369 239 fano
385 209 495 239 Dianae
510 219 629 239 servum
646 220 748 245 suum,
771 209 824 250 qui
839 209 870 238 in
882 208 959 238 illud
974 219 1043 248 asy-

151 253 219 283 lum
234 252 427 292 confugisset,
449 252 630 289 abducerem
656 253 785 282 Pericles
807 252 970 292 Ephesius,
987 251 1042 281 ho-

152 306 204 326 mo
228 295 444 331 nobilissimus,
463 295 596 325 Romam
617 302 756 325 evocatus
772 301 826 331 est,
844 295 925 335 quod
941 300 1045 324 auctor

153 338 274 378 injuriae
288 338 370 368 illius
386 338 477 368 fuisse
486 344 680 378 argueretur:
706 344 750 374 tu,
767 339 792 368 si
808 344 836 368 te
850 338 987 377 legatum
1002 337 1046 366 ita

156 381 319 422 Lampsaci
341 387 501 411 tractatum
525 391 598 418 esse,
615 387 753 411 senatum
770 381 930 417 docuisses,
952 386 987 410 ut
1001 379 1048 410 tui

155 425 280 455 comites
305 425 544 461 vulnerarentur,
571 425 659 454 lictor
685 424 879 461 occideretur,
904 424 968 464 ipse
992 423 1048 453 cir-

156 478 324 498 cumsessus
340 477 425 508 paene
440 467 650 502 incenderere;
675 468 739 506 ejus
764 473 866 497 autem
889 467 931 497 rei
958 466 1048 496 duces

156 517 186 541 et
201 517 336 541 auctores
352 516 380 540 et
395 510 544 550 principes
560 510 652 540 fuisse
668 514 758 551 (quos
773 510 888 546 scribis)
906 509 1049 539 Themis-

156 559 294 594 tagoram
321 559 350 583 et
374 553 578 589 Thessalum3
603 554 671 594 quis
698 563 758 583 non
782 553 1047 583 commoveretur?

157 597 226 638 quis
247 606 319 633 non,
344 607 381 626 ex
402 596 515 635 injuria
535 608 603 637 quae
624 596 679 626 tibi
699 602 774 626 esset
795 596 884 633 facta,
909 595 966 625 sibi
980 605 1051 635 pro-

156 639 296 672 videret?
321 640 389 680 quis
405 650 465 669 non
478 639 510 668 in
526 640 562 669 ea
578 650 608 669 re
621 649 743 669 causam
759 645 856 675 tuam,
880 638 1050 679 periculum
1087 650 1090 652 ’

158 693 332 719 commune,
356 682 405 722 agi
428 682 648 713 arbitraretur?
673 682 799 712 Etenim
823 691 934 711 nomen
959 680 1051 721 legati

158 725 308 766 ejusmodi
324 736 386 755 esse
401 725 500 760 debet,
518 726 611 765 quod,
629 735 689 755 non
705 724 796 755 modo
812 725 888 754 inter
904 724 1052 754 sociorum

155 770 238 809 jura,
266 768 317 799 sed
341 768 433 798 etiam
459 768 536 798 inter
562 768 696 798 hostium
720 767 791 806 tela,
814 768 966 797 incolume
987 777 1053 797 ver-

159 818 250 851 setur,

205 855 366 886 XXXIV.
380 854 535 895 Magnum
550 855 608 885 hoc
621 855 866 895 Lampsacenum
882 853 994 884 crimen
1011 860 1055 883 est

159 898 295 928 libidinis
319 904 411 939 atque
437 898 669 938 improbissimae
695 897 877 938 cupiditatis.
916 896 1056 936 Accipite

160 951 243 972 nunc
254 941 387 972 avaritiae
402 941 624 982 propemodum
636 941 667 971 in
680 951 734 971 suo
750 951 858 981 genere
873 950 933 970 non
949 939 1054 970 levius.

161 985 300 1015 Milesios
316 994 425 1014 navem
441 985 587 1025 poposcit,
611 995 681 1025 quae
696 994 778 1020 eum,
802 983 933 1024 praesidii
954 982 1055 1019 causa,

161 1027 321 1068 Myndum
348 1034 586 1067 prosequeretur.
631 1027 683 1057 Illi
709 1027 811 1057 statim
838 1035 1056 1067 myoparonem

161 1071 318 1111 egregium
334 1071 371 1100 de
386 1070 441 1101 sua
453 1071 556 1106 classe,
570 1076 710 1100 ornatum
723 1076 814 1110 atque
825 1076 990 1104 armatum,
1007 1068 1059 1098 de-

161 1114 281 1143 derunt.
307 1114 377 1143 Hoc
391 1113 530 1153 praesidio
546 1113 704 1154 Myndum
716 1113 867 1153 profectus
883 1121 935 1142 est.
960 1113 1057 1149 Nam,

162 1157 237 1197 quid
251 1156 381 1187 Milesiis
395 1157 474 1186 lanae
488 1156 619 1197 publicae
630 1156 797 1191 abstulerit,
814 1156 886 1185 item
903 1155 940 1185 de
955 1161 1059 1185 sumtu

162 1199 195 1229 in
215 1199 392 1237 adventum,
416 1199 454 1229 de
473 1200 662 1230 contumeliis
677 1205 706 1229 et
720 1198 839 1238 injuriis
854 1198 885 1228 in
901 1198 1060 1238 magistra-

162 1248 231 1272 tum
248 1243 419 1281 Milesium,
443 1243 563 1273 tametsi
577 1242 636 1272 dici
652 1248 718 1272 tum
740 1252 819 1278 vere,
843 1247 909 1271 tum
931 1241 1061 1282 graviter

164 1291 194 1316 et
220 1286 413 1316 vehementer
437 1292 546 1326 potest,
570 1291 672 1315 tamen
699 1285 795 1315 dicere
819 1285 1061 1325 praetermittam,

166 1339 262 1369 eaque
277 1329 381 1359 onmia
393 1328 517 1359 testibus
532 1329 650 1368 integra
664 1329 829 1358 reservabo.
866 1327 961 1365 Illud,
978 1327 1061 1368 quod

166 1382 213 1401 ne
208 1382 266 1412 lue
290 1372 381 1402 taceri
404 1372 468 1401 ullo
492 1353 614 1409 modo?
619 1381 719 1412 neque
741 1371 800 1403 dici
823 1380 878 1411 pro
902 1370 1060 1411 dignitate,

165 1420 276 1456 potest,
300 1415 477 1455 cognoscite.

212 1457 331 1488 Milites
352 1458 436 1487 remi‹
428 1468 541 1498 resque
561 1457 709 1487 Miletum
731 1456 854 1497 Myndo
874 1457 1002 1497 pedibus
1016 1466 1063 1487 re-

168 1500 244 1531 verti
253 1501 360 1539 jubet:
378 1501 442 1541 ipse
457 1511 674 1541 myoparonem
690 1500 941 1540 pulcherrimum,
959 1500 996 1530 de
1011 1499 1063 1529 de-

169 1554 235 1574 cem
260 1543 455 1573 Milesiorum
478 1545 606 1574 navibus
627 1544 768 1580 electum,
793 1543 831 1572 L.
849 1543 958 1583 Magio
979 1548 1007 1573 et
1023 1542 1062 1572 L.

171 1586 283 1624 Rabio,
308 1586 361 1627 qui
388 1586 502 1627 Myndi
528 1586 717 1623 habitabant,
741 1586 884 1616 vendidit.
924 1585 969 1615 Hi
993 1590 1064 1616 sunt

169 1630 320 1665 homines,
337 1640 412 1670 quos
428 1639 525 1670 nuper
540 1636 660 1659 senatus
675 1629 706 1658 in
719 1629 851 1659 hostium
868 1639 995 1658 numero
1010 1628 1065 1658 ha-

171 1673 285 1703 bendos
309 1672 433 1702 censuit.
463 1673 533 1702 Hoc
557 1673 603 1702 illi
625 1672 746 1712 navigio
769 1672 808 1702 ad
832 1682 935 1702 omnes
959 1671 1066 1712 populi

171 1715 305 1747 Romani
320 1715 431 1756 hostes,
454 1726 551 1757 usquc
567 1716 605 1746 ab
622 1715 746 1753 Dianio,
771 1715 853 1756 quod
869 1715 900 1745 in
917 1713 1069 1756 Hispania.
