1181 1902
232 123 282 154 IN
307 123 503 155 VERREM
528 125 594 156 111.
618 124 702 156 car.
724 126 776 155 65.
886 122 948 159 273

61 208 166 240 imicos
182 219 255 246 esse,
272 210 325 251 qui
337 210 459 251 quidem
477 218 506 241 et
521 211 553 241 in
565 216 595 242 te
609 211 786 252 gravissima
800 210 954 251 postulata

58 252 236 283 consulibus
257 254 415 291 ediderint,
436 260 465 284 et
480 265 541 290 me,
557 260 592 284 ut
607 255 684 284 hanc
701 264 822 285 causam
835 253 954 284 salutis-

64 306 123 336 que
143 306 206 326 suae
228 296 432 327 defensionem
454 297 647 338 susciperem,
664 297 863 327 obsecrarint:
888 295 955 336 qui,

62 348 135 368 cum
161 349 179 368 a
202 345 328 379 praetore
348 340 590 380 prohiberentur,
613 351 630 370 a
651 346 781 380 quatuor
799 339 956 381 quaestori-

64 382 121 411 bus
142 381 371 422 impedirentur,
396 383 535 412 omnium
550 383 660 420 minas,
677 389 769 424 atque
784 383 888 412 onmia
903 392 951 422 pe-

62 424 139 454 rieul
142 435 169 461 a,
192 435 246 465 pro
271 425 366 455 salute
386 436 431 456 su
424 426 452 463 a,
480 426 557 455 levia
580 426 738 456 duxerint·
768 426 833 466 qui,
857 425 956 466 priore

65 467 192 504 actione,
214 468 256 497 ita
271 469 441 499 testimonia
456 469 586 509 graviter
601 469 855 509 vehementerque
871 468 956 498 dixe-

56 509 137 548 trint,
175 516 209 540 ut
243 493 474 549 Artemonem?
490 511 726 552 Centuripinum
750 512 897 552 legatum,
929 516 958 540 et

66 553 186 593 publice
202 560 319 590 testem,
336 555 376 592 Q.
396 555 577 585 Hortensius
593 561 806 590 accusatorem,
824 564 883 584 non
901 559 959 583 tes-

68 601 141 632 tem,
154 607 216 627 esse
226 597 344 627 diceret.
369 598 496 628 Etenim
512 598 574 635 ille,
591 608 660 628 cum
677 604 798 638 propter
814 597 958 627 virtutem

66 644 96 668 et
120 639 222 677 fidem,
247 651 318 670 cum
348 641 508 678 Androne,
540 641 663 671 homine
689 640 899 671 honestissimo
928 645 957 669 et

66 682 242 719 certissimo,
267 690 333 713 tum
354 684 445 714 etiam
466 690 588 724 propter
606 684 822 724 eloquentiam,
839 684 956 723 legatus

67 735 85 754 a
100 725 160 755 suis
176 725 291 756 civibus
307 727 417 757 electus
439 733 493 764 est,
513 734 547 757 ut
566 733 665 768 posset
685 727 797 756 multas
820 726 906 756 istius
927 731 957 755 et

68 768 164 798 varias
183 769 310 808 injurias
332 781 424 811 quam
452 771 638 811 apertissime
660 770 744 800 vobis
769 769 959 810 planissime-

67 821 128 852 que
143 812 302 852 explicare.

111 855 215 885 LXV.
240 855 395 886 Dixerunt
422 857 573 893 Halesini,
595 857 782 892 catinenses,
805 855 959 896 Tyndari-

69 897 143 935 tani,
160 897 330 935 Ennenses,
349 900 555 937 Herbitenses,
572 900 791 940 Agyrinenses,
809 899 959 929 Netinen-

68 951 124 977 ses,
156 942 326 981 Se1estani.
362 953 521 973 numerare
544 953 647 973 omnes
672 953 733 973 non
760 949 804 972 est
830 952 958 972 necesse.

68 983 168 1019 Scitis,
190 995 283 1025 quam
302 986 392 1015 multi
414 993 443 1016 et
462 997 554 1027 quam
574 987 683 1022 multa,
707 986 805 1026 priore
828 985 957 1021 actione,

62 1026 209 1060 dixerint.
236 1028 265 1057 N
270 1039 329 1058 unc
344 1034 372 1061 et
387 1029 432 1058 illi
445 1036 474 1058 et
486 1029 594 1070 reliqui
606 1029 715 1059 dicent.
740 1029 858 1060 Omnes
873 1028 960 1058 deni-

69 1080 128 1110 que
144 1070 221 1100 hoc
214 1080 245 1100 ln
260 1071 316 1101 hac
331 1082 421 1102 causa
439 1072 619 1112 intelligent,
636 1072 693 1102 hoc
708 1072 810 1102 animo
830 1082 891 1101 esse
912 1071 960 1101 Si-

69 1113 163 1150 culos,
177 1120 221 1149 ut,
234 1114 258 1144 si
274 1114 305 1143 in
321 1114 411 1144 istum
429 1115 673 1145 animadversum
691 1125 751 1145 non
766 1115 815 1150 sit,
835 1115 892 1145 sibi
914 1125 960 1144 re-

69 1156 250 1196 linquendas
270 1157 375 1188 domos
397 1168 433 1188 ac
452 1158 536 1188 sedes
557 1168 637 1195 suas,
660 1164 689 1188 et
704 1169 741 1188 ex
757 1158 860 1188 Sicilia
875 1157 961 1188 dece-

70 1199 217 1236 dendum,
243 1206 334 1241 atque
360 1200 435 1231 adeo
458 1201 652 1241 fugiendum,
678 1212 740 1231 esse
765 1201 959 1231 arbitrentur.

71 1242 139 1272 Hos
154 1242 303 1281 homines,
318 1249 351 1273 tu
367 1244 573 1284 persuadebis,
590 1244 628 1274 ad
644 1244 771 1274 honores
782 1250 873 1285 atque
895 1254 961 1274 am-

71 1285 253 1325 plitudinem
270 1292 366 1323 tuam,
384 1287 527 1328 pecunias
552 1288 703 1317 maximas
728 1288 886 1318 voluntate
906 1287 963 1316 sust

72 1329 252 1359 contulisse?
277 1330 386 1367 Credo,
403 1330 457 1371 qui
472 1338 500 1361 te
516 1331 547 1360 in
563 1331 616 1360 tua
638 1331 757 1361 civitate
778 1330 963 1360 incolumem

68 1381 134 1402 esse
149 1373 275 1409 nollent,
294 1372 326 1402 hi
338 1374 527 1404 monimenta
541 1379 601 1403 tuae
616 1373 722 1403 formae
736 1384 771 1404 ac
788 1373 920 1403 nominis
931 1373 963 1402 iu

71 1415 133 1444 suis
149 1415 319 1446 civitatibus
329 1427 390 1447 esse
405 1417 576 1457 cupiebant.
601 1417 663 1446 Res
675 1416 847 1454 declaravit,
860 1422 895 1446 ut
910 1426 963 1446 cu-

71 1457 191 1498 pierint.
209 1458 401 1489 Jamdudum
419 1460 500 1490 enim
517 1459 593 1489 mihi
614 1459 745 1490 nimium
766 1459 896 1489 tenuiter
917 1459 966 1489 Si-

72 1501 211 1531 culorum
222 1511 292 1542 erga
301 1508 329 1532 te
339 1503 502 1533 voluntatis
512 1508 692 1543 argumenta
700 1503 839 1543 colligere
850 1502 964 1539 videor,

75 1549 178 1573 utrum
196 1551 309 1575 statuas
325 1546 474 1576 voluerint
490 1528 564 1575 tibio
562 1551 701 1584 statuere,
715 1556 754 1576 an
770 1545 863 1576 coacti
875 1545 944 1575 sint.

118 1586 167 1617 De
182 1598 244 1628 quo
259 1587 382 1619 homine
403 1589 459 1619 hoc
484 1588 624 1619 auditum
647 1595 690 1619 est
713 1599 862 1630 unquam,
885 1588 968 1629 quod

75 1630 131 1660 tibi
155 1630 274 1667 accidit,
291 1637 325 1661 ut
341 1632 405 1680 ejus
426 1632 457 1661 in
479 1631 631 1672 provincia
646 1638 763 1669 statuae,
779 1632 810 1662 in
826 1631 899 1662 loeis
912 1642 970 1680 pu-

76 1673 162 1704 blicis
178 1674 292 1713 positae,
309 1675 421 1715 partim
437 1675 528 1704 etiam
544 1675 575 1705 in
592 1675 707 1705 adibus
716 1675 819 1711 sacris,
830 1685 883 1715 per
896 1675 969 1712 vim,

76 1726 131 1756 per
146 1716 317 1746 universam
333 1718 574 1754 multitudinem,
593 1718 812 1757 dejicerentur?
837 1717 866 1747 'l
869 1723 900 1747 ot
915 1717 970 1747 ho-

77 1759 174 1792 mines
189 1759 219 1788 in
235 1760 313 1790 Asia
335 1767 484 1797 nocenteS,
502 1766 546 1791 tot
557 1761 589 1791 in
605 1761 725 1798 Africa,
742 1767 787 1790 tot
806 1761 837 1791 in
856 1760 970 1801 Hispa-

77 1802 139 1841 nia,
166 1802 280 1842 Gallia,
307 1804 457 1841 Sardinia,
485 1809 529 1834 tot
552 1804 584 1835 in
610 1804 677 1846 ipsa
700 1804 803 1836 Sicilia
826 1804 968 1835 fuerunt:
