1181 1902
260 77 352 111 PRO
375 77 412 110 Ρ.
428 77 641 117 QUINTIO.
658 77 743 109 CAP.
759 77 812 108 24.
948 75 991 112 27

95 163 148 198 ubi
168 165 265 195 sunt?
288 164 368 202 Quis
384 170 439 203 est,
461 164 516 205 qui
535 163 736 195 fraudationis
756 162 847 195 eausa
866 161 991 194 latuisse

95 207 176 238 dicat
186 210 200 238 ἓ
223 207 303 248 quis,
314 208 367 248 qui
377 209 530 238 absentem
544 207 702 238 defensum
713 213 803 248 neget
813 217 877 237 esse
886 206 989 244 Quin-

97 250 199 281 tium?
224 251 326 281 Nemo
341 251 503 281 invenitur.
526 251 584 287 At,
601 256 716 288 contra,
733 260 849 287 omnes,
861 249 989 290 quibus-

95 303 166 324 cum
187 293 263 324 ratio
280 294 352 324 huic
374 300 428 324 aut
449 300 494 324 est
507 300 562 324 aut
583 293 653 331 fuit,
670 293 792 331 adsunt,
809 292 988 323 defendunt.

97 336 188 367 Fides
208 337 312 376 hujuS,
333 337 439 367 multis
460 337 533 368 locis
555 337 686 377 cognita,
707 347 747 367 ne
766 336 894 376 perfidia
915 337 987 367 Sex.

97 379 198 410 Naevii
207 379 378 420 derogetur,
389 381 538 411 laborant.
560 381 599 410 In
609 379 787 419 hujusmodi
796 379 989 420 sponsionem

95 428 183 453 testes
195 422 266 453 dare
276 425 433 464 oportebat
445 434 482 454 ex
497 434 532 454 eo
543 433 682 461 numero,
694 423 748 463 qui
758 423 822 452 haec
833 422 967 452 dicerent
976 433 987 453 :

96 465 317 497 Vadimonium
328 467 405 497 mihi
417 466 547 497 deseruit
558 478 566 497 z
584 477 634 497 me
644 465 797 496 fraudavit
808 477 816 495 ι
841 475 860 495 a
871 475 921 495 me
931 475 988 495 no-

96 508 188 540 minis
203 510 279 548 ejus,
296 510 379 550 quod
399 510 549 540 inficiatus
570 515 656 547 esset,
677 509 759 539 diem
779 508 905 549 petivit:
930 518 987 548 ego

95 552 224 592 experiri
242 562 303 583 non
323 553 428 593 potui:
452 553 600 584 latitavit:
625 558 850 594 procuratorem
865 551 989 582 nullum

94 595 225 636 reliquit.
259 596 383 626 Horum
398 596 476 626 nihil
495 596 615 627 dicitur.
648 596 801 626 Parantur
815 601 915 633 testes,
931 595 987 636 qui

95 637 159 668 haec
167 637 278 669 dicant.
302 639 432 677 Verum,
443 639 561 680 opinor,
572 639 748 677 viderimus,
759 648 830 669 cum
842 637 985 668 dixerint.

96 681 204 711 Unum
220 687 322 712 tamen
336 682 394 713 hoc
415 683 557 723 cogitent,
573 682 616 712 ita
636 693 667 712 se
686 692 792 722 graves
807 691 881 719 esse,
897 687 944 718 ut,
960 680 989 711 si

95 724 250 755 veritatem
260 726 361 756 volent
370 726 508 763 retinere,
518 726 697 766 gravitatem
707 725 822 765 possint
831 724 967 755 obtinere
975 735 985 754 z

94 766 120 797 si
134 777 201 797 eam
216 768 382 808 negligent,
399 769 442 799 ita
456 770 536 799 leves
551 769 621 806 sint,
635 774 671 798 ut
681 778 786 798 omnes
800 767 986 808 intelligant,

96 819 157 840 non
171 810 211 840 ad
225 812 425 842 obtinendum
441 812 648 851 mendacium,
665 811 717 842 sed
732 821 838 842 verum
853 812 987 852 proban-

94 852 182 890 dum,
198 854 407 885 auctoritatem
421 855 576 894 adjuvare.

136 896 266 928 XXIV.
289 897 374 939 Ergo
388 898 453 928 haec
467 898 529 928 duo
544 908 667 939 quaero:
691 897 840 939 primum,
857 895 919 938 qua
937 907 988 927 ra-

92 939 174 971 tione
190 940 221 970 N
225 940 318 971 aevius
333 947 507 982 susceptum
522 941 679 982 negotium
700 951 762 971 non
782 940 962 981 transegerit
972 951 985 970 ε

92 982 149 1013 hoc
173 989 227 1020 est,
253 994 306 1014 cur
329 985 420 1022 bona,
446 995 516 1025 quae
537 995 576 1015 ex
598 984 695 1014 edicto
716 983 900 1025 possidebat,
923 993 986 1013 non

95 1026 280 1057 vendiderit:
306 1027 426 1065 deinde,
443 1038 507 1066 cur,
524 1038 562 1058 ex
577 1033 622 1058 tot
637 1026 833 1058 creditoribus
848 1026 927 1064 aliis,
946 1025 987 1056 ad

93 1067 184 1099 istam
198 1069 345 1100 rationem
360 1081 451 1101 nemo
465 1071 639 1107 accesserit,
662 1076 698 1100 ut
713 1070 877 1100 necessario
892 1069 987 1100 confi„

94 1117 186 1149 teare,
202 1122 302 1154 neque
317 1123 422 1144 eorum
438 1120 501 1144 tam
522 1113 717 1144 temerarium
733 1122 921 1153 quemquam
936 1112 987 1142 fu-

92 1154 160 1193 isse,
177 1165 276 1196 neque
291 1162 320 1186 te
334 1157 436 1197 ipsum
451 1157 494 1194 id,
511 1157 595 1198 quod
606 1156 780 1197 turpissime
794 1155 985 1196 suscepisses,

92 1208 280 1238 perseverare
296 1206 326 1230 et
342 1200 505 1241 transigere
525 1200 667 1241 potuisse.
701 1198 788 1237 Quid
808 1198 834 1229 si
854 1205 888 1229 tu
907 1198 985 1239 ipse,

92 1242 163 1272 Sex.
180 1241 282 1279 Naevi,
298 1243 440 1280 statuisti,
456 1244 538 1274 bona
552 1244 589 1273 P.
606 1243 729 1281 Quintii
744 1252 782 1272 ex
798 1241 895 1272 edicto
914 1251 986 1282 pos-

91 1294 171 1315 sessa
184 1294 246 1315 non
259 1296 320 1316 csse
331 1288 345 1317 :³
369 1286 500 1327 Opinor,
518 1292 608 1316 tuum
623 1285 843 1323 testimonium,
857 1284 940 1325 quod
950 1284 984 1315 in

92 1327 192 1358 aliena
206 1338 238 1359 re
251 1329 317 1359 leve
332 1336 418 1368 esset,
431 1329 463 1359 id
478 1330 510 1360 in
525 1330 591 1367 tua,
608 1329 752 1370 quoniam
770 1337 874 1358 contra
885 1333 916 1358 te
927 1333 984 1366 est,

92 1370 306 1410 gravissimum
321 1372 410 1403 debet
425 1383 496 1403 esse.
520 1372 634 1403 Emisti
647 1373 728 1403 bona
742 1372 814 1403 Sex.
831 1371 984 1411 Alpheni‚

93 1412 132 1443 11.
154 1413 241 1445 Sulla
260 1415 404 1446 dictatore
425 1416 581 1446 vendente.
614 1415 738 1446 Socium
759 1414 815 1445 tibi
835 1414 868 1444 in
890 1414 984 1453 hujus

92 1456 179 1487 bonis
194 1457 313 1488 edidisti
325 1458 501 1496 Quintium.
525 1459 622 1489 Plura
635 1469 697 1489 non
708 1458 784 1488 dieo.
809 1457 891 1488 Cum
903 1467 938 1487 eo
950 1463 984 1487 tu

92 1499 294 1531 voluntariam
314 1501 486 1532 societatem
502 1502 613 1539 coibas,
630 1502 684 1542 qui
705 1508 735 1532 te
749 1501 781 1531 in
795 1499 985 1531 haereditaria

92 1541 230 1574 societate
239 1543 414 1581 fraudarat3
438 1551 468 1575 et
479 1555 550 1575 eum
563 1545 678 1584 judicio
688 1550 741 1575 tuo
753 1545 983 1584 comprobabas,

91 1595 185 1659 guen3
199 1587 364 1628 spoliatum
381 1588 466 1619 fama
484 1588 675 1630 fortunisque
693 1587 837 1619 omnibus
857 1587 986 1618 arbitra-

113 1638 163 1658 are

133 1671 332 1712 Diffidebam,
356 1674 540 1713 mehercule,
565 1674 601 1705 C.
621 1674 758 1716 Aquilli,
782 1673 855 1705 satis
878 1672 984 1704 animo

90 1720 170 1745 certo
184 1721 213 1746 et
227 1716 405 1748 confirmato
419 1727 470 1749 me
483 1728 570 1759 posse
587 1717 620 1748 in
634 1717 692 1748 hac
706 1717 798 1748 causa
812 1716 984 1748 consistere.

88 1755 139 1790 Sic
160 1759 354 1800 cogitabam3
377 1770 450 1792 cum
471 1767 576 1794 contra
595 1760 732 1792 dicturus
752 1766 827 1792 esset
847 1759 985 1792 Horten-
