1181 1902
213 88 277 118 264
387 88 438 120 IN
462 88 658 122 VERREM
683 88 748 119 111.
773 88 855 120 CAP.
880 90 932 118 55.

213 174 353 213 quamvis
376 175 494 212 callide,
511 174 650 216 quamvis
666 175 817 211 audacter,
841 174 979 215 quamvis
999 173 1102 213 impu-

213 217 342 247 denter:
367 218 509 248 eumdem
530 218 607 247 mira
629 218 769 258 quaedam
789 217 973 257 excogitasse
993 226 1103 256 genera

213 259 351 290 furandi:
377 271 447 291 nam
460 261 560 301 ipsum
573 261 698 291 Verrem
716 266 834 290 tantum
848 260 973 290 avaritia
984 269 1101 299 semper

215 302 318 333 hiante
341 310 432 344 atque
456 304 629 334 imminenti
653 304 761 338 fuisse:
792 303 913 343 ingenio
938 309 966 332 et
990 302 1103 342 cogita-

214 345 296 376 tione
311 347 412 382 nullst:
437 353 482 383 ut,
500 347 649 387 quidquid
666 347 720 377 sua
736 352 841 387 sponte
857 346 994 382 faciebat,
1015 345 1102 378 (item

216 394 250 418 ut
270 399 320 419 vos
343 390 451 420 Romae
471 390 662 430 cognovistis)
679 390 792 430 eripere
807 389 919 430 potius,
936 399 1029 430 quam
1045 388 1103 417 fal-

215 431 295 470 lere,
305 432 465 463 videretur.

260 475 336 505 Haec
349 486 418 506 vero
429 476 522 515 hujus
538 482 601 506 erat
616 487 662 506 ars
678 482 707 506 et
722 475 839 505 malitia
854 474 1004 510 miranda,
1021 472 1104 514 quod

215 519 387 548 acutissime
416 520 479 549 tota
503 519 666 559 provincia,
695 518 768 560 quid
799 519 907 558 cuique
937 517 1102 553 accidisset,

217 561 292 601 quid
312 561 421 602 cuique
442 569 516 592 esset
537 572 665 598 necesse,
681 562 824 601 indagare
843 567 871 591 et
891 560 1008 590 odorari
1029 560 1105 589 sole-

217 605 284 634 bat:
310 605 447 634 omnium
472 605 666 642 adversarios,
691 605 829 634 omnium
860 603 1009 639 inimicos,
1037 602 1107 632 dili-

216 653 322 687 genter
345 658 531 687 cognoscere,
558 648 700 689 collaqui,
727 654 889 681 attentare3
915 657 951 676 ex
977 646 1106 686 utraque

217 696 302 730 parte
328 701 442 727 causas,
469 692 648 728 voluntates,
679 691 854 732 perspicere,
883 689 1050 725 facultates,
1078 694 1108 718 et

218 734 337 774 copias:
372 734 483 774 quibus
507 745 583 774 opus
607 740 692 771 esset,
710 740 826 763 metum
848 732 972 767 afferre:
997 732 1108 772 quibus

220 776 385 817 expediret,
407 788 491 817 spem
508 777 680 807 ostendere:
707 782 913 806 accusatorum
930 781 958 805 et
976 774 1110 815 quadru-

219 819 372 859 platorum
388 820 538 861 quidquid
554 826 627 856 erat,
644 820 774 849 habebat
789 819 820 848 in
837 824 1000 858 potestate:
1026 817 1109 857 quod

220 863 330 903 cuique
346 863 457 903 negotii
473 863 601 893 conflare
611 863 741 899 volebat,
755 862 839 891 nullo
849 861 950 890 labore
962 861 1105 890 faciebat:

218 905 305 936 istius
326 906 428 936 onmia
443 905 571 943 decreta,
588 906 726 946 imperia,
750 905 863 942 literas,
884 904 1063 944 peritissime
1079 909 1111 933 et

220 948 412 979 callidissime
422 949 604 979 venditabat.

264 992 314 1022 Ac
329 1001 389 1022 non
402 992 501 1022 solum
518 1000 580 1022 erat
596 992 772 1022 administer
787 990 874 1020 istius
888 989 1088 1030 cupiditatum
1098 1000 1111 1024 z„

221 1045 326 1065 verum
343 1035 434 1065 etiam
449 1035 512 1076 ipse
528 1035 574 1065 sui
595 1035 774 1065 meminerat
790 1044 883 1074 aeque.
921 1033 993 1062 Non
1009 1032 1108 1062 solum

222 1087 377 1116 nummos,
400 1078 423 1108 si
445 1078 498 1119 qui
523 1078 571 1108 isti
598 1078 781 1114 exciderant,
801 1077 904 1106 tollere
925 1076 1049 1111 solebat,
1072 1085 1109 1105 ex

223 1121 334 1161 quibus
350 1122 510 1161 pecuniam
527 1121 694 1151 maximam
707 1120 793 1156 fecit:
818 1120 869 1150 sed
890 1119 980 1149 etiam
1002 1118 1110 1158 volup-

222 1170 321 1194 tatum
337 1164 582 1205 flagitiorumque
597 1164 682 1194 istius
697 1164 760 1204 ipse
776 1162 918 1203 reliquias
938 1161 1108 1202 colligebat.

224 1207 333 1248 Itaque
346 1207 375 1236 in
392 1207 495 1238 Sicilia
506 1218 566 1237 non
582 1207 790 1237 Athenionem
806 1206 873 1246 (qui
889 1205 1010 1235 nullum
1023 1204 1110 1244 oppi-

223 1250 298 1280 dum
319 1250 422 1291 cepit),
447 1251 498 1280 sed
519 1250 746 1280 Timarchidem
767 1249 943 1289 fugitivum,
968 1247 1111 1277 omnibus

223 1294 342 1334 oppidis
363 1304 415 1334 per
446 1294 609 1324 triennium
631 1294 733 1323 scitote
755 1292 910 1331 regnasse:
936 1291 967 1320 in
988 1290 1110 1320 Timar-

224 1337 320 1366 chidis
333 1342 477 1377 potestate
495 1337 643 1367 sociorum
659 1335 765 1377 populi
784 1334 916 1365 Romani
939 1333 1111 1374 antiquissi-

224 1390 345 1409 morum
362 1385 453 1420 atque
464 1380 714 1410 amicissimorum
725 1379 844 1413 liberos,
858 1376 1110 1412 matresfamilias,

224 1424 315 1459 bona,
332 1423 528 1463 fortunasque
543 1433 647 1452 omnes
667 1422 767 1451 fuisse.
807 1421 839 1451 Is
860 1420 963 1460 igitur,
984 1426 1018 1449 ut
1033 1419 1114 1456 dico,

225 1465 436 1496 Timarchides
454 1466 484 1495 in
501 1476 605 1496 omnes
620 1465 763 1500 civitates,
781 1470 902 1504 accepto
915 1462 1027 1503 pretio,
1044 1472 1115 1492 cen-

226 1520 305 1539 sores
329 1508 459 1538 dimisit:
485 1509 617 1545 comitia,
639 1509 695 1538 isto
717 1514 854 1549 przetore,
877 1515 1046 1542 censorum,
1074 1515 1112 1534 ne

226 1552 389 1582 simulandi
405 1552 528 1591 quidem
545 1552 645 1588 causa,
659 1551 791 1581 fuerunt.

271 1595 340 1625 LV.
365 1595 438 1625 Jam
470 1596 527 1625 hoc
552 1593 829 1635 impudentissime:
863 1590 965 1632 palam
992 1591 1113 1624 (licebat

227 1639 308 1668 enim
336 1638 473 1669 videlicet
496 1639 627 1678 legibus)
655 1637 781 1677 singulis
804 1635 975 1666 censoribus
999 1634 1114 1664 denarii

228 1681 350 1711 trecenti
366 1681 404 1710 ad
420 1688 550 1712 statuam
560 1680 695 1721 praetoris
710 1679 848 1720 imperati
865 1684 943 1708 sunt.
970 1678 1116 1707 Censores

228 1724 354 1755 CXXX
381 1724 451 1755 facti
462 1731 547 1755 sunt:
580 1723 741 1765 pecuniam
767 1722 852 1752 illam
878 1722 916 1750 ob
944 1729 1112 1755 censuram,

225 1774 330 1801 contra
344 1767 435 1809 leges,
452 1769 530 1799 clam
541 1768 704 1804 dederunt;
720 1766 784 1797 haec
794 1764 951 1796 denarium
961 1762 1115 1794 XXXIX
