1181 1902
319 49 371 79 IN
393 46 589 80 VERREM
614 46 655 78 V.
676 46 761 78 CAP.
777 47 830 83 57.
959 46 1019 76 441

131 133 267 165 ornarint
289 134 405 175 templa
426 134 566 165 Deorum
591 133 824 170 immortalium,
854 132 905 164 hic
930 131 1022 162 etiam

132 176 271 208 Deorum
286 177 475 208 monimenta
486 183 578 218 atque
593 182 771 207 ornamenta
787 174 950 206 sustulerit.

175 220 266 251 LVI.
288 220 364 250 Jam
379 230 448 251 vero
470 220 546 260 quid
566 229 621 260 ego
642 219 679 249 de
700 219 794 250 valvis
812 219 894 249 illius
914 216 1024 258 templi

131 272 367 294 commemorem
382 265 396 294 ?
419 263 545 301 Vereor,
570 272 620 299 ne,
636 262 701 293 haec
724 262 777 303 qui
794 271 855 292 non
871 261 1023 298 viderunt,

130 306 234 336 omnia
256 316 306 336 me
330 305 421 336 nimis
439 315 550 346 augere
575 310 667 345 atque
689 314 795 335 ornare
818 304 1021 335 arbitrentur:

152 348 212 379 uod
227 355 329 379 tamen
346 358 436 379 nemo
451 347 597 389 suspicari
612 347 712 386 debet,
724 353 787 377 tam
798 358 860 378 esse
874 357 925 377 me
939 345 1025 387 cupi·

129 359 218 428 dum,
234 397 269 422 ut
285 397 329 422 tot
344 391 422 422 viros
437 390 597 432 primarios
612 390 703 420 velim
721 390 901 432 (praesertim
918 400 955 420 ex
973 391 1024 429 ju-

129 433 233 464 dicum
245 432 400 474 nutnero),
417 434 471 475 qui
486 433 641 474 Syracusis
656 433 779 470 fuerint,
797 433 850 474 qui
865 433 930 463 haec
941 432 1024 463 vide-

129 477 202 514 rint,
215 487 278 508 esse
292 477 454 508 temeritati
470 483 499 507 et
514 475 673 507 mendacio
693 486 762 506 meo
777 476 918 506 conscios.
940 476 1023 506 Con-

129 518 250 551 firmare
264 520 321 551 hoc
336 520 463 561 liquido,
474 519 602 559 judices,
615 529 751 560 possum,
765 519 866 549 valvas
881 518 1023 559 magnifi-

128 562 284 602 centiores,
309 573 347 593 ex
373 573 447 594 auro
473 568 564 604 atque
588 563 677 593 ebore
698 561 900 603 perfectiores,
922 562 1023 592 nullas

129 615 268 646 unquam
291 606 355 636 ullo
380 605 495 647 templo
520 605 621 636 fuisse.
658 603 838 635 Incredibile
861 605 944 634 dictu
967 610 1022 643 est,

127 658 222 690 quam
237 649 328 679 multi
342 648 441 679 Graeci
450 649 488 680 de
500 648 658 679 valvarum
670 648 781 678 harum
796 647 1024 689 pulchritudine

127 691 274 733 scriptum
292 691 478 733 reliquerint.
502 691 647 722 Nimium
668 691 793 721 forsitan
816 691 881 721 haec
902 690 948 720 illi
964 690 1024 720 mi-

126 742 241 772 rentur,
255 740 346 777 atque
362 735 496 766 efferant.
519 735 616 771 Est03
641 740 851 765 verumtamen
866 733 1023 764 honestius

129 783 174 808 est
189 777 363 818 reipublicae
377 784 499 816 nostrae,
519 777 649 816 judices,
667 787 712 814 ea,
732 787 802 818 quae
821 776 880 806 illis
895 776 1024 816 pulchra

129 829 193 851 esse
219 821 389 858 videantur,
410 821 624 862 imperatorem
645 826 784 850 nostrum
805 819 837 850 in
855 819 936 850 bello
954 819 1024 849 reli·

128 863 241 903 quisse,
260 874 354 905 quam
368 869 528 905 praetorem
543 863 575 893 in
590 873 664 904 pace
678 862 847 893 abstulisse.
871 862 924 893 Ex
935 863 1024 893 ebore

127 905 356 946 diligentissime
371 906 504 948 perfecta
519 912 700 947 argumenta
715 906 840 936 erantin
855 905 970 936 valvis:
988 915 1024 935 ea

127 948 312 980 detrahenda
337 949 452 980 curavit
478 949 591 980 omnia.
624 949 776 990 Gorgonis
800 959 833 979 os
854 948 1024 989 pulcherri-

127 1001 227 1030 mum,
244 992 387 1023 crinitum
402 992 565 1033 anguibus,
580 992 707 1030 revellit,
722 998 814 1032 atque
829 991 973 1022 abstulit:
992 997 1023 1022 et

127 1039 230 1065 tamen
255 1035 410 1073 indicavit,
436 1046 467 1066 se
492 1045 554 1066 non
580 1035 680 1066 solum
699 1034 836 1071 artificio,
858 1034 910 1065 sed
930 1034 1022 1065 etiam

126 1077 223 1119 pretio
238 1085 429 1120 quaestuque,
443 1078 533 1109 duci:
551 1088 624 1109 nam
634 1078 736 1109 bullas
750 1088 856 1108 aureas
866 1087 971 1108 omnes
985 1087 1024 1108 ex

125 1119 173 1150 his
188 1121 293 1159 valvis,
312 1132 381 1163 quae
396 1128 481 1152 erant
503 1127 533 1151 et
552 1121 659 1151 multae
676 1126 705 1151 et
719 1131 837 1161 graves,
854 1130 914 1150 non
930 1120 1021 1150 dubi-

126 1163 202 1193 tavit
223 1164 362 1202 auferre;
386 1174 518 1205 quarum
540 1164 596 1194 iste
614 1174 676 1194 non
696 1174 786 1204 opere
801 1163 1019 1201 delectabatur,

126 1206 178 1237 sed
201 1207 343 1248 pondere.
379 1206 489 1249 Itaque
514 1207 663 1247 ejusmodi
686 1207 788 1237 valvas
812 1206 945 1247 reliquit,
972 1212 1020 1244 ut,

126 1259 197 1292 quae
222 1250 297 1281 olim
318 1250 357 1281 ad
383 1250 555 1281 ornandum
581 1250 733 1291 templum
758 1255 844 1280 erant
873 1249 1021 1288 maxime,

126 1301 208 1323 nunc
232 1299 353 1324 tantum
379 1294 418 1324 ad
436 1293 641 1324 claudendum
661 1293 749 1323 factae
772 1303 835 1323 esse
850 1291 1020 1322 videantur.

126 1334 272 1366 Etiamne
291 1337 461 1376 gramineas
485 1336 586 1366 hastas
600 1337 614 1366 ?
645 1335 708 1366 vidi
728 1335 810 1367 enim
829 1345 892 1372 vos,
914 1335 947 1364 in
962 1334 1020 1365 hoc

128 1376 296 1420 [nomine,]
324 1390 395 1410 cum
419 1385 509 1410 testes
538 1379 681 1415 dicerent,
712 1378 906 1414 commoveri,
937 1378 1021 1418 quod

126 1427 211 1451 erant
236 1422 425 1461 hujusmodi,
452 1428 487 1452 ut
514 1422 607 1452 semel
627 1421 735 1452 vidisse
762 1421 832 1451 satis
855 1426 954 1457 esset3
985 1420 1018 1450 in

125 1464 237 1505 quibus
256 1474 355 1506 neque
379 1475 473 1495 manu
497 1465 611 1495 factum
631 1464 813 1506 quidquam,
830 1473 929 1504 neque
949 1464 1020 1504 pul-

124 1507 264 1537 chritudo
280 1515 344 1539 erat
358 1509 434 1546 ulla,
451 1508 502 1538 sed
523 1514 643 1538 tantum
660 1507 839 1548 magnitudo
855 1506 1018 1537 incredibi-

124 1549 173 1588 lis,
201 1550 239 1580 de
263 1550 324 1592 qua
338 1552 386 1581 vel
411 1551 516 1582 audire
537 1551 607 1581 satis
628 1557 723 1586 esset;
748 1550 891 1588 nimium,
917 1549 1018 1580 videre

123 1593 193 1634 plus
210 1603 304 1634 quam
320 1594 433 1625 semel:
459 1594 591 1625 etiamne
605 1593 637 1624 id
651 1593 847 1634 concupisti?

167 1635 276 1667 LVII.
290 1637 374 1667 Nam
386 1638 521 1679 Sappho,
532 1647 602 1678 quae
616 1637 736 1667 sublata
750 1636 788 1666 de
800 1641 945 1677 prytaneo
960 1641 1015 1674 est,

122 1677 175 1709 dat
190 1679 246 1710 tibi
257 1680 374 1719 justam
389 1680 624 1718 excusationem,
635 1690 729 1721 prope
745 1686 779 1710 ut
788 1678 1014 1710 concedendum

124 1727 216 1764 atque
238 1722 456 1764 ignoscendum
481 1733 546 1754 esse
568 1722 715 1754 videatur.
747 1721 912 1753 Silanionis
934 1731 1013 1763 opus
