1181 1902
264 102 315 133 IN
339 102 536 134 VERREM
562 103 628 134 111.
653 102 738 134 CAP.
761 103 813 133 52.
923 99 985 130 261

138 186 196 217 LI.
216 187 321 219 Nolite
336 195 518 229 exspectare,
530 189 605 220 dum
618 200 722 220 omnes
731 190 838 219 obeam
854 186 990 234 oratione

95 229 163 260 mea
190 230 333 262 civitates.
369 232 439 262 Hoc
462 243 524 263 uno
547 234 729 274 complector
751 231 865 269 onmia,
893 239 990 278 ¹²0¹}11T

96 282 167 303 nem
183 273 239 303 isto
255 281 380 314 praetore
393 282 560 306 senatorem
577 276 640 306 fieri
656 276 800 317 potuisse,
810 274 868 303 nisi
878 273 931 314 qui
940 277 991 302 isti

95 316 255 356 pecuniam
271 317 409 348 dedisset.

142 359 212 389 Hoc
228 359 308 390 idem
321 361 467 391 transfero
482 362 512 391 in
529 362 735 402 magistratus,
752 360 930 396 curationes,
945 368 992 388 sa-

97 401 248 437 cerdotia;
274 404 386 444 quibus
401 405 433 434 in
449 406 539 435 rebus
548 415 608 435 non
622 406 720 435 solum
737 404 898 433 hominum
908 402 991 441 jura,

99 444 150 475 sed
166 446 257 476 etiam
271 446 409 477 Deorum
420 448 578 488 religiones
588 447 808 477 immortalium
819 456 935 480 omnes,
947 454 994 474 re-

98 487 245 528 pudiavit.
270 490 425 529 Syracusis
436 491 486 520 lex
503 497 546 521 est
561 491 598 521 de
608 491 763 531 religione,
777 500 846 530 quae
857 489 888 518 in
900 497 994 518 annos

98 531 233 571 singulos
252 532 273 562 J
276 533 339 562 ovis
355 534 537 563 sacerdotem
554 534 658 564 sortito
674 534 740 574 capi
760 534 887 572 jubeat;
912 529 994 571 quod

99 574 180 614 apud
196 575 263 605 illos
279 577 503 616 amplissimum
528 577 725 607 sacerdotium
747 582 881 617 putatur.
912 574 993 603 Cum

99 617 251 657 suffragiis
267 625 326 648 tres
342 630 378 649 ex
395 621 491 650 tribus
507 621 667 661 generibus
680 619 770 650 creati
786 625 867 655 sunt,
884 628 930 647 res
948 626 995 646 re-

99 666 223 690 vocatur
247 662 285 691 ad
307 668 427 692 sortem.
458 664 629 693 Perfecerat
648 663 703 693 iste
723 662 862 703 imperio,
879 666 925 699 ut,
942 669 997 707 pro

99 703 255 744 suffragio,
269 704 507 743 Theomnastus,
518 706 677 736 familiaris
689 717 773 743 suus,
787 706 818 735 in
831 705 928 735 tribus
937 703 998 732 inis

100 747 332 778 renuntiaretur.
358 749 396 778 In
413 756 501 787 sorte,
513 750 561 780 cui
573 750 721 790 imperare
732 759 793 779 non
805 753 933 789 poterat,
945 755 998 775 ex-

99 791 275 829 spectabant
301 791 450 829 homines,
468 793 616 833 quidnam
632 798 754 823 acturus
769 797 853 822 esset.
893 790 999 820 Homo

101 832 157 869 (id,
171 833 253 873 quod
269 840 332 864 erat
348 835 543 873 facillimum)
559 836 659 877 primo
676 842 756 866 vetat
771 834 887 865 sortiri:
910 833 999 880 jubet

101 882 187 905 extra
210 883 321 907 sortem
345 878 591 909 Theomnastum
615 879 792 909 renuntiari.
822 878 947 917 Negant
966 875 999 905 1d

101 920 282 958 Syracusani
307 931 360 961 per
383 922 542 962 religiones
560 932 713 953 sacrorum
736 922 801 952 ullo
821 920 912 950 modo
933 918 998 948 fieri

100 971 205 1002 posse:
224 962 269 993 fas
285 963 416 1005 denique
425 972 538 1005 negant
554 976 626 996 esse.
651 965 673 995 J
676 967 749 996 ubet
760 965 812 995 isse
827 963 884 994 sibi
895 963 996 1003 legem

101 1004 236 1035 recitari:
255 1007 412 1038 recitatur:
430 1008 462 1038 in
479 1009 540 1049 qua
551 1009 697 1049 scriptum
714 1014 787 1045 erat,
804 1013 850 1044 ut,
876 1008 898 1023 “
909 1006 997 1043 Quot

101 1054 200 1077 essent
212 1051 388 1088 renuntiati,
402 1057 446 1081 tot
456 1052 487 1081 in
498 1051 639 1092 hydriam
653 1057 745 1082 sortes
757 1051 994 1090 conjicerenturz

101 1091 188 1129 cujus
204 1101 316 1123 nomen
332 1095 454 1132 exisset,
471 1101 506 1124 ut
521 1095 546 1125 is
560 1095 685 1125 haberet
705 1094 736 1124 id
761 1091 996 1124 sacerdotium.”

101 1133 175 1171 Iste,
192 1134 285 1166 horno
300 1136 474 1177 ingeniosus
488 1144 517 1168 et
532 1144 703 1179 peracutuS,
722 1137 860 1178 Optime,
874 1135 994 1175 inquit:

100 1186 211 1217 nempe
225 1179 371 1219 seriptum
387 1180 430 1211 ita
445 1187 500 1219 est,
517 1188 591 1222 quot
607 1181 771 1212 renuntiati
783 1186 882 1210 erunt.
907 1178 995 1216 Quot

101 1229 172 1260 ergo
202 1222 328 1262 (inquit)
360 1230 430 1254 sunt
456 1225 621 1255 renuntiati
635 1227 648 1255 Ρ
687 1225 894 1265 Responsum,
926 1228 996 1252 tres.

101 1263 264 1305 Numquid
270 1266 363 1305 igitur
369 1274 496 1308 oportet,
510 1268 568 1298 nisi
580 1275 639 1298 tres
652 1274 743 1298 sortes
754 1266 862 1306 conjici
874 1277 882 1301 ;
900 1274 996 1295 unam

102 1306 213 1338 educi?
238 1308 336 1338 Nihil.
361 1310 479 1350 Conjici
491 1312 580 1350 jubet
595 1318 666 1345 tres,
683 1311 714 1341 in
727 1311 838 1352 quibus
854 1308 996 1339 omnibus

101 1350 246 1390 scriptum
263 1359 338 1382 esset
349 1363 460 1384 nomen
473 1355 684 1385 Theomnasti.
709 1354 760 1384 Fit
773 1355 886 1384 clamor
897 1351 998 1382 maxi-

102 1403 182 1430 mus,
205 1405 274 1424 cum
291 1395 322 1424 id
337 1396 484 1427 universis
499 1397 661 1438 indignum
677 1403 769 1438 atque
785 1395 936 1426 nefarium
952 1395 997 1425 vi-

101 1435 230 1467 deretur.
256 1439 305 1468 Ita
314 1439 336 1468 J
339 1439 401 1469 ovis
410 1440 488 1470 illud
497 1441 698 1471 sacerdotium
708 1439 932 1481 amplissimum
944 1449 998 1479 per

100 1478 179 1510 hanc
194 1481 341 1511 rationem
357 1482 566 1514 Theomnasto
581 1484 680 1514 datur.

144 1522 221 1553 LII.
247 1524 413 1565 Cephaledi
429 1527 540 1557 mensis
555 1534 599 1557 est
614 1534 722 1563 certus,
749 1537 810 1567 quo
832 1536 936 1556 mense
951 1536 998 1556 sa-

101 1565 251 1596 cerdotem
258 1569 430 1599 maximum
442 1570 535 1600 creari
546 1576 692 1610 oporteat.
717 1570 793 1600 Erat
801 1570 865 1609 ejus
874 1569 997 1600 honoris

101 1609 229 1648 cupidus
244 1611 374 1642 Artemo
390 1613 528 1654 quidam,
546 1613 730 1644 Climachias
742 1612 932 1653 cognomine,
943 1612 998 1642 ho-

100 1661 151 1681 mo
167 1662 238 1683 sane
252 1654 397 1695 locuples,
414 1662 443 1686 et
463 1656 545 1686 domi
567 1657 696 1687 nobilis:
722 1656 773 1686 sed
788 1656 813 1685 is
829 1656 891 1685 fieri
908 1656 995 1685 nullo

99 1695 190 1724 modo
206 1702 333 1736 poterat,
346 1698 369 1727 si
387 1699 561 1730 Herodotus
572 1700 697 1740 quidam
708 1700 834 1730 adesset.
857 1699 899 1729 Ei
911 1699 995 1729 locus

97 1737 149 1769 iile
172 1745 264 1779 atque
278 1741 373 1772 honos
388 1742 419 1772 in
436 1742 525 1772 illum
542 1753 658 1773 annum
679 1743 722 1773 ita
737 1742 839 1773 deberi
864 1743 994 1783 putaba-

90 1785 157 1825 tur,
171 1787 205 1812 ut
220 1792 258 1814 ne
274 1783 459 1817 Climachias
474 1786 600 1827 quidem
616 1791 720 1817 contra
729 1786 850 1817 diceret.
875 1786 937 1816 Res
952 1785 993 1817 ad
