1181 1902
192 40 257 72 194
381 39 432 70 IN
457 38 656 71 VERREM
679 38 727 70 11.
751 38 836 70 CAP.
852 40 905 71 42.

195 125 277 164 Quis
296 130 361 156 tam
384 130 519 156 remotus
541 124 602 155 fuit
624 135 643 156 a
666 124 855 166 cupiditate?
878 125 950 166 Dic,
973 137 1088 178 quaeso,

194 175 320 199 caetera:
345 168 474 199 delectat
493 168 571 198 enim
589 178 639 198 me
653 168 786 199 hominis
801 169 943 209 gravitas,
966 170 1090 203 scientia

191 212 282 251 juris,
307 211 477 242 auctoritas.
501 212 524 228 “
538 211 604 249 Qui
619 212 656 241 ab
672 211 714 241 A.
730 211 899 251 Postumio,
924 212 965 251 Q.
978 213 1090 245 Fulvio

194 255 378 293 censoribus,
408 259 512 295 postve
538 265 583 293 ea,
611 254 693 291 fecit,
721 254 856 285 fecerit'’.
880 276 888 284 .
912 278 921 286 .
944 276 953 284 .
991 256 1088 297 Fecit,

196 297 323 328 fecerit?
348 298 427 336 Quis
447 307 584 338 unquam
608 297 703 327 edixit
726 297 783 327 isto
802 298 917 328 modo?
940 298 1009 339 quis
1030 311 1090 330 un.

196 351 292 382 quam
320 342 385 380 ejus
415 340 459 371 rei
486 340 626 370 fraudem
655 346 709 370 aut
733 340 904 381 periculum
933 343 1092 383 proposuit

197 384 305 422 edicto,
330 395 399 425 (111εο
419 393 518 424 neque
538 389 606 424 post
630 383 774 422 edictum,
798 393 898 425 neque
917 390 987 416 ante
1011 386 1091 417 edic-

198 432 278 465 tum,
294 426 446 468 provideri
460 427 585 467 potuit?

242 470 354 500 XLII.
387 470 476 508 Jure,
505 469 635 510 legibus,
659 469 837 500 auctoritate
862 470 1013 510 omnium,
1037 472 1092 513 qui

199 513 445 550 consulebantur,
470 518 684 543 testamentum
701 513 737 542 P.
754 512 879 543 Annius
893 513 1014 553 fecerat,
1031 524 1094 546 non

199 555 387 604 improbum,
400 565 461 586 non
473 555 585 585 inoffici
575 565 685 593 osum,
699 565 759 586 non
772 556 996 587 inhumanum:
1011 558 1094 598 quod

199 599 225 629 si
244 599 286 629 ita
307 599 443 634 fecisset,
435 609 442 617 ·
468 603 581 636 tamen,
605 604 673 647 post
692 598 774 629 illius
794 605 936 637 mortem,
960 568 1037 630 nihiql
1057 601 1095 632 de

199 648 379 672 testamento
394 641 476 671 illius
497 642 568 672 novi
585 641 662 681 juris
683 642 824 672 constitui
839 648 997 683 oporteret.
1029 643 1096 674 Vo-

200 685 287 716 conia
306 685 357 715 lex
377 690 406 714 te
428 684 565 715 videlicet
584 684 776 715 delectabat?
800 685 937 716 imitatus
957 696 1034 717 esses
1047 686 1096 728 ip-

200 738 270 759 sum
290 728 380 758 illum
397 727 432 757 C.
446 727 632 764 Voconium,
656 727 710 768 qui
730 728 797 768 lege
818 739 873 758 sua
887 728 1096 761 haereditatem

200 771 315 801 ademit
326 770 404 800 1111111
419 780 518 818 neque
533 770 654 810 virgini,
670 780 769 811 neque
784 771 924 801 mulieri:
948 772 1049 803 sanxit
1063 773 1096 803 in

200 819 370 855 posterum,
386 813 440 854 qui
455 818 523 853 post
538 823 587 843 eos
603 823 736 843 censores
752 823 858 845 census
873 819 959 853 esset,
975 825 1014 846 ne
1029 816 1098 856 quis

201 856 354 887 haeredem
370 856 530 896 virginem,
553 865 628 886 neve
642 856 815 895 mulierem,
831 856 950 888 faceret.
974 858 1014 888 In
1029 859 1097 900 lege

203 899 343 931 Voconia
361 909 422 929 non
445 904 500 937 est,
526 900 548 916 “
565 899 662 937 Fecit,
685 899 809 929 fecerit.
813 900 834 913 ''
857 910 956 941 neque
976 901 1008 931 in
1032 901 1096 933 ulla

203 943 393 984 praeteritum
409 948 529 982 tempus
544 942 785 982 reprehenditur,
801 942 860 973 nisi
874 944 942 992 ejus
955 944 1010 983 rei,
1026 955 1097 986 quae

204 997 259 1017 sua
280 991 386 1026 sponte
407 986 548 1015 scelerata
567 995 601 1015 ac
620 985 735 1015 nefaria
756 991 810 1024 est,
835 991 880 1025 ut,
904 986 1023 1018 etiarnsi
1045 988 1097 1019 lex

202 1039 265 1060 non
287 1034 373 1066 esset,
397 1038 581 1069 magnopere
601 1028 724 1059 vitanda
742 1028 842 1059 fuerit.
876 1029 983 1070 Atque
1003 1030 1035 1061 in
1050 1031 1099 1062 his

203 1074 294 1103 rebus
309 1051 408 1101 muita
423 1071 561 1102 videmus
576 1071 619 1101 ita
633 1077 735 1102 sancta
750 1082 812 1102 esse
827 1072 955 1113 legibus,
979 1079 1013 1104 ut
1028 1080 1100 1105 ante

203 1115 284 1146 facta
304 1115 336 1144 in
349 1114 501 1154 judicium
522 1124 584 1144 non
602 1120 754 1145 vocentur.
779 1114 920 1146 Cornelia
937 1121 1100 1148 testamen-

205 1158 292 1196 taria,
316 1157 500 1195 nummaria,
525 1163 638 1188 caeterae
653 1158 843 1198 complures;
867 1158 899 1188 in
915 1159 1026 1199 quibus
1037 1171 1101 1191 non

202 1202 255 1241 jus
269 1200 395 1242 aliquod
410 1211 525 1231 novum
539 1201 653 1241 populo
668 1201 871 1240 constituitur,
888 1202 940 1232 sed
955 1203 1099 1242 sancitur,

206 1250 253 1282 ut,
270 1244 353 1285 quod
374 1254 491 1285 semper
505 1244 624 1273 malum
639 1243 755 1274 facinus
770 1243 872 1282 fuerit,
894 1245 959 1284 ejus
974 1247 1102 1286 quaestio

206 1287 247 1318 ad
266 1287 422 1335 populum.
440 1286 600 1335 pertineat,
622 1297 660 1317 ex
681 1292 760 1317 certo
781 1292 926 1336 tempore.
965 1287 1015 1319 De
1031 1290 1102 1328 jure

206 1340 277 1362 vero
297 1330 379 1360 civili
400 1330 425 1360 si
445 1329 513 1370 quis
528 1329 599 1360 novi
614 1329 689 1370 quid
703 1329 845 1367 instituit,
861 1330 887 1360 is
902 1331 1015 1369 omnia,
1033 1343 1104 1373 quae

207 1379 278 1404 ante
301 1379 367 1403 acta
388 1378 469 1410 sunt,
493 1379 558 1403 rata
581 1382 643 1403 esse
664 1373 788 1413 patitur.
821 1372 904 1403 Cedo
924 1374 1002 1404 mihi
1020 1375 1102 1416 leges

207 1416 342 1453 Atinias,
365 1416 485 1453 Furias,
507 1416 617 1456 ipsam,
639 1421 674 1445 ut
693 1416 769 1453 dixi,
792 1416 972 1454 Voconiam,
996 1427 1103 1450 omnes
1154 1438 1155 1444 1

207 1465 352 1500 praeterea
363 1459 400 1489 de
412 1460 480 1498 jure
496 1458 597 1495 civilig
621 1459 678 1489 hoc
693 1458 821 1499 reperies
836 1459 868 1489 in
883 1460 1026 1492 omnibus
1041 1466 1102 1492 sta-

208 1502 254 1533 tui
271 1503 333 1541 jus,
358 1512 419 1542 quo
439 1507 507 1542 post
531 1511 598 1531 eam
618 1502 719 1542 legem
738 1502 870 1542 populus
890 1507 1003 1533 utatur.
1035 1503 1102 1542 Qui

208 1545 379 1586 plurimum
403 1544 543 1575 tribuunt
565 1544 673 1583 edicto,
695 1545 831 1585 praetoris
850 1545 982 1576 edictum
1000 1546 1101 1587 legem

209 1597 345 1618 annuam
367 1587 473 1618 dicunt
497 1597 568 1618 esse.
600 1588 653 1617 Tu
674 1587 770 1618 edicto
789 1588 859 1629 plus
882 1589 1099 1629 complecteris,

210 1641 304 1672 quam
327 1631 403 1671 lege.
437 1631 471 1661 Si
493 1630 586 1661 finem
610 1630 706 1661 edicto
730 1631 866 1671 praetoris
890 1631 1020 1662 afferunt
1041 1632 1101 1664 Ca-

210 1673 309 1705 10111110
322 1673 464 1704 Januarii
476 1684 485 1709 ς
510 1684 563 1704 cur
577 1683 639 1704 non
654 1673 778 1704 initium
793 1684 916 1715 quoque
931 1674 1019 1706 edicti
1033 1685 1103 1707 nas·
1150 1687 1153 1704 ι

211 1716 289 1752 citur
307 1727 327 1748 a
346 1716 487 1748 Calendis
502 1716 670 1748 Januarii?
693 1727 732 1748 an
751 1717 785 1748 in
806 1727 877 1748 eum
898 1727 1015 1749 annum
1033 1729 1104 1761 pro·
