1181 1902
191 191 284 225 PRO
307 190 474 224 ROSCIO
497 191 731 225 AMERINO.
756 192 839 225 cir.
860 194 908 226 19.
954 196 996 227 53

105 284 192 317 aeset,
209 279 292 320 quod
306 285 359 310 aut
374 279 453 321 patri
465 279 590 320 gratius,
607 286 660 310 aut
681 280 737 311 sibi
750 280 926 320 jucundius,
943 288 997 313 aut

106 333 139 353 re
151 323 222 353 verit
233 323 398 359 honestius,
415 323 512 353 facere
522 329 631 364 posset.

148 365 268 396 Odium
290 365 383 406 igitur
397 366 577 396 acerrimum
597 366 690 406 patris
706 366 737 396 in
758 367 857 397 filium
873 378 911 398 ex
925 367 994 405 hoc,

104 408 222 449 opinor,
239 408 416 445 ostenditur,
430 409 535 446 Eruci,
549 409 631 449 quod
646 410 728 440 hunc
743 410 805 439 ruri
825 420 886 440 esse
901 411 996 451 patie-

105 452 204 482 batur.
229 451 394 492 Numquid
409 458 452 482 est
467 452 575 482 aliud?
601 452 702 482 Immo
713 463 793 487 vero,
804 453 915 494 inquit,
928 460 971 484 est
985 465 992 484 :

104 503 177 524 nam
203 494 296 525 istum
318 495 508 525 exhaeredare
528 495 559 524 in
580 495 682 525 animo
702 496 841 526 habebat.
865 497 993 527 Audio:

103 547 186 568 nunc
201 537 274 568 dieis
289 538 417 579 aliquid,
433 538 515 579 quod
531 538 569 568 ad
590 549 654 568 rem
675 539 842 579 pertineat.
868 549 940 569 narn
958 540 996 569 il.

103 580 145 619 la,
161 580 279 621 opinor,
296 587 330 611 tu
345 591 467 622 quoque
483 581 618 612 concedis
633 581 711 612 levia
726 592 788 612 esse
803 588 895 623 atque
910 582 995 630 inep-

105 629 145 653 ta.
184 624 332 654 Convivia
351 635 421 654 cum
436 630 522 665 patre
537 634 597 655 non
612 625 727 655 inibat:
753 625 866 673 quippe
881 625 935 666 qui
957 635 996 656 ne

102 666 136 696 in
166 667 316 715 oppiduni
345 667 482 708 quidem,
510 667 567 697 nisi
596 678 728 716 perraro,
754 668 879 698 veniret.
929 668 995 698 Do-

101 719 191 739 mum
206 720 294 740 suam
309 710 402 740 istum
417 721 478 740 non
497 710 560 740 fere
575 711 739 752 quisquam
762 713 905 741 vocabat:
941 721 996 743 nec

102 752 229 792 mirum,
240 753 294 795 qui
309 763 408 794 neque
422 753 455 784 in
470 755 545 784 urbe
557 754 680 793 viveret,
691 764 790 795 neque
804 759 997 785 revocaturus

102 802 188 826 esset.

145 839 242 869 XIX.
266 839 386 870 Verum
400 840 465 871 haec
481 850 603 881 quoque
618 847 651 870 tu
667 840 811 881 intelligis
826 851 888 871 esse
900 850 997 881 nuga-

103 882 190 913 toria.
217 882 313 921 Illud,
330 883 412 924 quod
431 883 588 924 coepimus,
611 883 787 919 videamus;
811 894 873 924 quo
889 884 998 914 certius

100 932 318 965 argumentum
333 926 395 956 odii
410 927 532 967 reperiri
547 927 632 957 nullo
647 927 739 957 modo
750 933 856 967 potest.
880 927 996 957 Exhae-

103 968 208 999 redare
222 975 307 1010 pater
322 968 421 999 filium
434 970 594 1010 cogitabat.
619 970 715 1000 Mitto
730 980 875 1010 quaerere,
887 970 948 1010 quii
959 970 996 1000 de

103 1012 213 1042 cause:
243 1022 358 1052 queem,
385 1014 440 1053 qui
465 1012 557 1043 scias:
589 1013 708 1043 mmetsi
731 1019 760 1043 te
784 1013 881 1043 dicere
905 1019 997 1054 atque

103 1064 280 1085 enumerare
301 1066 404 1085 causas
424 1066 528 1086 omnes
552 1057 726 1096 oportebat:
752 1062 781 1086 et
795 1055 827 1085 id
847 1062 910 1086 erat
925 1056 997 1086 certi

104 1098 284 1128 accusatoris
302 1098 447 1135 officium,
465 1098 518 1139 qui
539 1099 615 1129 tanti
636 1099 753 1129 sceleris
776 1106 925 1139 argueret,
943 1110 997 1129 ex-

104 1140 216 1181 plicare
230 1141 334 1171 omnia
349 1141 422 1171 vitia
437 1148 528 1182 atque
543 1148 665 1182 peccata
680 1142 746 1179 filii,
765 1142 877 1183 quibus
895 1142 997 1172 incen-

104 1194 156 1214 sus
178 1194 286 1225 parens
308 1184 440 1225 potuerit
464 1185 602 1215 animum
624 1185 775 1222 inducere,
800 1191 835 1214 ut
854 1191 996 1215 naturam

103 1226 203 1268 ipsam
229 1227 371 1266 vinceret,
396 1233 431 1257 ut
451 1238 586 1258 amorem
610 1228 699 1257 illurn
726 1228 846 1268 penitus
870 1228 997 1258 insitum

103 1270 222 1309 ejiceret
238 1281 274 1300 cx
298 1271 412 1309 animo,
428 1277 464 1301 ut
484 1271 614 1312 denique
632 1277 750 1311 patrem
767 1281 828 1301 esse
844 1281 905 1301 sese
920 1271 997 1301 obii-

103 1313 265 1344 visceretur
278 1325 286 1343 ε
311 1324 380 1354 quae
395 1314 459 1344 sine
474 1314 594 1354 magnis
608 1313 735 1353 hujusce
744 1313 872 1355 peccatis
883 1314 998 1344 accide-

104 1366 137 1387 re
151 1356 284 1396 potuisse
300 1366 360 1387 non
376 1357 513 1387 arbitror.

148 1399 269 1430 Verum
283 1399 412 1430 concedo
432 1400 499 1436 tibi,
522 1406 556 1430 ut
576 1410 611 1430 ea
630 1406 800 1440 praetereas,
824 1411 904 1441 quae,
927 1411 998 1430 cum

105 1447 196 1479 taces,
209 1442 295 1472 nulla
309 1453 371 1473 esse
383 1443 528 1473 concedis.
554 1443 650 1473 Illum
663 1443 787 1484 quidem
803 1444 932 1473 voluisse
947 1454 999 1473 ex-

105 1485 270 1524 haeredare,
287 1493 365 1516 certe
385 1492 419 1516 tu
434 1487 563 1527 planum
578 1486 674 1516 facere
689 1486 788 1516 debes.
828 1486 913 1524 Quid
930 1497 1000 1526 ergo

106 1528 205 1566 affers,
222 1539 316 1569 quare
330 1529 362 1559 id
376 1529 491 1559 factum
510 1536 654 1570 putemus
665 1531 679 1559 Ρ
718 1530 799 1560 Vere
819 1530 897 1559 nihil
913 1536 999 1570 potes

107 1571 214 1602 dicere.
238 1572 264 1601 F
266 1572 336 1612 inge
351 1572 467 1613 aliquid
483 1573 590 1602 saltem
602 1573 780 1608 commode3
804 1578 839 1602 ut
851 1582 889 1603 ne
911 1573 999 1613 plane

107 1614 235 1645 videaris
250 1615 282 1644 id
293 1615 400 1653 facere,
412 1615 494 1656 quod
509 1622 610 1656 aperte
625 1615 710 1652 facis,
722 1616 815 1655 hujus
826 1616 929 1645 miseri
939 1615 1000 1645 for-

108 1658 200 1695 tunis,
217 1664 245 1688 et
267 1658 378 1688 horum
400 1659 534 1689 virorum
558 1658 667 1689 talium
689 1658 841 1699 dignitati,
862 1658 999 1689 illudere.

107 1699 311 1733 Exhaeredare
326 1701 425 1731 filium
441 1702 546 1732 voluit.
584 1701 690 1739 Quam
706 1703 744 1732 ob
763 1703 910 1732 causam?
936 1702 1000 1731 Ne-

109 1743 178 1774 scio.
202 1744 481 1775 Exhaeredaw'tne?
502 1745 584 1775 Non.
608 1745 687 1782 Quis
702 1745 883 1785 prohibuit?
908 1744 1001 1785 Cogi-

109 1787 202 1817 tabat.
241 1787 425 1827 Cogitabat?
464 1788 524 1818 Cui
539 1787 617 1818 dixit
628 1790 642 1818 ἓ
676 1787 813 1817 Nemini.
848 1787 934 1825 Quid
957 1793 1001 1817 est

109 1829 203 1867 aliud,
226 1830 341 1869 judicio
364 1841 398 1861 ac
418 1831 548 1871 legibus,
565 1841 599 1862 ac
614 1831 772 1870 majestate
788 1831 897 1868 vestre,
917 1829 1003 1860 abuti

106 1872 146 1902 ad
161 1880 313 1902 uuaestum
326 1879 417 1902 atoue
429 1874 467 1902 ad
482 1874 652 1902 libidinem.
670 1873 728 1902 nisi
740 1874 801 1902 hoc
809 1873 901 1902 modo
916 1883 1004 1902 accu-
