1181 1902
214 181 306 214 PRO
329 180 496 214 ROSCIO
518 180 752 214 AMERINO.
776 181 860 214 CAP.
877 183 928 213 22.
974 185 1016 214 55

123 268 172 307 tis,
195 273 231 299 ut
245 268 377 309 arguatis
392 268 526 310 aliquem
544 274 662 309 patrem
681 269 833 308 occidisse,
854 279 952 310 neque
967 269 1014 299 di-

123 322 188 343 cere
210 312 339 353 possids,
364 318 416 341 aut
441 322 534 352 quare
557 318 610 342 aut
630 313 794 353 quomodo,
819 323 853 342 ac
877 318 1012 342 tantum-

123 354 213 385 modo
228 355 291 385 sine
307 354 473 395 suspicione
493 355 660 391 latrabitis;
685 366 772 385 crura
787 356 911 396 quidem
927 355 1011 386 vobis

124 408 215 428 nemo
238 398 415 438 suffringet;
440 397 491 427 sed
511 398 535 427 si
556 408 611 438 ego
631 399 685 428 hos
702 400 779 428 bene
794 398 875 436 novi,
892 398 1011 429 literam

119 441 217 477 illam,
243 441 291 471 cui
314 451 366 470 vos
386 451 482 481 usque
503 451 537 470 eo
556 441 672 471 inimici
692 441 772 478 estis,
795 447 829 470 ut
849 441 940 471 etiam
961 452 1011 471 eas

119 493 224 514 omnes
238 483 370 521 oderitis,
386 483 429 513 ita
444 484 636 514 vehementer
650 484 689 514 ad
704 490 795 524 caput
815 484 948 524 affigent,
974 490 1009 514 ut

117 533 220 567 postea
237 526 390 557 neminem
410 526 517 565 alium,
542 527 600 557 nisi
619 527 756 558 fortunas
777 533 900 565 vestras,
922 538 1010 558 accu-

117 580 181 600 sare
196 570 322 610 possitis.

159 612 255 642 XXI.
279 612 365 650 Quid
384 612 462 642 mihi
485 612 523 642 ad
541 612 765 643 defendendum
786 612 905 651 dedisti,
929 614 1009 643 bone

117 657 294 686 accusator?
319 655 393 696 quid
412 655 494 686 hisce
513 662 615 686 autem
631 655 670 686 ad
685 656 900 696 suspicandum
912 657 926 686 ?
957 656 1008 686 Ne

115 698 367 737 exhaeredaretur,
378 698 489 728 veritus
501 706 553 729 est.
576 699 692 729 Audio.
716 699 776 729 Sed
786 699 849 740 quii
863 699 901 728 de
916 699 1007 729 caus&

115 741 209 772 vereri
223 741 370 777 debuerit,
387 751 476 772 nemo
491 742 572 772 dicit.
597 742 741 772 Habebat
752 749 836 782 pater
847 742 879 771 in
891 742 1004 772 animo.

114 784 248 814 Planum
271 784 327 814 fac.
367 784 455 814 Nihil
479 791 541 814 est:
568 795 641 821 non,
669 787 795 825 quicum
819 785 1004 822 deliberitrit,

113 837 206 868 quem
221 827 376 857 certiorem
392 827 504 865 fecerit,
521 828 602 857 unde
616 828 698 858 istud
714 828 796 858 vobis
812 828 955 868 suspicari
971 828 1004 858 in

112 878 246 900 mentem
271 870 393 900 venerit,
431 870 513 901 Cum
537 871 594 901 hoc
619 870 711 900 modo
737 881 869 908 accusas,
896 871 1002 909 Eruci,

111 923 213 943 nonne
227 913 284 943 hoc
298 913 400 953 palam
415 913 513 944 dicis?
537 914 617 954 Ego,
634 914 709 955 quid.
728 914 904 954 acceperim,
922 914 1001 944 scio:

112 957 186 998 quid
197 956 308 993 dicam,
321 956 419 986 neseio
431 968 438 986 ι
456 966 555 986 111111111
566 957 644 987 illud
657 957 798 997 spectavi,
809 957 891 997 quod
904 956 1004 997 Chry-

110 1010 240 1040 sogonus
255 999 364 1036 aiebat,
381 1000 535 1029 neminem
550 999 599 1030 isti
613 1007 777 1040 patronum
788 1000 927 1029 futurum
940 1011 948 1029 2
966 1000 1004 1030 de

108 1044 258 1075 bonorum
271 1042 412 1079 emtione,
429 1042 526 1083 deque
541 1043 576 1072 eft
592 1043 740 1079 societate,
757 1043 911 1073 neminem
927 1053 1001 1080 esse,

108 1086 162 1126 qui
177 1087 302 1116 verbum
318 1085 414 1115 facere
429 1085 486 1116 hoc
498 1092 632 1126 tempore
646 1086 778 1116 auderet.
804 1086 880 1116 Haec
896 1091 925 1115 te
937 1086 1002 1126 opi-

110 1129 160 1159 nio
175 1129 250 1159 falsa
261 1128 292 1158 in
304 1128 393 1158 istam
409 1128 548 1158 fraudem
560 1129 692 1169 impulit.
718 1129 802 1166 Non,
818 1128 1002 1166 mehercule,

108 1173 237 1202 verbum
251 1171 379 1209 fecisses,
399 1171 424 1201 si
440 1171 495 1202 tibi
510 1182 698 1213 quemquam
713 1182 928 1212 responsurum
943 1182 1001 1212 pu-

109 1215 210 1245 taisses.

151 1258 262 1298 Operae
285 1257 417 1298 pretium
441 1263 514 1294 erat,
540 1257 564 1288 si
585 1257 848 1295 animadvertistis,
868 1257 998 1296 judice5‚

107 1311 166 1341 neg
179 1301 323 1331 {arentiam
339 1301 404 1340 ejus
419 1300 451 1330 in
472 1301 639 1332 accusando
654 1301 848 1331 considerare.
887 1301 998 1339 Credo,

106 1354 177 1374 cum
199 1343 330 1381 vidisset,
357 1343 410 1384 qui
430 1343 568 1374 homines
587 1344 619 1374 111
645 1344 725 1374 hisce
743 1343 892 1374 subselliis
916 1343 999 1374 sede-1

106 1393 184 1424 rent,
197 1388 350 1427 quaesisse,
367 1397 442 1416 num
458 1387 509 1417 ille
524 1393 577 1417 aut
591 1387 643 1417 ille
657 1387 835 1417 defensurus
851 1392 944 1417 esset:
962 1386 1000 1417 de

104 1440 155 1460 me
171 1439 208 1459 ne
220 1430 404 1470 suspicatum
417 1430 552 1470 quidem,
570 1430 652 1470 quod
663 1436 751 1460 antea
763 1440 882 1460 causam
896 1429 999 1470 publi-

104 1483 171 1503 cam
187 1473 305 1502 nullam
320 1472 459 1502 dixerim.
493 1473 696 1514 Posteaquam
712 1473 827 1503 invenit
843 1483 888 1502 ne
882 1473 997 1502 niuem

105 1526 221 1556 eorum,
238 1516 292 1556 qui
307 1522 433 1564 possunt
447 1523 476 1546 et
492 1516 608 1553 solent3
632 1516 674 1546 ita
688 1516 843 1556 negligens
864 1526 926 1546 esse
941 1526 998 1546 coe-

104 1559 162 1600 pit,
178 1565 223 1595 ut,
240 1569 311 1589 cum
325 1558 357 1588 in
373 1565 507 1589 mentem
520 1560 634 1589 veniret
648 1559 687 1597 ei,
703 1559 865 1595 resideretx,
889 1558 998 1588 deinde

104 1601 302 1642 spatiaretur;
336 1611 560 1643 nonnunquam
589 1603 681 1632 etiam
710 1612 841 1642 puerum
867 1607 996 1639 voearet,

103 1644 202 1683 credo,
219 1644 268 1674 eui
283 1654 399 1674 coenam
414 1645 596 1685 imperaret3
620 1656 742 1686 prorsus
764 1651 799 1674 ut
814 1650 911 1674 vestro
927 1654 999 1674 con-

102 1698 183 1717 sessu
199 1693 228 1717 et
242 1687 299 1717 hoc
314 1694 475 1727 conventu,
496 1699 552 1729 pro
567 1689 689 1718 summit
704 1687 876 1725 solitudine,
893 1688 999 1717 abute-

102 1736 194 1761 retur.

157 1772 274 1803 XXII.
312 1773 467 1804 Pei-oravit
496 1774 679 1815 aliquando.
718 1773 846 1804 assedit:
880 1772 997 1803 surrexi

108 1825 173 1856 ego.
197 1815 359 1858 Respirare
374 1817 455 1848 visus
471 1823 526 1856 est,
539 1817 622 1859 quod
634 1827 693 1847 non
711 1817 788 1847 alius
803 1816 904 1857 potius
919 1816 998 1846 dice-

108 1864 162 1890 ret.
186 1858 272 1901 Coepi
296 1859 402 1891 dicere.
429 1861 535 1902 quue
556 1859 625 1902 [eo]
644 1859 855 1899 animadverti,
870 1858 997 1899 judices,
