1181 1902
268 97 317 128 IN
343 97 537 129 VERREM
563 98 627 129 111.
653 98 736 128 CAP.
758 98 810 127 25.
919 96 982 130 237

95 192 168 213 suas
179 182 303 222 rejiciat,
319 190 372 214 aut
387 195 423 215 ex
439 184 505 225 lege
521 184 646 225 Rupiljass.
658 183 756 214 dicam
767 182 855 214 scribi
867 183 984 222 jubeat.

96 225 273 256 Adversarii
284 237 344 257 non
356 228 508 257 audebant
517 234 620 258 contra
634 227 750 257 dicere:
770 226 868 256 exitus
881 226 985 255 nullus

95 268 308 308 reperiebatur.
334 270 520 300 Insimulant
539 271 694 300 hominem
714 269 876 299 fraudandi
895 278 986 299 causa.

98 310 285 343 discessisse.
310 314 475 354 postulant,
496 319 528 343 ut
544 315 622 344 bona
637 313 794 361 possidere.
801 313 896 342 liceat.
922 311 987 341 De-

97 354 188 384 bebat
202 355 358 396 Epicrates
373 356 495 386 nullum
505 366 671 386 nummum
681 355 806 385 nemini.
830 354 946 392 Amici,
961 353 986 384 si

97 397 165 436 quis
181 399 254 438 quid
269 405 391 439 peteret,
410 398 572 438 [judicium
590 409 620 429 se
632 399 799 439 passuros,]
814 398 986 437 judicatum

96 439 171 469 solvi
186 441 390 480 satisdaturos,
406 453 468 472 esse
483 443 630 472 dicebant.

139 482 248 514 XXV.
266 487 346 515 Cum
356 486 458 515 onmia
475 484 629 526 [consilia]
646 484 810 525 frigerent;
828 483 987 513 admonitu

97 525 184 557 istius
198 526 373 559 insimulare
388 534 552 569 coeperunt,
574 528 750 568 Epicratem
769 527 869 556 literas
885 526 987 566 publi-

98 578 147 598 cas
157 571 339 611 corrupisse:
357 582 375 601 a
384 576 446 612 (11111
455 571 622 612 suspicione
631 571 682 600 ille
692 572 795 601 aberat
806 569 986 610 plurimum.

98 612 261 643 Actionem
272 615 336 653 ejus
348 615 390 644 rei
400 615 563 655 postulant.
586 614 691 644 Amici
700 623 846 649 recusare,
857 622 895 642 ne
905 611 988 652 quod

98 663 212 685 novum
225 657 387 695 judicium,
404 668 442 687 ne
453 668 514 698 qua
525 657 620 698 11151115
635 657 776 697 cognitiO,
789 656 842 686 1110
852 656 986 692 absente,

98 696 137 727 de
151 699 372 731 existimatione
398 702 462 740 ejus
478 701 726 731 constitueretur:
752 705 781 729 et
799 698 891 729 simul
906 697 987 727 idem

97 739 174 773 11111(1
190 743 341 782 postulare
356 753 417 774 non
439 744 632 781 desistebant,
657 749 692 773 ut
713 753 743 772 se
759 742 798 772 ad
817 742 898 782 leges
920 751 990 771 suas

98 784 242 822 rejiceret.
267 786 340 824 Iste,
357 787 492 828 amplam
502 787 687 817 occasionem
700 785 860 816 calumniae
869 789 986 821 nactus,

93 827 153 856 ubi
168 827 248 858 videt
263 839 325 860 esse
340 829 467 871 aliquid,
484 830 566 871 quod
581 829 671 860 amici
690 830 845 859 absentem
860 827 988 874 Epicra-

99 874 161 899 tem
177 872 292 902 nollent
307 872 476 909 defendere,
492 878 640 903 asseverat
654 883 685 902 se
700 873 764 911 ejus
779 871 821 901 rei
833 871 864 900 in
881 880 987 910 prunis

94 913 247 944 actionem
259 926 321 945 esse
335 916 489 946 daturum.
514 916 595 946 Cum
605 925 709 946 omnes
724 914 935 955 perspicerent,
948 913 988 943 ad

97 955 189 986 istum
206 967 266 988 non
281 959 372 989 modo
387 959 454 989 illos
465 969 619 995 nummos,
631 958 684 999 qui
699 969 752 998 per
762 956 987 988 simulationem

98 1000 136 1028 ab
152 1000 209 1030 isto
224 1001 369 1040 exierant,
393 1002 545 1032 revertisse
559 1013 567 1037 ;
592 1002 643 1032 sed
659 1001 757 1032 multo
779 1000 870 1030 etiam
885 999 987 1040 plures

98 1052 169 1072 cum
179 1051 282 1084 postea
293 1055 436 1075 nummos
445 1045 584 1075 5115111115
558 1055 624 1080 55;
648 1044 738 1074 amici
748 1043 923 1083 Epicratem
935 1042 987 1072 de-

98 1084 220 1117 tendere
234 1087 430 1118 destiterunt.-
454 1088 509 1118 iste
524 1088 674 1128 Epicratis
689 1089 769 1117 bona
781 1086 909 1116 Bidinos
920 1095 987 1114 om-

96 1128 148 1158 nia
169 1130 319 1169 possidere
343 1137 372 1161 et
394 1131 451 1161 51111
471 1131 581 1161 habere
602 1131 700 1178 jussit.
732 1130 786 1159 Ad
805 1129 858 1158 illa
878 1128 935 1158 115
953 1127 986 1157 D

92 1171 196 1202 ‚millia
209 1173 408 1222 haereditaria,
432 1174 553 1204 accessit
567 1174 663 1214 11151115
681 1173 807 1213 antiqua
823 1172 879 1202 Hs
895 1171 986 1211 quin-

93 1214 192 1245 decies
208 1217 344 1256 pecunia.
390 1217 504 1248 Utrum
521 1227 566 1247 res
582 1218 620 1247 ab
639 1216 725 1246 initio
749 1216 791 1245 ita
815 1214 906 1244 ducta
930 1220 985 1252 est,

96 1267 135 1287 an
150 1259 188 1288 ad
204 1265 375 1290 extremum
390 1260 432 1291 ita
452 1260 597 1301 perducta
617 1266 679 1290 est.
672 1261 685 1281 a
709 1269 748 1289 an
772 1259 814 1288 ita
834 1268 927 1297 parva
942 1264 986 1287 est

96 1302 249 1340 pecunia?
273 1313 312 1333 an
327 1304 352 1333 is
367 1304 459 1334 homo
472 1303 593 1341 Verres,
610 1309 644 1333 ut
655 1303 730 1339 haec‚
747 1312 816 1342 quae
827 1300 936 1340 dixi,„
917 1310 985 1330 ura-

96 1343 134 1374 tis
148 1344 228 1375 facta
243 1356 304 1376 esse
319 1346 503 1377 videantur?

140 1388 204 1418 Hic
219 1398 300 1419 nunc
315 1389 352 1419 de
372 1390 493 1420 miseria
514 1389 697 1426 Siculorum,
720 1387 848 1428 judices,
872 1386 984 1417 audite.

96 1430 140 1460 Et
155 1431 315 1462 Heraclius
333 1433 384 1462 ille
403 1435 621 1473 Syracusanus,
643 1438 672 1462 et
693 1431 742 1461 hic
762 1430 893 1460 Bidinus
909 1430 986 1470 Epi-

95 1479 200 1511 crates,
231 1475 349 1516 expulsi
375 1476 462 1506 bonis
490 1476 644 1512 omnibus,
671 1475 750 1505 Rom
755 1483 805 1504 am
828 1478 986 1503 venerunt.

96 1517 258 1555 Sordidati,
275 1519 412 1549 maxima
426 1519 521 1549 barba
533 1524 562 1548 et
573 1518 693 1566 capillo,
707 1518 816 1548 Romae
827 1515 986 1546 biennium

97 1570 190 1600 prope
204 1560 336 1592 fuerunt.
362 1563 387 1592 G
390 1572 443 1591 um
460 1562 498 1591 L.
511 1561 676 1591 Metellus
669 1571 700 1590 ln
715 1559 901 1601 provinciam
916 1569 987 1599 pro-

97 1603 192 1634 fectus
204 1610 258 1642 est,
275 1611 343 1634 tum
358 1605 418 1643 isti,
434 1606 511 1635 bene
526 1604 740 1641 commendati,
762 1613 832 1633 cum
858 1601 987 1632 Metello

98 1647 161 1676 una
177 1648 415 1688 proficiscuntur.
461 1648 619 1684 Metellus,
636 1647 728 1676 simul
748 1656 782 1676 ac
797 1645 878 1676 venit
894 1646 986 1685 Syra-

98 1700 195 1728 cusas,
212 1696 377 1731 utrumque
391 1691 521 1727 rescidit,
538 1696 566 1720 et
581 1690 618 1720 de
635 1690 789 1730 Epicrate,
814 1696 844 1719 et
863 1687 900 1717 de
917 1687 985 1717 He-

97 1734 197 1764 raclio.
221 1734 261 1764 In
281 1734 439 1774 utriusque
460 1733 547 1764 bonis
569 1733 646 1763 nihil
663 1738 737 1769 erat,
759 1731 841 1772 quod
865 1729 989 1760 restitui

95 1784 205 1816 posset,
220 1777 279 1808 nisi
293 1777 378 1819 quod
392 1777 507 1807 moveri
517 1777 582 1807 loco
597 1785 658 1806 non
673 1780 798 1817 poterat.
