1181 1902
148 81 213 111 233
321 82 372 112 IN
398 82 592 113 VERREM
617 82 683 112 111.
708 82 791 113 CAP.
813 83 866 118 27.

151 183 155 188 -
190 166 319 198 XXVI.
344 168 467 199 Fecerat
481 169 546 199 haec
560 169 679 209 egregie
698 168 798 209 primo
817 167 950 198 adventu
965 167 1038 199 Me-

147 210 248 249 tellus,
272 217 307 240 ut
331 221 436 241 omnes
459 211 545 242 istius
565 212 701 251 injurias,
729 222 805 252 quas
820 211 911 241 modo
925 218 1036 252 posset,

146 253 336 291 rescinderet,
353 260 382 284 et
397 254 495 285 irritas
510 255 628 285 faceret.
654 255 834 285 Heraclium
843 254 959 284 restitui
971 255 1041 293 jus-

146 301 245 326 serat:
269 307 330 327 non
347 298 567 328 restituebatur.
592 298 740 339 Quisquis
765 304 828 327 erat
846 297 970 327 eductus
991 308 1038 328 se-

146 345 235 369 nator
250 340 455 380 Syracusanus
465 343 502 371 ab
515 342 667 379 Heraclio,
684 341 754 371 duci
763 341 900 380 jubebat.
925 340 1037 380 Itaque

145 383 291 422 permulti
300 383 383 413 ducti
392 390 471 414 sunt.
496 384 652 425 Epicrates
664 384 788 425 quidem
799 384 942 414 continuo
953 383 1039 413 resti-

147 430 231 454 tutus
247 433 299 455 est.
323 427 398 456 Alia
415 427 529 466 judicia
546 427 687 468 Lilybaei,
705 427 764 457 alia
784 426 959 466 Agrigenti,
977 426 1036 456 alia

147 467 303 506 Panormi,
312 470 447 500 restituta
455 477 533 500 sunt.
558 471 684 507 Census,
696 470 749 510 qui
760 470 817 499 isto
828 476 955 509 praetore
967 475 1039 499 sunt

146 510 253 549 habiti,
267 522 327 542 non
344 519 532 543 servaturum
549 524 590 551 se,
608 513 754 543 Metellus
771 512 960 543 ostenderat:
985 512 1038 542 de-

146 563 262 592 cumas,
281 566 357 596 quas
372 556 427 586 iste
448 562 551 586 contra
566 557 664 596 legem
681 556 878 585 Hieronicam
894 555 1038 585 vendide-

146 603 203 634 rat,
220 608 282 627 sese
295 598 487 628 venditurum
501 599 665 629 Hieronica
680 599 757 639 lege,
771 599 897 628 dixerat.
922 597 1039 628 Omnia

146 646 230 670 erant
243 640 364 671 Metelli
379 642 539 681 ejusmodi,
557 648 591 672 ut
607 648 702 672 totam
717 642 803 672 istius
818 647 983 682 praeturam
993 651 1040 671 re-

145 687 247 713 texere
259 684 416 715 videretur.

189 726 287 756 Simul
309 733 400 768 atque
420 738 475 768 ego
500 727 530 757 in
557 727 690 758 Siciliam
716 727 796 763 veni,
821 732 958 757 mutatus
981 732 1036 757 est.

146 768 281 799 Venerat
295 770 334 799 ad
349 780 420 800 eum
443 771 496 800 illo
515 771 609 801 biduo
633 770 762 800 Letilius
782 770 919 810 quidam,
945 769 1038 800 homo

145 821 207 842 non
222 812 338 842 alienus
353 824 371 843 a
386 813 500 843 literis:
526 813 629 854 itaque
644 824 678 843 eo
688 814 743 843 iste
753 813 909 843 tabellario
919 823 1039 853 semper

145 865 218 885 usus
242 862 294 885 est.
328 855 360 886 Is
385 856 525 896 epistolas
555 856 724 897 complures
751 856 911 891 attuleratg
935 856 967 885 in
990 856 1038 886 his

145 907 240 928 unam
256 898 358 936 domo,
379 909 448 939 quae
463 905 563 929 totum
583 898 761 929 immutarat
784 898 950 928 hominem.
974 899 1038 929 Re-

145 947 236 981 pente
251 942 339 982 coepit
353 941 461 981 dicere,
479 953 509 972 se
521 942 624 972 omnia
639 942 744 972 Verris
760 941 850 971 causa
865 941 962 977 vellet,
980 942 1038 972 sibi

145 994 216 1014 cum
233 994 267 1014 eo
282 984 446 1015 amicitiam
463 985 732 1026 cognationemque
748 995 818 1014 esse.
842 984 1038 1015 Mirabantur

145 1036 261 1064 omnes,
272 1027 329 1057 hoc
339 1027 365 1057 ei
375 1033 442 1057 turn
454 1028 586 1068 denique
595 1028 627 1057 in
639 1034 773 1058 mentem
783 1027 908 1065 venisse,
919 1034 1038 1067 postea-

146 1080 240 1110 quam
256 1076 320 1100 tam
334 1071 440 1101 multis
456 1081 526 1101 eum
547 1071 633 1101 factis
648 1070 834 1111 decretisque
855 1071 1037 1110 jugulasset.

146 1113 245 1143 Erant
260 1113 313 1154 qui
334 1119 486 1154 putarent,
512 1114 660 1144 Letilium
682 1115 818 1154 legatum
843 1124 860 1142 a
876 1113 972 1143 Verre
987 1124 1038 1143 ve-

146 1156 235 1192 nisse,
252 1156 305 1196 qui
321 1157 461 1197 gratiam,
478 1157 654 1194 amicitiam,
674 1156 944 1197 cognationemque
956 1167 1039 1186 com-

146 1206 336 1229 memoraret.
382 1200 434 1229 Ex
449 1200 502 1230 ino
518 1206 652 1240 tempore
666 1210 684 1229 a
702 1199 872 1230 civitatibus
887 1199 1038 1230 laudatio-

146 1251 198 1271 nes
223 1248 342 1282 petere:
369 1248 456 1273 testes
480 1253 541 1273 non
565 1243 664 1273 solum
688 1242 834 1272 deterrere
854 1242 962 1280 verbis,
986 1242 1038 1273 sed

145 1284 236 1314 etiam
254 1285 282 1315 vi
294 1286 431 1323 retinere,
448 1286 545 1326 coepit.
570 1285 663 1323 Quod
678 1295 732 1326 ego
748 1285 805 1315 nisi
820 1295 888 1315 mco
903 1285 1037 1316 adventu

144 1327 227 1357 illius
242 1335 366 1358 conatus
378 1329 604 1369 aliquantulum
620 1328 835 1369 repressissem,
852 1334 881 1358 et
895 1328 978 1368 apud
989 1329 1038 1359 Si-

145 1370 239 1407 culos,
266 1381 326 1401 non
352 1372 484 1409 Metelli,
513 1372 564 1402 sed
590 1371 774 1408 Glabrionis,
796 1371 889 1400 literis
913 1381 947 1401 ac
970 1371 1037 1412 lege

145 1414 350 1454 pugnassem;
375 1420 438 1444 tam
450 1415 561 1445 multos
573 1415 633 1444 huc
649 1424 769 1444 evocare
784 1424 844 1443 non
860 1413 1036 1454 potuissem.

190 1457 338 1487 XXVII·
364 1458 481 1488 Verum
507 1457 602 1498 (quod
626 1457 743 1487 institui
767 1457 878 1493 dicere)
901 1457 1036 1487 miserias

145 1499 314 1539 cognoscite
340 1500 521 1530 Siculorum.
558 1500 718 1530 Heraclius
747 1500 798 1530 ille
828 1506 857 1529 et
879 1500 1035 1540 Epicrates

145 1542 235 1582 longe
251 1542 326 1572 mihi
342 1543 463 1573 obviam
481 1554 551 1573 cum
568 1543 628 1574 suis
647 1543 789 1573 omnibus
804 1548 1033 1582 processerunt3

146 1585 278 1615 venienti
294 1587 455 1625 Syracusas
471 1593 597 1626 egerunt
612 1587 733 1626 gratias,
752 1585 873 1615 flentes:
900 1586 1034 1615 Romam

144 1627 285 1658 decedere
301 1638 420 1658 mecum
437 1631 604 1670 cupierunt.
629 1628 722 1667 Quod
734 1634 818 1659 erant
833 1628 909 1658 mihi
921 1629 1033 1668 oppida

144 1671 302 1711 complura
319 1672 409 1701 etiam
425 1673 551 1713 reliqua,
571 1683 640 1713 quae
655 1672 736 1701 adire
757 1671 877 1707 vellem,
890 1671 1032 1701 constitui

144 1723 217 1744 cum
227 1714 412 1751 hominibus,
423 1725 484 1755 quo
494 1716 542 1745 die
553 1715 630 1744 mihi
640 1715 793 1744 Messana:
804 1721 913 1754 preesto
926 1720 1032 1744 essent.

145 1755 195 1786 Eo
216 1757 293 1787 mihi
317 1757 459 1788 nuntium
478 1758 636 1795 miserunt,
662 1767 692 1788 se
716 1768 734 1787 a
751 1764 877 1798 praetorc
903 1756 1032 1788 retineri.
