1181 1902
239 124 290 155 IN
313 124 512 156 VERREM
534 123 596 156 IV.
618 123 703 155 CAP.
721 123 770 154 10.
884 118 949 156 207

57 209 125 246 bus,
150 220 205 250 par
227 210 266 240 ad
286 211 426 241 omnium
447 210 633 252 flagitiorum
657 208 786 240 nefarias
808 206 950 238 libidines

59 262 121 282 esse
135 253 250 293 possit:
274 254 300 284 is
316 254 371 284 erit
386 255 544 295 Apronius
560 254 630 290 ille3
656 253 720 294 qui,
743 258 777 282 ut
797 251 872 292 ipse,
888 259 951 280 non

59 295 157 325 solum
180 296 252 334 vita,
278 297 330 327 sed
351 297 442 327 etiam
463 307 585 338 corpore
604 303 696 337 atque
716 305 766 325 ore
791 293 952 334 significat,

58 337 208 368 immensa
222 339 325 380 aliqua
340 350 450 380 vorago
466 346 509 369 est
524 350 558 370 ac
570 350 680 380 gurges
696 338 837 369 vitiorum
854 335 952 377 turpi-

59 381 264 422 tudinumque
290 383 442 412 omnium.
468 383 562 412 Hunc
591 383 623 412 in
653 382 796 412 omnibus
826 379 949 420 stupris,

58 423 140 454 hunc
167 425 198 454 in
222 425 364 456 fanorum
385 425 631 466 expilationibus,
658 424 741 454 hunc
765 424 797 453 in
820 421 950 463 impuris

56 467 211 504 conviviis,
230 468 397 509 principem
414 469 597 499 adhibebat:
623 474 801 507 tantamque
816 466 948 495 habebat

56 519 178 540 morum
193 511 359 542 similitudo
380 512 623 551 conjunctionem
638 516 730 551 atque
745 508 948 545 concordiam,

55 558 90 582 ut
105 554 274 594 Apronius,
300 555 354 595 qui
374 554 440 585 aliis
460 555 647 584 inhumanus
668 564 702 583 ac
722 554 879 589 barbarus,
899 551 950 581 isti

55 596 110 626 uni
125 597 302 627 commodus
314 608 348 628 ac
363 598 502 635 disertus,
519 598 691 632 videretur-3
716 602 761 633 ut,
779 604 871 636 quem
884 604 951 624 om-

54 647 107 669 nes
124 639 268 679 odissent,
291 650 390 681 neque
413 641 514 671 videre
535 641 657 677 vellent,
675 640 739 669 sine
759 648 793 668 eo
812 638 868 668 iste
887 647 950 667 esse

55 690 116 711 non
131 690 230 723 posset
243 695 252 719 ς
277 690 322 721 ut,
334 694 403 714 cum
416 684 479 721 alii,
491 694 528 714 ne
541 683 684 714 conviviis
694 681 817 723 quidem
828 680 948 718 iisdem,

55 725 166 765 quibus
180 727 350 767 Apronius,
363 727 413 757 hic
422 727 529 757 iisdem
545 727 636 757 etiam
649 725 776 767 poculis,
790 730 925 754 uteretur
938 733 948 759 ;

54 775 218 808 postremo,
230 776 264 799 ut
279 770 352 800 odor
366 770 498 811 Apronii
514 770 685 800 teterrimus
695 769 754 799 oris
765 774 794 797 et
806 766 949 807 corporis,

56 821 148 850 quem
165 815 214 845 (ut
228 813 327 850 aiunt)
343 823 381 843 ne
396 814 499 843 bestiae
515 813 639 854 quidem
655 813 732 843 ferre
746 816 879 851 possent,
892 809 948 839 uni

53 853 102 883 isti
119 855 218 885 suavis
234 862 263 886 et
284 856 439 895 jucundus
454 856 614 887 videretur.
638 856 697 886 Ille
715 860 778 885 erat
798 854 830 883 in
851 853 950 883 tribu-

54 897 118 926 nali
133 899 302 938 proximus,
318 899 350 929 in
366 899 506 929 cubiculo
521 899 629 936 socius,
646 899 677 928 in
694 896 830 928 convivio
846 895 946 926 domi-

55 949 133 975 nus;
158 951 193 971 ac
217 947 284 972 tum
308 942 455 979 maxime,
478 953 560 980 cum,
583 943 747 972 accubante
769 944 949 981 praetextato

55 984 191 1023 praetoris
207 984 280 1022 filio,
296 985 328 1014 in
345 985 481 1016 convivio
497 986 604 1016 saltare
619 985 720 1015 nudus
735 989 873 1023 coeperat.

99 1026 141 1056 X.
167 1027 262 1058 Hunc
283 1029 341 1062 (uti
362 1028 460 1059 dicere
482 1028 612 1066 institui)
634 1027 800 1069 principem
824 1026 947 1062 Verres,

54 1069 93 1098 ad
108 1069 243 1100 fortunas
264 1077 417 1101 aratorum
436 1071 588 1102 vexandas
607 1070 863 1112 diripiendasque,
885 1078 948 1098 esse

56 1112 171 1143 voluit:
196 1113 289 1153 hujus
303 1114 448 1151 audaciae,
465 1114 619 1155 nequitiae,
637 1113 818 1150 crudelitati,
835 1111 948 1141 fidelis-

55 1155 147 1186 simos
166 1156 270 1193 socios,
287 1158 480 1198 optimosque
495 1158 583 1195 cives,
606 1158 720 1194 scitote,
737 1157 793 1186 hoc
808 1160 947 1196 praetore,

53 1198 188 1236 traditos,
203 1200 330 1238 judices,
347 1206 438 1241 atque
453 1200 586 1230 addictos
602 1200 706 1237 fuisse,
723 1199 809 1229 novis
824 1198 947 1227 institu-

53 1241 90 1271 tis
109 1248 138 1272 et
163 1243 278 1281 edictis,
306 1244 370 1273 tota
390 1244 555 1274 Hieronica¹
579 1244 645 1284 lege
669 1240 946 1284 (quemadmodum

52 1291 141 1315 antea
155 1285 233 1322 d‘uri)
249 1286 357 1325 rejecta
372 1293 401 1316 et
416 1287 583 1327 repudiata.

96 1328 250 1366 Primum,
281 1329 425 1366 edictum,
449 1330 576 1369 judices,
607 1329 710 1359 audite
735 1328 942 1369 praeclarum:

55 1373 77 1388 “
91 1371 254 1408 Quantum
271 1372 457 1402 decumanus
480 1372 620 1403 edidisset
639 1378 788 1402 aratorem
813 1370 869 1400 sibi
892 1370 946 1400 de-

53 1424 150 1444 cuniae
173 1414 244 1445 dare
273 1422 419 1455 oportere,
449 1421 485 1445 ut
507 1422 627 1445 tantum
650 1422 749 1445 arator
776 1414 946 1444 decumano

52 1457 124 1487 dare
150 1458 337 1497 cogeretur.''
369 1458 559 1496 Quomodo?
591 1459 753 1496 Quantum
776 1456 946 1497 poposcerit

53 1500 224 1540 Apronius,
247 1501 327 1531 dato.
352 1500 438 1538 Quid
454 1507 498 1532 est
512 1502 593 1532 hoc?
617 1507 722 1531 utrum
745 1500 880 1541 praetoris
896 1499 946 1529 in-

50 1543 191 1573 stitutum
206 1543 238 1573 in
254 1544 357 1578 socios,
372 1554 410 1574 an
426 1544 457 1574 in
473 1544 572 1574 hostes
589 1544 681 1574 victos
696 1543 794 1574 insani
810 1543 944 1573 edictum

52 1592 143 1627 atque
151 1586 314 1627 imperium
327 1587 473 1628 tyranni?
497 1587 565 1627 Ego
575 1587 779 1624 tantumdem,
792 1591 944 1626 quantum

51 1629 103 1659 ille
129 1630 323 1670 poposcerit?
347 1636 447 1670 poscet
473 1640 574 1667 omne,
600 1637 751 1670 quantum
771 1638 944 1659 exaravero.

53 1672 139 1710 Quid.
169 1675 283 1703 omne?
307 1673 403 1703 immo
432 1673 501 1714 plus
531 1674 634 1709 etiam,
660 1673 772 1713 inquit,
801 1672 825 1702 si
851 1671 941 1702 volet.

55 1715 140 1752 Quid
164 1718 256 1747 tum?
282 1716 368 1754 Quid
395 1718 522 1747 censes?
546 1717 615 1746 Ant
639 1716 735 1754 dabis,
761 1722 814 1746 aut
840 1721 946 1747 contra

50 1758 184 1789 &lictum
199 1758 303 1790 fecisse
325 1759 518 1790 damnabere.
549 1759 609 1790 Per
629 1759 713 1790 Deos
734 1756 944 1791 immortalest

1161 1659 1181 1757 ‘23‘ss
1169 1643 1170 1646 Α

1161 1758 1181 1902 xffir
1162 1747 1165 1752 '
