1181 1902
192 38 252 70 196
370 37 423 69 IN
447 37 644 70 VERREM
668 37 716 69 ΙΙ.
740 37 824 69 ΟΑΡ.
841 39 892 69 45.

189 123 257 154 mili
272 133 372 161 sensu,
383 130 474 165 atque
485 124 674 165 indulgentia
689 125 821 154 filiarum
833 122 1076 160 commmemini,

189 177 236 197 res
251 167 316 198 haec
331 169 438 198 acerba
457 167 594 198 videatur
608 174 699 208 atque
718 167 853 207 indigna.
890 166 976 204 Quid
996 166 1078 196 enim

190 215 300 240 natura
311 210 397 240 nobis
410 210 587 249 jucundius,
601 211 675 251 quid
687 211 784 241 carius
797 220 858 240 esse
869 209 988 240 voluit?
1005 208 1080 249 quid

191 258 235 282 est
251 252 383 293 dignius,
400 253 431 283 in
448 264 508 294 quo
523 254 621 283 omnis
637 260 737 284 nostra
752 253 907 293 diligentia
920 252 1082 292 indulgen-

191 296 294 336 tiaque
307 297 520 326 consumatur?
546 297 649 327 Homo
664 296 931 337 importunissime,
948 305 1001 325 cur
1015 300 1082 324 tan-

192 344 257 368 tam
281 339 426 378 injuriam
451 340 487 370 P.
509 339 615 370 Annio
639 346 760 369 mortuo
780 339 899 369 fecisti?
923 349 976 368 cur
1000 337 1084 367 hunc

192 381 326 412 dolorem
343 382 435 412 cineri
450 383 514 421 ejus
530 389 621 423 atque
635 383 751 413 ossibus
766 382 911 418 inussisti,
931 386 966 411 ut
979 380 1083 410 liberis

193 425 258 463 ejus
273 426 353 455 bona
368 425 475 466 patria,
500 426 654 456 voluntate
669 426 773 466 patris,
794 426 874 464 jure,
889 424 1007 464 legibus
1022 429 1083 453 tra-

193 467 268 504 dita,
292 468 430 508 eriperes,
454 474 494 504 et,
511 468 559 498 cui
576 469 630 498 tibi
651 474 726 499 esset
742 467 948 503 commodum,
972 465 1082 497 condo-

194 513 306 541 nares?
331 511 525 548 Quibuscum
549 511 608 541 vivi
632 512 711 541 bona
737 517 838 541 nostra
863 510 1024 551 partimur,
1047 508 1084 538 iis

195 559 305 593 praetor
319 554 463 592 adimere,
477 555 563 584 nobis
577 554 716 591 mortuis,
732 556 812 584 bona
824 554 1020 593 fortunasque
1030 561 1086 592 po-

196 596 290 627 terit?
315 599 337 614 “
355 597 420 627 Nec
441 597 652 637 petitionem,''
676 597 786 638 inquit,
812 599 834 615 ‘⁶
850 607 905 627 nec
928 594 1087 637 possessio-

196 648 268 669 nem
289 639 400 669 dabo.'’
429 640 549 681 Eripies
569 641 663 681 igitur
686 641 811 681 pupillae
835 645 937 679 togam
958 643 1088 679 praetex-

197 684 286 712 tam?
311 682 447 713 detrahes
463 689 651 720 ornamenta,
675 693 735 713 non
754 683 853 713 solum
874 682 1013 718 fortunae,
1037 679 1090 710 sed

198 725 289 755 etiam
304 726 524 765 ingenuitatis?
549 726 714 762 Miramur,
731 726 767 756 ad
780 736 866 756 arma
877 731 980 755 contra
994 724 1088 753 istum

198 768 355 798 hominem
381 768 604 809 Lampsacenos
630 770 711 799 isse?
741 769 900 806 miramur,
923 768 1028 804 istum,
1052 765 1091 796 de

199 810 352 851 provincia
377 811 581 850 decedentem,
613 812 693 842 clam
719 811 873 852 Syracusis
898 808 1089 851 profugisse?

200 854 268 884 Nos
288 853 313 883 si
328 854 458 884 alienam
474 855 570 885 vicem
585 865 640 895 pro
655 855 757 884 nostra
776 854 888 893 injuria
908 853 1090 890 doleremus,

200 896 361 937 vestigium
377 897 462 927 istius
477 897 509 927 in
524 898 589 928 foro
604 907 665 927 non
681 903 756 928 esset
771 897 919 927 relictum.

246 940 337 970 Pater
352 940 405 970 dat
424 941 514 970 filiae:
539 941 689 981 prohibes.
725 940 822 980 Leges
843 940 965 970 sinunt:
989 944 1092 969 tamen

203 987 233 1013 te
247 982 422 1023 interponis.
452 983 501 1013 De
521 984 582 1013 suis
600 983 686 1014 bonis
706 983 748 1013 ita
763 983 825 1019 dat,
847 988 882 1012 ut
896 984 934 1012 ab
948 983 1016 1021 jure
1031 990 1093 1011 non

203 1027 300 1057 abeat.
333 1025 420 1064 Quid
438 1026 542 1064 habes,
559 1027 641 1067 quod
656 1026 880 1066 reprehendas?
910 1025 1010 1062 Nihil,
1029 1024 1096 1064 opi-

204 1078 269 1098 nor.
302 1069 348 1099 At
369 1080 424 1109 ego
444 1069 592 1099 concedo:
616 1069 754 1110 prohibe,
778 1069 802 1099 si
817 1075 921 1109 potes;
946 1068 971 1098 si
990 1068 1094 1104 habes,

205 1112 260 1152 qui
276 1120 305 1141 te
320 1112 444 1148 audiat;
469 1112 493 1142 si
507 1118 604 1153 potest
625 1112 680 1142 tibi
701 1112 780 1142 dicto
799 1112 924 1142 audiens
939 1121 1001 1141 esse
1013 1110 1097 1151 quis-

206 1165 310 1195 quam.
334 1155 455 1195 Eripias
478 1161 511 1184 tu
532 1156 719 1186 voluntatem
743 1155 882 1192 mortuis,
905 1155 986 1184 bona
1009 1152 1096 1191 vivis,

203 1198 254 1236 jus
280 1198 447 1228 omnibus?
476 1198 545 1228 Hoc
571 1198 703 1239 populus
730 1198 889 1227 Romanus
915 1207 976 1226 non
1002 1206 1098 1226 manu

207 1240 397 1279 vindicasset,
421 1241 478 1271 nisi
499 1246 528 1271 te
547 1241 619 1271 huic
639 1240 768 1281 tempori
788 1246 879 1280 atque
899 1239 970 1270 huic
983 1238 1099 1278 judicio

206 1284 408 1315 reservasset?
434 1284 633 1324 Posteaquam
648 1285 698 1322 jus
714 1284 886 1324 praetorium
901 1283 1099 1313 constitutum

207 1332 263 1363 est,
280 1337 397 1367 semper
412 1327 468 1357 hoc
477 1327 546 1365 jure
558 1327 605 1356 usi
620 1337 743 1356 sumus:
762 1326 786 1356 si
801 1326 913 1356 tabulae
928 1324 1100 1355 testamenti

208 1378 268 1399 non
286 1371 500 1409 proferrentur,
525 1375 603 1405 tum,
627 1370 672 1399 uti
686 1369 862 1410 proximum
878 1378 1031 1409 quemque
1045 1377 1101 1408 po-

209 1412 361 1441 tissimum
377 1412 526 1442 haeredem
539 1423 601 1442 esse
612 1418 771 1453 oporteret,
788 1412 830 1441 ita
845 1411 1012 1442 secundum
1028 1420 1099 1440 eum

208 1455 353 1495 possessio
368 1455 498 1486 daretur.
534 1455 638 1493 Quare
652 1455 709 1485 hoe
725 1455 763 1484 sit
778 1455 997 1495 aequissimum,
1013 1453 1101 1483 facile

210 1504 254 1528 est
275 1497 397 1528 docere:
423 1498 486 1536 sed,
509 1498 540 1527 in
562 1509 593 1528 re
617 1504 679 1528 tam
702 1498 824 1533 usitata,
848 1497 918 1527 satis
939 1503 982 1527 est
1001 1502 1101 1526 osten-

210 1540 292 1578 dere,
315 1551 419 1570 omnes
434 1547 523 1571 autea
535 1541 585 1579 jus
600 1541 642 1570 ita
658 1541 779 1578 dixisse,
804 1546 832 1570 et
847 1540 903 1570 hoc
919 1546 1006 1570 vetus
1021 1539 1101 1569 edic-

211 1589 277 1613 tum
294 1583 571 1624 translatitiumque
587 1594 657 1614 esse.

254 1626 359 1656 XLV.
384 1628 563 1667 Cognoscite
578 1627 661 1657 aliud
673 1626 805 1656 hominis
820 1626 852 1656 in
868 1636 899 1656 re
911 1631 1009 1656 vetere
1021 1624 1101 1654 edic-

211 1673 279 1699 tum
299 1679 413 1699 novum
426 1681 433 1699 :
459 1677 489 1699 et
502 1670 606 1707 simul,
629 1670 703 1699 dum
721 1676 764 1700 est
779 1669 861 1699 unde
873 1669 925 1707 jus
940 1668 1026 1698 civile
1041 1667 1101 1697 dis-

210 1718 306 1750 catur,
330 1712 530 1743 adolescentes
546 1712 573 1743 ei
584 1712 616 1742 in
632 1712 823 1753 disciplinam
839 1711 956 1742 tradite.
980 1710 1101 1742 Mirum

341 1826 1181 1902 ss-—-—-.-.k
