1181 1902
210 82 280 113 384>
383 82 434 113 IN
458 81 656 113 VERREM
681 82 740 113 IV.
765 81 849 113 CAP.
873 83 924 113 98.

210 174 272 198 tate
285 167 409 205 residui,
425 168 508 209 quod
525 179 585 199 non
601 168 639 199 ad
654 168 777 199 miseros
793 174 934 205 aratores,
955 167 1011 198 isto
1025 177 1103 209 prae-

212 217 286 248 tore„
312 222 366 252 per
387 222 539 242 summam
566 212 709 251 injuriam
725 211 985 251 ignominiamque
999 222 1103 251 perve-

210 254 312 284 nerit?
342 255 464 295 quibus,
482 265 552 285 cum
575 255 716 284 decumas
733 255 803 284 dare
819 254 970 290 deberent,
988 254 1039 284 vix
1054 254 1101 294 ip-

210 297 249 327 sis
274 297 409 328 decumae
433 298 543 328 relictae
567 304 655 328 sunt:
688 308 758 328 eum
779 297 906 337 pecunia
930 296 1100 333 deberetur,

211 340 310 370 soluta
333 350 394 370 non
419 346 462 370 est
476 352 483 370 :
523 351 592 371 cum
617 340 733 381 optima
759 340 955 370 aestimatione
982 345 1101 370 senatus

210 382 400 413 frumentum
425 394 474 413 eos
497 383 529 412 in
552 383 659 413 cellam
684 383 754 413 dare
778 383 929 419 voluisset,
948 382 1039 412 etiam
1053 382 1101 412 in-

211 431 380 456 strumenta
395 437 537 466 agrorum
553 426 680 456 vendere
695 425 788 455 eoacti
807 431 886 455 sunt.

253 468 415 499 XCVIII.
440 469 515 498 Dixi
528 470 594 507 jam
609 474 708 505 antea‚
724 468 850 507 judices,
868 473 902 497 ut
924 467 979 497 has
995 477 1100 498 omnes

209 511 336 550 injurias
358 512 480 547 tollatis,
503 517 603 541 tamen
626 512 723 551 ipsam
750 511 896 541 rationem
919 510 1023 540 arandi
1047 520 1099 551 spe

209 554 307 594 magis
329 560 358 584 et
378 554 569 593 jucunditate
593 555 738 595 quadam,
763 564 856 594 quam
882 553 983 583 fructu
1007 559 1099 594 atque

209 598 427 634 emolumento,
454 598 556 627 teneri.
590 597 726 633 Etenim,
752 597 790 626 ad
815 597 962 626 incertum
994 607 1097 626 casum

208 645 238 670 et
254 646 406 677 eventum,
424 646 520 670 certus
542 640 702 681 quotannis
717 640 802 669 labor
817 645 845 669 et
861 645 957 669 certus
979 645 1098 669 sumtus

206 683 402 723 impenditur.
426 683 561 713 Annona
575 694 663 724 porro
678 683 820 723 pretium,
845 682 902 711 nisi
921 682 952 711 in
974 682 1097 711 calami-

207 731 268 756 tate
283 726 451 763 fructuurm
474 736 534 756 non
555 726 654 756 habet.
679 726 711 756 Si
727 731 827 755 autem
844 726 964 754 ubertas
979 725 1010 754 in
1029 736 1097 765 per-

207 768 352 809 cipiendis
367 769 515 799 fructibus
524 769 593 805 fuit,
610 768 802 808 consequitur
814 767 911 797 vilitas
923 767 954 796 in
965 768 1095 797 venden-

206 811 252 841 dis
266 823 274 841 ε
299 818 334 841 ut
349 817 402 841 aut
417 812 497 841 male
513 811 705 841 vendendum
719 810 881 850 intelligas,
898 810 922 839 si
937 811 1094 850 processit;

207 859 261 884 aut
283 855 363 884 male
383 861 537 895 perceptos
563 854 690 890 fructus,
713 854 737 883 si
764 859 841 883 recte
863 853 933 882 licet
957 853 1093 883 vendere.

207 896 297 927 Totae
312 903 414 927 autem
436 908 481 927 res
493 897 611 927 rustieae
632 896 780 936 ejusmodi
802 901 882 931 sunt,
908 901 943 925 ut
964 906 1012 925 eas
1034 906 1094 925 non

207 940 283 969 ratio
298 950 396 980 neque
407 940 503 975 labor,
520 940 571 969 sed
587 950 631 969 res
647 939 860 975 incertissimas,
874 938 955 968 venti
967 944 1096 979 tempes-

208 987 355 1023 tatesque,
373 982 575 1012 moderentur.
602 983 685 1012 Hinc
706 992 775 1012 cum
792 991 861 1011 unae
875 981 1010 1011 decumae
1029 982 1096 1021 lege

208 1031 238 1055 et
250 1025 420 1056 conditione
434 1025 592 1055 trahantur
605 1036 614 1060 ς
639 1026 740 1055 alterae
755 1024 838 1054 novis
850 1023 993 1054 institutis
1005 1034 1097 1065 prop-

207 1074 252 1099 ter
276 1078 404 1099 annonae
424 1068 570 1098 rationem
591 1068 794 1108 imperentur;
819 1073 936 1097 ematur
954 1073 1097 1107 praeterea

207 1111 398 1142 frumentum
425 1111 586 1152 quotannis
612 1111 751 1151 publice3
784 1115 935 1150 postremo
959 1110 1049 1140 etiam
1064 1110 1096 1139 in

208 1155 316 1185 cellam
331 1154 557 1195 magistratibus
573 1160 602 1184 et
616 1154 722 1194 legatis
737 1154 921 1193 imperetur;
955 1153 1028 1193 quid
1044 1159 1097 1182 aut

208 1203 360 1238 quantum
374 1202 517 1238 praeterea
532 1202 586 1233 est,
604 1197 685 1238 quod
700 1202 753 1227 aut
775 1197 906 1226 liberum
926 1196 1019 1236 possit
1042 1195 1097 1225 ha-

208 1242 278 1270 bere
292 1240 344 1270 ifle
359 1246 457 1271 arator
471 1251 505 1271 ac
520 1240 661 1270 dominus
672 1240 703 1270 in
718 1245 863 1280 potestate
878 1249 1001 1269 suorum
1016 1238 1098 1269 fruc-

209 1289 240 1313 tu
246 1294 311 1321 um,
328 1289 382 1314 aut
395 1284 427 1313 in
442 1283 514 1324 ipsis
524 1283 671 1314 fructibus
683 1283 816 1313 solutum
827 1282 841 1311 ?

253 1326 347 1364 Quod
363 1327 387 1357 si
402 1326 466 1356 haec
489 1326 627 1356 feruntur
647 1325 768 1361 omnia3
804 1325 828 1355 si
845 1324 927 1355 vobis
947 1324 1047 1365 potius
1063 1334 1097 1355 ac

209 1370 324 1410 populo
340 1370 491 1407 Romano,
510 1380 602 1410 quam
615 1369 671 1400 sibi
686 1375 715 1399 et
730 1369 791 1399 suis
803 1368 978 1404 commodis,
995 1367 1096 1408 opera,

210 1418 326 1449 sumtu,
342 1413 444 1443 labore
459 1412 630 1443 deserviunt
643 1423 652 1448 ;
677 1412 806 1442 etiamne
820 1411 884 1441 haec
900 1421 978 1440 nova
989 1410 1099 1440 debent

211 1455 307 1485 edicta
325 1462 354 1485 et
379 1455 506 1496 imperia
527 1461 690 1496 praetorum
712 1461 740 1485 et
766 1454 897 1495 Apronii
918 1453 1098 1483 dominatio-

212 1507 294 1533 nem,
312 1504 341 1528 et
353 1498 554 1528 Veneriorum
570 1509 722 1529 servorum
733 1498 813 1527 furta
824 1497 1014 1538 rapinasque,
1031 1506 1098 1536 per-

212 1540 310 1570 ferre?
335 1541 465 1571 etiamne
480 1542 680 1577 frumentum,
702 1552 757 1582 pro
773 1546 864 1577 emto,
889 1539 981 1580 gratis
1003 1539 1097 1568 dare?

214 1583 344 1614 etiamne
359 1584 390 1613 in
407 1585 525 1619 cellam,
542 1595 612 1614 cum
625 1584 748 1625 cupiant
759 1583 850 1624 gratis
862 1583 932 1612 dare
944 1583 1034 1617 ultro,
1045 1591 1098 1622 pe-

213 1627 335 1656 cuniam
351 1627 496 1667 grandem
511 1627 582 1657 dare
596 1629 609 1657 ?
633 1628 763 1658 etiamne
783 1626 847 1656 haec
862 1631 906 1656 tot
920 1624 1099 1654 detrimenta

214 1675 305 1710 atque
325 1669 437 1700 damna
461 1680 531 1700 cum
554 1670 696 1700 maximis
714 1669 831 1709 injuriis
852 1667 1100 1707 contumeliisque

214 1712 346 1753 perferre
356 1713 370 1742 ἲ
394 1713 504 1755 Itaque
516 1713 592 1753 haec,
605 1713 734 1753 judices,
749 1722 818 1754 quae
831 1711 895 1753 pati
910 1711 996 1741 nullo
1010 1709 1101 1740 modo
