1181 1902
217 130 310 164 PRO
333 130 499 165 ROSCIO
522 131 747 166 COMOEDO.
764 133 849 166 CAP.
865 135 897 166 4.
955 137 994 169 91

108 216 224 248 diutius
237 217 336 250 dicere
349 227 411 250 non
431 218 545 251 debeo·
570 219 648 251 illud
662 231 744 258 vero,
768 221 852 262 quod
871 221 911 252 ad
930 232 995 253 rem

107 260 301 293 vehementer
315 262 456 302 pertinet,
472 273 595 303 quaero:
621 274 715 304 quam
730 264 848 304 pridem
864 264 921 296 hoc
940 275 997 296 no-

106 312 189 341 men,
215 303 241 334 F
243 314 327 342 anm,
353 304 386 335 in
415 305 585 336 adversaria
613 307 769 337 retulisti?
807 307 991 338 Erubescit.

106 347 183 387 quid
196 347 386 388 respondeat,
407 349 520 380 nescit:
545 348 620 389 quid
635 349 731 389 fingat
750 351 914 399 extemplo,
932 361 993 381 non

106 389 208 420 habet.
232 392 311 420 Sunt
331 390 392 420 duo
414 400 532 422 menses
547 392 625 430 jam,
649 392 738 422 dices.
762 392 906 423 Tamen
898 404 930 424 m
946 404 996 424 co-

106 432 205 463 dicem
229 439 386 473 acceptum
406 440 435 464 et
455 444 622 475 expensum
644 435 748 466 referri
769 435 884 466 debuit.
912 437 995 467 Am-

108 476 190 517 plius
205 481 276 506 sunt
291 486 342 506 sex
357 486 484 507 menses.
508 477 572 508 Gur
587 478 704 508 tzundiu
714 479 794 517 jacet
809 479 866 509 hoc
881 489 994 510 nomen

107 519 141 549 in
162 518 360 549 adversariis?
393 519 479 557 Quid
503 520 527 551 si
542 520 665 551 tandem
681 521 815 562 amplius
830 522 996 553 triennium

106 561 173 593 est?
197 562 372 600 Quomodo,
393 572 464 592 cum
479 573 594 611 omnes,
611 564 665 604 qui
685 564 803 594 tabulas
819 565 994 603 conficiunt,

105 611 276 636 menstruas
284 615 371 645 paene
381 606 509 636 rationes
518 606 550 636 in
560 607 679 637 tabulas
691 607 882 644 transferant
893 614 926 638 tu
938 608 996 638 hoc

106 658 219 680 nomen
229 648 393 678 triennium
399 649 545 689 amplius
538 660 569 679 m
579 650 771 680 adversariis'
760 660 858 689 Jacere
865 651 975 691 pateris
981 651 996 680 ἲ

150 692 265 723 Utrum
281 697 385 721 caetera
399 692 525 722 nomina
546 692 578 722 in
600 693 734 723 codicem
755 694 869 734 accepti
892 699 921 724 et
941 704 995 724 ex-

106 735 194 776 pensi
208 734 324 775 digesta
337 734 440 772 habes,
457 745 495 765 an
511 735 594 765 non?
618 735 651 766 Si
673 745 754 771 non3
779 736 932 777 quomodo
948 743 994 767 ta-

106 779 195 810 bulas
217 777 364 808 conficis?
386 778 411 807 si
426 778 537 814 etiam3
562 779 773 819 quamobrem,
794 789 866 809 cum
887 786 994 810 caetera

104 821 231 852 nomina
252 821 285 851 in
308 820 444 851 ordinem
466 821 625 857 referebas,
646 822 703 852 hoc
726 831 838 852 nomen
864 822 994 854 triennio

104 865 249 906 amplius,
265 863 348 905 quod
363 870 425 894 erat
434 864 467 893 in
482 864 588 905 primis
597 874 757 905 magnum,
770 864 801 894 in
817 864 994 897 adversariis

103 908 296 948 relinquebas
309 908 323 937 ,⁹
346 907 481 938 Nolebas
505 907 583 945 sciri,
607 907 715 938 debere
738 907 894 938 Roscium.
927 909 993 939 Cur

103 950 254 982 scribebas
264 950 278 979 P
302 950 439 991 Rogatus
454 960 529 988 eras,
544 960 583 981 ne
597 951 730 981 referres.
755 951 818 982 Cur
837 951 870 981 in
884 951 993 983 adver-

101 994 187 1026 sariis
202 994 347 1034 scriptum
362 994 518 1024 habebas?

145 1037 205 1068 Sed
219 1037 284 1067 haec
298 1047 486 1077 quamquam
502 1036 590 1066 firma
610 1047 672 1067 esse
687 1036 785 1075 video,
807 1043 910 1068 tamen
925 1037 990 1079 ipse

99 1080 178 1111 mihi
192 1080 359 1110 satisfacere
373 1090 434 1110 non
449 1090 585 1120 possum,
609 1080 668 1110 nisi
685 1090 704 1110 a
724 1080 759 1111 C.
782 1080 901 1111 Fannio
923 1081 990 1122 ipso

99 1123 308 1154 testimonium
330 1133 430 1160 sumo,
451 1123 530 1153 hanc
552 1123 714 1163 pecuniam
740 1123 767 1153 ei
790 1134 852 1154 non
876 1124 989 1155 deberi.

100 1166 258 1207 Magnum
284 1172 337 1203 est,
354 1166 437 1207 quod
455 1176 566 1196 conor:
591 1166 713 1196 difficile
728 1172 783 1204 est,
803 1167 885 1207 quod
900 1168 990 1208 polli-

101 1220 177 1241 oeor.
201 1209 272 1240 Nisi
286 1209 427 1239 eumdem
443 1215 473 1239 et
487 1209 692 1239 adversarium
707 1215 737 1240 et
752 1214 859 1240 testem
873 1210 991 1242 habue-

102 1253 142 1283 rit
157 1253 297 1290 Roscius,
310 1252 379 1282 nolo
394 1252 504 1283 vincat.

119 1321 122 1324 .
144 1296 205 1327 IV.
230 1295 363 1326 Pecunia
382 1295 438 1326 tibi
451 1295 617 1326 debebatur
636 1301 735 1332 certa3
760 1306 829 1337 quae
840 1306 922 1327 nunc
936 1308 989 1338 pe-

103 1339 178 1370 titur
201 1349 255 1380 per
275 1338 430 1378 judicem3
454 1339 486 1368 in
505 1339 568 1380 qua
587 1338 732 1379 legitimae
751 1340 845 1380 partis
871 1341 991 1381 sponsio

101 1382 182 1413 facta
191 1387 245 1412 est.
262 1382 326 1412 Hic
335 1388 369 1412 tu
382 1382 407 1412 si
418 1382 551 1423 amplius
561 1381 618 1412 Hs
629 1392 757 1412 nummo
767 1383 881 1423 petisti,
895 1394 990 1424 quam

100 1425 157 1456 tibi
171 1425 309 1456 debitum
324 1431 378 1463 est,
395 1435 516 1455 causam
532 1424 710 1466 perdidisti3
733 1432 891 1466 propterea
906 1427 989 1467 quod

101 1468 186 1499 aliud
208 1474 252 1499 est
271 1468 432 1507 judicium,
448 1468 532 1498 aliud
557 1467 727 1498 arbitrium.
760 1468 922 1499 Judicium
945 1476 990 1500 est

101 1511 239 1553 pecuniae
263 1517 368 1547 certae3
401 1511 573 1549 arbitrium,
594 1511 724 1542 incertae.
761 1511 816 1542 Ad
836 1512 989 1551 judicium

100 1555 159 1586 hoc
172 1554 264 1586 modo
278 1555 426 1592 venimus,
443 1560 479 1584 ut
498 1560 593 1585 totam
614 1554 700 1584 litem
722 1560 776 1584 aut
798 1555 990 1586 obtineamus

102 1604 157 1630 aut
171 1598 361 1628 amittamus.
386 1597 425 1628 ad
442 1597 599 1628 arbitrium
616 1597 674 1628 hoc
684 1598 787 1628 animo
806 1598 938 1636 adimus,
954 1605 991 1630 ut

103 1651 204 1682 neque
231 1641 320 1679 nihil,
348 1650 448 1682 neque
473 1646 606 1678 tantum,
641 1646 792 1681 quantum
825 1642 992 1682 postulavi-

103 1694 186 1721 mus,
215 1694 443 1725 consequamur.
472 1683 552 1723 Ejus
576 1683 620 1714 rei
641 1684 708 1725 ipsa
733 1685 824 1714 verba
851 1684 993 1715 formulae

104 1727 276 1758 testimonio
299 1733 379 1758 sunt.
413 1727 500 1766 Quid
530 1733 575 1758 est
599 1727 631 1757 in
654 1727 794 1766 judicio?
830 1727 991 1765 directum,

104 1780 259 1811 asperum,
274 1769 414 1812 simplex.
447 1772 470 1788 “
486 1770 519 1801 Si
530 1777 616 1811 paret
627 1770 684 1801 HS
709 1779 791 1802 1000
815 1770 881 1800 dari
901 1780 991 1811 opor-

105 1814 201 1847 tere.“
239 1814 314 1858 Hic,
333 1814 391 1846 nisi
405 1814 533 1856 planum
549 1814 632 1854 facit,
655 1813 713 1846 HS
737 1822 820 1847 1000
845 1813 884 1844 ad
903 1814 991 1845 libel-
