1181 1902
270 84 319 115 IN
345 83 542 114 VERREM
568 83 627 114 IV.
652 83 736 114 CAP.
762 84 814 114 51.
923 83 986 119 337

98 179 152 211 per
167 169 331 200 triennium
348 169 404 200 Hs
420 169 544 200 fortasse
559 170 590 200 D
606 169 712 199 millia.
738 169 807 200 Hoc
822 178 920 211 neque
936 180 989 200 ex-

100 213 201 253 emplo
211 213 403 252 cujusquam,
417 222 515 253 neque
530 213 594 243 ullo
604 214 683 252 jure,
699 212 787 243 fecit:
814 222 912 254 neque
922 223 989 242 eam

99 255 259 296 peCuniam
275 256 395 289 retulit:
420 264 529 296 neque,
545 256 601 285 hoc
617 266 745 296 parvum
759 255 870 286 crimen
883 266 991 296 quem-

99 298 265 328 admodum
282 298 458 329 defensurus
477 298 526 337 sit,
549 298 641 328 homo
664 299 826 339 quisquam
852 309 989 340 unquam

100 341 291 381 excogitabit.

143 383 237 421 Quod
252 393 321 414 cum
334 383 377 413 ita
391 384 440 422 sit,
457 383 548 414 audes
559 384 667 420 dicere,
682 390 710 414 te
725 394 838 425 magno
848 384 990 415 decumas

100 427 279 464 vendidisse,
296 437 366 457 cum
383 427 420 457 sit
435 427 640 467 perspicuum,
658 432 686 456 te
701 428 781 457 bona
795 427 992 468 fortunasque

99 476 264 506 aratorum,
278 480 338 500 non
353 470 459 510 populi
470 470 615 505 Romani,
626 469 678 500 sed
691 470 735 500 tui
747 473 889 511 quaests1S,
902 470 992 500 caus&

100 513 293 543 vendidisse?
332 513 387 549 Ut,
412 512 436 542 si
458 512 526 553 quis
545 513 674 548 villicus,
700 524 737 543 ex
762 524 796 543 eo
819 513 915 543 fundo
938 514 991 554 qui

102 555 158 585 Hs
185 555 262 585 dena
284 556 464 591 ineritiisset,
492 556 597 586 excisis
619 556 776 586 arboribus
797 566 831 586 ac
850 556 989 592 venditis,

101 597 210 628 demtis
233 599 354 639 teguliS,
381 599 593 636 instrumento,
620 609 726 639 pecore
741 599 921 636 abalienato,
939 599 993 628 do-

101 641 185 671 mino
202 641 266 671 XX
283 641 380 671 millia
395 644 559 672 nummssm
582 652 636 683 pro
653 642 684 672 X
702 642 828 679 miserit,
853 642 910 672 sibi
934 642 994 672 alia

100 690 245 725 praeterea
260 690 381 714 centum
392 685 550 715 confecerit
561 696 570 720 ς
594 685 693 725 primo
703 685 856 721 dominus,
869 685 993 726 ignarus

101 727 286 757 incommodi
302 727 359 763 sui,
376 728 518 768 gaudeat,
535 728 695 768 villicoque
718 728 892 763 delectetur,
910 728 993 769 quod

102 776 186 800 tanto
196 770 252 800 sibi
262 771 332 811 plus
341 771 487 801 mercedis
494 781 531 801 ex
541 771 637 801 fundo
647 771 791 801 refectum
802 772 854 801 sit:
873 771 991 808 deinde,

102 823 172 843 cum
185 813 324 851 audierit,
341 824 390 843 eas
405 824 462 850 res,
479 814 591 854 quibus
606 814 695 844 fundi
710 814 826 845 fructus
836 821 865 844 et
875 815 994 845 cultura

102 856 284 892 continetur,
310 863 426 887 amotas
451 863 480 887 et
504 857 660 893 venditas;
695 867 816 887 summo
845 858 993 898 supplicio

102 899 238 929 villicum
254 899 375 936 afficiat,
401 907 429 929 et
453 910 555 930 secum
575 901 655 930 male
671 906 771 930 actum
787 906 892 941 putet:
918 901 990 930 item

102 942 235 982 populus
252 942 423 980 Romanus,
435 953 505 973 cum
518 943 615 980 audit,
632 943 727 984 pluris
738 943 879 974 decumas
889 944 994 974 vendi-

103 985 180 1015 disse
199 985 235 1016 C.
252 985 392 1022 Verrem,
417 996 510 1026 quarn
532 986 813 1016 innocentissimum
836 987 993 1017 hominem

102 1028 151 1057 cui
166 1028 220 1058 iste
235 1028 385 1064 successit,
403 1029 437 1059 C.
455 1029 658 1065 Sacerdotem,
680 1035 769 1070 putat
784 1040 814 1060 se
829 1031 944 1060 bonum
961 1031 992 1060 in

102 1071 287 1101 arationibus
310 1071 519 1112 fructibusque
535 1072 596 1102 suis
617 1072 758 1102 habuisse
782 1073 936 1103 custodem
959 1084 994 1104 ac

101 1113 258 1149 villicum3
283 1124 353 1144 cum
370 1115 504 1152 senserit,
527 1115 621 1145 istum
642 1126 732 1145 omne
755 1116 993 1146 instrumentum

101 1163 267 1194 aratorum,
297 1158 401 1188 omnia
430 1158 565 1188 subsidia
588 1158 782 1199 vectigalium
813 1159 992 1196 vendidisse,

101 1209 224 1230 omnem
241 1211 325 1241 spem
341 1201 521 1241 posteritatis
537 1202 662 1231 avaritia&
678 1202 733 1232 su&
749 1202 914 1238 sustulisse,
928 1213 994 1232 ara-

101 1243 196 1273 tiones
211 1249 241 1273 et
262 1254 349 1283 agros
365 1244 524 1284 vectigales
544 1245 675 1274 vastsssse
698 1251 789 1285 atque
811 1245 993 1283 exinanisse,

100 1285 202 1326 ipsum
214 1286 366 1317 maximos
376 1293 509 1328 quaestus
520 1287 697 1328 praedasque
709 1288 830 1324 fecisse;
848 1288 996 1329 intelliget

100 1339 202 1359 secum
218 1335 320 1359 actum
336 1340 398 1360 esse
413 1330 558 1371 pessime;
575 1331 667 1361 istum
680 1337 782 1361 autem
792 1342 913 1362 summo
923 1342 996 1373 sup-

99 1371 189 1412 plicio
205 1372 334 1412 dignum
350 1373 544 1404 existimabit.

144 1414 202 1445 LI.
227 1415 318 1446 Unde
327 1426 398 1456 ergo
413 1416 470 1446 hoc
481 1416 610 1457 intelligi
621 1422 719 1457 potest
733 1418 746 1447 ἓ
770 1417 820 1448 Ex
836 1417 892 1448 hoc
908 1428 996 1448 max-

101 1457 173 1495 ime,
191 1458 273 1499 quod
288 1469 359 1499 ager
368 1459 555 1490 decumanus
566 1460 728 1500 provinciae
739 1461 859 1497 Siciliae,
873 1468 996 1502 propter

101 1500 187 1531 istius
202 1501 372 1539 avaritiam,
389 1502 523 1533 desertus
539 1509 591 1533 est.
627 1503 738 1544 Neque
753 1504 785 1534 id
804 1504 902 1534 solum
919 1504 996 1534 acci-

101 1543 157 1581 dit,
174 1544 220 1573 uti
234 1545 337 1575 minus
353 1546 460 1576 multis
473 1546 556 1586 jugis
568 1553 699 1583 ararent,
711 1546 799 1588 siqui
811 1547 843 1576 in
860 1547 940 1587 agris
950 1557 997 1577 re-

101 1594 279 1617 manserunt
289 1599 298 1623 ς
311 1588 362 1618 sed
369 1588 473 1626 etiam,
482 1596 517 1619 ut
523 1589 668 1629 permulti
675 1589 838 1631 locupletes
843 1590 994 1626 homines,

101 1630 206 1670 magni
221 1636 251 1660 et
265 1631 336 1661 navi
352 1638 493 1668 aratores,
511 1642 598 1672 agros
613 1632 690 1662 latos
702 1643 736 1663 ac
751 1633 864 1663 fertiles
880 1633 997 1663 desere-

101 1679 178 1709 rent,
196 1679 335 1715 totasque
350 1675 499 1705 arationes
515 1675 768 1716 derelinquerent.
795 1676 833 1706 Id
845 1676 919 1706 adeo
930 1676 998 1706 sciri

99 1714 244 1746 facillime
258 1723 356 1757 potest
378 1728 416 1748 ex
440 1718 534 1749 literis
558 1718 688 1759 publicis
712 1719 883 1757 civitatum,
905 1729 997 1760 prop-

99 1763 179 1789 terea
194 1760 288 1799 quod,
304 1760 370 1800 lege
387 1760 564 1799 Hieronicfi,
576 1772 723 1792 numerus
739 1768 893 1793 aratorum
908 1769 998 1803 quot-

141 1802 262 1839 (Orat.)
284 1812 368 1834 vot.
387 1812 411 1834 r.
673 1807 692 1835 2
712 1815 733 1835 o
