1181 1902
205 69 268 98 328
376 68 428 99 IN
453 67 649 99 VERREM
674 67 734 99 IV.
760 68 844 100 CAP.
868 70 921 100 42.

205 155 288 184 leret.
303 154 341 184 In
358 154 393 185 C.
407 154 522 193 Cassio,
535 155 599 185 viro
614 154 778 185 clarissimo
793 160 823 185 et
837 154 1010 194 fortissimo,
1023 165 1094 185 cum

205 198 230 227 is
246 207 280 228 eo
295 198 360 238 ipso
376 204 521 238 tempore,
542 198 642 239 primo
663 197 748 228 istius
767 208 857 235 anno,
882 198 986 228 consul
1007 204 1093 237 esset,

205 241 289 270 tant&
301 241 495 282 improbitate
506 251 578 271 usus
588 247 642 278 est,
656 248 700 278 ut,
718 251 788 271 cum
801 242 866 280 ejus
878 251 966 279 uxor,
979 241 1094 271 femina

205 295 234 324 px
242 284 359 320 imaria,
370 291 509 324 paternas
521 284 644 314 haberet
655 284 801 314 arationes
813 284 843 313 in
857 284 1018 321 Leontino,
1029 284 1094 313 fru-

204 333 343 357 mentum
354 337 443 357 omne
453 327 484 356 in
494 327 636 357 decumas
648 326 796 367 [auferre]
806 327 936 365 jusserit.
954 327 1049 357 Hunc
1059 333 1092 356 tu

204 369 235 399 in
253 370 309 400 hac
321 370 410 400 caus&
429 376 546 407 testem,
564 370 685 407 Verres,
702 370 847 405 habebis;
871 370 1028 411 quoniam,
1041 371 1093 409 ju-

204 413 301 443 dicem
317 423 355 443 ne
369 413 504 449 haberes,
520 413 685 453 providisti.

249 456 313 486 Vos
328 462 442 493 autem,
456 456 583 495 judices,
600 462 707 496 putare
722 456 846 494 debetis,
864 466 926 487 esse
946 454 1093 497 quiddam

205 499 291 529 nobis
306 499 384 529 inter
399 509 452 529 nos
468 509 629 529 commune
644 506 734 539 atque
747 501 953 538 conjunctum.
988 498 1094 528 Multa

205 548 275 572 sunt
300 542 441 582 imposita
469 542 540 572 huic
569 542 666 572 ordini
692 552 830 580 munera,
856 542 946 571 multi
965 541 1092 576 labores,

203 586 303 615 multa
318 585 461 626 pericula,
478 595 538 615 non
555 585 653 614 solum
669 586 772 625 legum
789 596 822 615 ac
834 585 1031 624 judiciorum,
1043 584 1094 614 sed

205 629 296 658 etiam
313 638 471 658 rumorum
487 638 520 658 ac
537 634 718 668 temporum.
743 629 792 659 Sic
805 635 848 658 est
864 628 912 657 liic
923 627 996 657 ordo
1008 627 1095 668 quasi

203 671 375 712 propositus
390 677 480 711 atque
495 671 592 701 editus
607 672 637 700 in
654 672 762 707 altum,
774 677 808 701 ut
823 673 861 701 ab
871 671 1013 701 omnibus
1023 680 1096 700 ven-

204 714 242 744 tis
257 714 380 744 invidiae
401 714 580 744 circumflari
604 724 690 754 posse
706 714 850 744 videatur.
889 714 927 744 In
951 713 1007 743 hac
1031 719 1094 743 tam

204 757 312 787 miser&
329 763 357 786 et
373 756 479 797 iniquit
495 757 664 786 conditione
679 757 759 793 vitae,
782 767 819 787 ne
835 757 891 786 hoc
906 756 1030 796 quidem
1050 766 1096 785 re-

203 800 379 834 tinebimus,
393 799 520 838 judices,
538 806 572 829 ut
592 800 818 839 magistratibus
837 800 955 836 nostris,
974 799 1004 828 in
1018 799 1096 829 obti-

203 843 304 873 nendo
316 843 385 882 jure
401 848 512 879 nostro,
529 853 567 873 ne
590 843 817 872 contemtissimi
833 853 866 873 ac
882 841 1097 883 despectissimi

206 896 268 916 esse
283 886 464 916 videamur?

248 929 359 959 XLII.
383 929 413 958 ’1
415 928 577 958 hermitani
598 928 755 967 miserunt,
772 929 826 978 qui
850 928 992 958 decumas
1012 938 1093 958 eme-

205 978 272 1002 rent
287 972 352 1012 agri
368 972 423 1001 sui.
448 971 559 1011 Magni
575 982 630 1001 sua
646 973 795 1012 putabant
806 972 956 1021 interesse,
974 972 1095 1020 publice

203 1016 304 1056 potius
317 1014 456 1056 quamvis
476 1025 588 1054 magno
607 1015 677 1051 emi,
696 1025 789 1055 quam
807 1015 837 1045 in
859 1015 992 1055 aliquem
1008 1014 1094 1044 istius

204 1059 394 1088 emissarium
410 1057 549 1087 incidere.
583 1058 752 1098 Appositus
768 1064 830 1088 erat
842 1058 872 1087 V
875 1057 1010 1087 enuleius
1026 1057 1094 1097 qui-

204 1101 287 1136 dam,
301 1101 354 1142 qui
370 1107 489 1131 emeret.
530 1101 560 1131 Is
576 1101 657 1131 liceri
676 1111 736 1131 non
753 1101 874 1131 destitit.
914 1100 977 1137 Illi,
994 1100 1094 1141 quoad

203 1144 362 1175 videbatur
378 1144 446 1174 ferri
457 1144 559 1184 aliquo
571 1143 661 1174 modo
670 1154 765 1184 posse,
778 1143 1011 1174 contenderunt:
1024 1153 1094 1184 pos-

204 1193 301 1218 tremo
321 1187 403 1217 liceri
424 1187 610 1217 destiterunt.
654 1187 818 1217 Addicitur
833 1186 984 1217 Venuleio
1004 1186 1094 1216 tritici

204 1230 341 1260 modisnm
358 1230 444 1260 VIII
467 1230 612 1260 millibus.
642 1230 776 1270 Legatus
790 1229 966 1260 Possidorus
982 1239 1093 1259 renun-

204 1274 268 1303 tiat.
287 1274 366 1303 Cum
378 1273 519 1303 omnibus
529 1273 585 1303 hoc
592 1273 815 1303 intolerandum
821 1273 982 1308 videretur,
991 1279 1093 1303 tamen

204 1317 356 1346 Venuleio
372 1316 493 1353 dantur,
510 1326 547 1346 ne
563 1316 694 1353 accedat,
714 1316 803 1346 tritici
819 1316 900 1346 nied.
918 1315 1006 1346 VIII
1023 1316 1093 1346 mil-

203 1359 255 1396 lia,
272 1367 415 1399 praeterea
433 1359 488 1389 lis
505 1358 594 1389 MM.
618 1359 669 1389 Ex
690 1369 750 1399 quo
765 1359 851 1389 facile
867 1364 1002 1399 apparet,
1025 1369 1094 1399 quae

203 1412 316 1432 merces
332 1402 503 1438 decumani,
517 1413 585 1442 quae
600 1402 734 1442 praetoris
745 1402 857 1442 praeda,
872 1412 934 1431 csse
946 1400 1092 1431 videatur.

204 1446 287 1476 Cedo
303 1445 573 1475 Thermitanomm
589 1445 665 1474 mihi
680 1445 780 1475 literas
795 1451 824 1475 et
839 1444 1056 1475 testimonium.

281 1490 420 1521 (Tabulu’
443 1489 728 1525 Theronitanornm,
749 1492 777 1518 ct
794 1490 1028 1524 testimoninm.)

246 1531 482 1567 machaa-enses,
497 1532 560 1570 jam
569 1531 652 1561 omni
664 1531 816 1561 frumento
827 1531 939 1566 ablato,
949 1531 1015 1569 jam
1025 1541 1091 1561 om-

202 1575 291 1604 nibus
314 1574 432 1613 injuriis
454 1574 514 1603 tuis
532 1574 711 1610 exinanitos,
733 1575 881 1603 tributum
908 1573 1015 1611 facere,
1033 1574 1091 1603 mi-

202 1628 281 1648 seros
291 1628 324 1647 ac
335 1617 476 1657 perditos,
493 1617 626 1656 coegisti,
644 1622 677 1647 ut
688 1617 827 1657 Apronio
837 1616 942 1646 darent
955 1617 1011 1647 HS
1024 1616 1089 1646 XX

203 1660 308 1690 millia.
334 1660 440 1690 Recita
452 1660 606 1690 decretum
616 1660 654 1691 de
668 1659 800 1698 tributis,
817 1665 846 1690 et
861 1660 1019 1701 publicum
1032 1666 1090 1690 tes·

205 1703 376 1733 timonium.
