1181 1902
173 84 234 113 242
345 84 395 114 IN
420 82 615 114 VERREM
641 83 706 113 ΙΙΙ.
731 84 814 114 CAP.
837 84 888 114 30.

172 169 206 207 ii,
223 169 278 210 qui
295 169 445 200 affuerant
459 175 558 208 antea,
584 180 767 210 causamque
789 170 964 210 cognfirant.
987 168 1061 208 Die,

173 212 293 253 inquit:
317 213 363 242 illi
378 213 479 243 adesse
494 223 555 243 non
577 218 713 254 possunt.
738 213 834 250 Nam,
858 212 990 250 hercule,
1015 212 1064 242 in-

174 255 242 296 quit
258 256 298 293 Q.
316 256 486 293 Minucius,
510 267 559 286 me
583 267 705 297 quoque
730 256 867 293 Petilius,
895 261 930 285 ut
953 255 1010 285 sibi
1030 255 1063 284 in

175 297 300 328 consilio
315 299 461 336 adessem,
478 299 613 340 rogavit:
639 305 667 329 ct
683 299 774 329 51111111
785 310 804 329 a
819 298 967 329 subselliis
982 297 1065 328 abire

175 341 272 381 coepit.
298 342 371 380 Iste,
388 342 493 380 iratus,
510 342 665 372 hominem
678 342 775 372 verbis
790 341 1065 372 vehementioribus

174 385 386 425 prosequiturg
411 391 502 426 atque
522 386 548 416 ei
571 385 692 426 gravius
716 385 807 415 etiam
831 384 940 414 minari
965 383 1065 424 coepit,

174 427 256 468 quod
269 427 300 457 in
316 438 346 458 se
362 434 481 458 tantum
497 429 610 459 crimen
626 428 834 468 invidiamque
849 427 1000 458 conflaret.

218 470 330 500 XXX.
355 471 512 502 Minucius
529 471 596 512 (qui
612 471 767 512 Syracusis
788 471 829 501 sie
851 471 1066 511 negotiaretur,

176 518 212 543 ut
227 514 364 562 suijuris
379 514 595 555 dignitatisque
618 514 816 551 meminisset,
838 519 867 543 et
890 513 944 554 qui
968 513 1067 550 sciret,

175 556 217 586 ita
233 567 264 586 se
275 557 307 586 in
322 557 477 597 provincia
488 568 552 587 rem
568 568 678 597 augere
693 563 839 605 oportere,
853 562 888 586 ut
897 567 935 586 ne
945 556 1019 597 quid
1031 556 1069 586 de

174 599 314 630 libertate
328 599 515 640 deperderet)
530 601 590 630 hm
584 600 659 637 11111,
676 611 746 641 quae
766 600 829 630 visa
849 606 931 637 sunt,
956 605 984 629 et
1000 609 1069 639 quae

175 647 297 683 tempus
312 643 390 672 illud
406 643 477 673 tulit
498 650 527 673 et
542 654 642 680 causa,
659 643 830 684 respondit:
856 652 978 673 causam
995 652 1068 680 sese,

176 685 301 716 dimisso
316 692 408 726 atque
423 687 561 726 ablegato
578 686 712 722 consilio,
729 686 925 716 defensurum
938 685 1068 725 negavit.

178 728 289 769 Itaque
299 740 317 758 a
327 729 476 759 subselliis
486 730 618 759 discessit
630 741 637 759 :
662 729 804 769 idemque
819 729 887 765 hoc,
904 735 1012 769 praeter
1021 728 1072 758 Si·-

176 772 271 809 culos,
303 772 402 802 caeteri
432 773 552 813 Sopatri
582 772 671 802 amici
695 772 892 812 advocatique
922 771 1068 802 fecerunt.

178 814 252 851 Iste,
270 825 460 856 quamquam
476 821 519 845 est
535 815 703 845 incredibili
724 815 954 855 importunitate
973 820 1002 844 et
1017 825 1072 844 au-

177 857 275 895 dacia,
301 864 414 895 tamen,
439 858 539 888 subito
563 859 644 888 solus
670 858 841 895 destitutus,
865 857 1022 898 pertimuit
1043 863 1073 887 et

177 902 373 931 conturbatus
386 907 438 931 est.
463 901 549 938 Quid
561 907 671 941 ageret,
686 912 746 942 quo
762 911 792 930 se
808 906 946 937 verteret,
959 900 1073 930 nescie-

178 944 241 974 bat.
266 944 298 974 Si
314 943 474 974 dimisisset
489 955 523 974 eo
542 950 677 985 tempore
692 944 901 985 quaestionem,
924 949 991 984 post
1013 943 1074 973 illis

179 986 335 1024 adhibitis,
352 997 428 1027 ques
437 987 603 1028 ablegarat,
617 987 790 1017 absolutum
806 987 842 1016 iri
853 987 1016 1027 Sopatrum
1029 986 1073 1016 vi-

180 1029 290 1060 debat:
315 1030 360 1059 sin
377 1036 479 1060 autem
495 1030 651 1061 hominem
666 1030 812 1060 miserum
828 1036 919 1070 atque
930 1029 1073 1059 innocen-

181 1077 244 1103 tem
271 1072 508 1111 condemnasset,
526 1084 594 1104 cum
623 1073 687 1114 ipse
713 1080 822 1114 praetor
846 1073 910 1103 sine
936 1072 1072 1110 consilio,

180 1126 249 1146 reus
261 1122 364 1146 autem
380 1116 444 1147 sine
459 1122 587 1158 patrono
602 1123 694 1157 atque
704 1116 854 1146 advocatis
864 1115 979 1153 fuisset,
991 1115 1074 1154 judi-

180 1158 324 1200 ciumque
336 1160 372 1190 C.
390 1160 558 1190 Sacerdotis
570 1159 735 1190 rescidisset
747 1171 755 1196 3
780 1158 927 1189 invidiam
943 1169 973 1188 se
985 1158 1075 1188 susti-

181 1211 252 1232 nere
268 1212 328 1232 non
344 1213 431 1244 posse
441 1208 557 1233 tantam
573 1203 785 1233 arbitrabatur.
811 1203 919 1242 Itaque
929 1203 1076 1231 aestuabat

180 1245 392 1276 dubitatione:
417 1247 553 1276 versabat
574 1257 604 1276 se
627 1246 659 1275 in
675 1251 837 1286 utramque
859 1250 989 1285 partem,
1014 1254 1076 1274 non

181 1288 281 1318 solum
303 1294 416 1325 mente,
433 1299 539 1319 verum
561 1289 652 1319 etiam
668 1299 807 1329 corpore3
831 1294 865 1318 ut
888 1298 1004 1323 omnes,
1022 1286 1076 1328 qui

180 1331 317 1369 aderant,
329 1332 477 1372 intellige
470 1343 497 1362 e
509 1340 640 1373 possent,
654 1332 686 1361 in
702 1332 804 1361 animo
820 1332 884 1370 ejus
896 1336 1013 1360 metum
1024 1341 1077 1360 cu-

180 1355 403 1416 piditateinque
431 1385 577 1416 pugnare.
615 1376 693 1405 Erat
721 1374 882 1404 hominum
913 1379 1077 1403 conventus

181 1417 349 1454 maximus,
374 1428 531 1448 summum
555 1419 721 1454 silentium,
746 1429 778 1448 51
782 1427 867 1447 mma
883 1416 1077 1457 exspectatio,

183 1470 317 1500 quonam
332 1467 407 1491 esset
419 1462 484 1500 ejus
500 1461 649 1502 cupiditas
665 1467 832 1502 eruptura;
850 1461 953 1490 crebro
969 1459 1038 1489 dem
1026 1459 1078 1489 7it-

181 1505 265 1533 tebat
281 1514 312 1534 se
327 1514 469 1534 accensus
482 1504 520 1534 ad
534 1515 638 1534 aurem
655 1503 876 1534 Timarchides.

226 1546 311 1576 Tum
336 1547 391 1577 iste
416 1548 592 1588 aliquando,
617 1548 700 1588 Age,
723 1547 781 1583 die,
799 1546 908 1587 inquit.
933 1546 1080 1586 Sopatrus

183 1589 347 1629 implorare
362 1591 524 1620 hominum
540 1596 632 1631 atque
645 1590 747 1620 Deum
759 1590 862 1627 fidem,
879 1596 913 1619 ut
924 1599 993 1619 cum
1010 1598 1081 1618 con-

184 1632 250 1662 silio
263 1640 461 1673 cognosceret.
487 1634 571 1664 Tum
584 1640 707 1674 repente
717 1634 772 1663 iste
784 1639 872 1663 testes
883 1632 969 1662 citari
981 1633 1080 1671 jubet.

185 1673 271 1705 Dicit
300 1686 380 1707 unus
406 1682 435 1706 et
464 1677 540 1707 alter
570 1677 700 1707 breviter
713 1688 721 1706 ε
754 1676 832 1706 nihil
858 1676 1080 1715 interrogatum

186 1728 284 1758 praeco
310 1720 425 1749 dixisse
449 1720 637 1760 pronuntiat.
662 1720 735 1757 Iste,
755 1718 843 1760 quasi
863 1724 1022 1755 metueret,
1044 1727 1083 1747 ne

188 1761 328 1801 Petilius,
345 1762 462 1803 privato
474 1762 527 1793 iilo
539 1763 654 1802 judicio
667 1768 815 1794 transacto
828 1767 881 1792 aut
892 1761 997 1800 dilato,
1011 1770 1082 1791 cum

1160 0 1175 61 {l
