1181 1902
145 64 210 95 200
332 62 385 93 IN
409 61 606 94 VERREM
630 62 678 93 II.
694 62 778 94 CAP.
792 57 844 94 482

144 148 321 179 Corneliam
351 154 437 188 esset,
464 159 534 190 quae
562 149 765 190 proscriptum
787 149 888 189 juvari
914 154 1037 182 vetaret·-

146 192 330 233 Impetrant‚
346 198 381 222 ut
397 203 434 222 ne
447 193 559 231 jurent.
593 192 657 222 Dat
672 193 719 222 his
740 193 965 233 possessionem.
998 195 1038 224 Id

145 246 202 276 ego
218 245 279 265 non
295 235 480 276 reprehendo
493 248 502 265 z
527 236 637 265 etenim
661 241 724 265 erat
747 236 901 276 iniquum,
920 237 1038 267 homini

145 278 324 319 proscripto,
342 279 453 319 egenti,
470 278 507 309 de
523 279 661 308 fraternis
673 279 760 308 bonis
772 279 941 320 quidquam
962 281 1038 310 dari.

146 321 193 351 At
208 321 259 351 ille
274 322 410 359 libertus,
425 321 482 351 nisi
505 332 541 351 ex
566 328 745 352 testamento
766 322 884 362 patroni
896 323 1039 362 jurasset,

147 365 243 394 scelus
266 375 297 394 se
323 364 475 395 facturum
499 365 710 394 arbitrabatur.
746 365 855 405 Itaque
879 366 907 396 ei
929 366 1040 397 Verres

148 408 365 447 possessionem
381 408 563 438 haereditatis
579 414 669 448 negat
685 418 716 437 se
737 408 894 447 daturum,
919 419 958 439 ne
972 420 1042 450 pos-

147 456 192 480 set
210 456 374 491 patronum
399 461 489 481 suum
516 451 718 492 proscriptum
740 452 867 490 juvare;
892 452 984 482 simul
1006 458 1042 482 ut

148 499 225 523 esset
240 504 339 534 poena,
356 494 439 534 quod
453 494 576 524 alterius
596 494 716 534 patroni
732 500 909 525 testamento
924 496 1043 526 obtem‘-

147 537 290 577 periisset.
315 537 380 567 Das
395 538 611 578 possessionem
623 537 660 575 ei7
674 537 727 577 qui
740 547 799 566 non
813 538 937 576 juravit.
961 538 1043 568 Con-

148 580 241 609 cedo:
266 580 442 620 praetorium
453 586 505 610 est.
529 580 654 610 Adimis
664 585 696 609 tu
708 580 745 617 ei,
759 579 813 620 qui
822 581 945 619 juravit.
969 581 1042 619 Quo

149 623 318 663 exemplo?
342 623 550 672 Proscriptum
566 624 663 662 juvat.
697 623 764 653 Lex
790 629 854 653 est:
879 634 968 664 poena
988 630 1041 655 est.

149 665 237 703 Quid
257 666 295 695 ad
319 676 401 704 eum,
426 666 479 706 qui
499 667 550 705 jus
573 666 670 696 dicit?
708 666 823 696 Utrum
838 667 1042 716 reprehendis,

150 709 232 749 quod
251 714 416 749 patronum
438 710 566 748 juvabat
589 719 672 747 eum,
699 709 752 749 qui
773 715 841 739 tum
861 710 893 739 in
917 710 1044 741 miseriis

150 757 233 787 eratt,
258 762 308 789 an,
326 752 409 792 quod
431 752 554 782 alterius
577 751 697 792 patroni
721 752 835 782 mortui
855 753 1044 784 voluntatem

150 797 356 832 conservabat,
376 806 394 825 a
414 805 476 836 quo
497 805 655 824 summum
670 795 850 825 beneficium
866 804 1039 837 acceperat
1031 799 1045 819 ⁹

150 837 265 868 Utrum
275 838 386 868 horum
402 838 595 878 reprehendis
608 839 621 868 ,³
646 837 689 868 Et
704 838 761 868 hoc
777 844 843 868 tum
859 838 896 868 de
912 840 986 869 sella
1001 840 1047 870 vir

149 881 285 921 optimus
305 881 394 917 dixit„
422 884 444 898 ‘⁸
460 881 569 922 Equiti
588 881 742 917 Romano,
760 886 823 911 tam
838 881 993 923 locupleti,
1010 883 1048 913 li-

151 924 287 954 bertinus
309 925 346 954 sit
368 924 460 954 homo
484 924 579 954 haeres
591 924 627 954 ?''
660 923 691 954 O
706 924 879 954 modestum
896 925 1045 965 ordinem,

150 967 234 1007 quod
249 967 332 997 illinc
348 967 434 997 vivus
450 967 580 997 surrexit
595 967 602 996 Σ
629 967 759 997 Possum
772 974 913 998 sexcenta
928 968 1047 1000 decreta

151 1010 296 1050 proferre,
313 1011 344 1040 in
360 1010 483 1051 quibus,
500 1015 535 1040 ut
551 1020 606 1050 ego
622 1010 783 1051 pecuniam
806 1020 867 1040 non
885 1011 985 1041 dicam
1000 1012 1048 1042 in-

150 1053 327 1091 tercessisse,
352 1053 417 1094 ipsa
438 1053 627 1084 decretorum
643 1053 759 1084 novitas
774 1053 980 1095 iniquitasque
995 1055 1048 1086 de-

150 1096 253 1126 clarat.
293 1097 423 1133 Verum7
440 1102 486 1135 ut,
509 1107 546 1126 ex
562 1107 636 1134 uno,
653 1096 690 1126 de
705 1096 817 1127 creteris
842 1098 1047 1136 conjecturam

150 1139 247 1169 facere
258 1140 388 1180 possitis,
399 1140 431 1169 id
441 1139 524 1181 quod
533 1139 631 1180 priore
637 1139 753 1169 actione
763 1140 924 1180 cognfffitis,
933 1141 1045 1172 audite.

194 1183 358 1214 XLVIII.
383 1183 418 1213 C.
447 1182 600 1223 Sulpicius
627 1182 783 1223 Olympus
802 1183 871 1213 fuit.
911 1184 943 1214 Is
963 1194 1045 1215 mor-

151 1231 223 1255 tuus
244 1232 298 1262 est,
316 1227 352 1257 C.
370 1226 529 1256 Sacerdote
543 1231 681 1266 praetore,
698 1226 797 1256 nescio
812 1236 850 1256 an
866 1232 936 1256 ante
951 1238 1045 1268 quam

152 1268 263 1299 Verres
284 1275 448 1309 praeturam
460 1275 561 1310 petere
575 1269 705 1309 coeperit.
730 1269 815 1299 Fecit
826 1269 977 1300 haeredem
993 1271 1043 1303 M.

151 1311 319 1342 Octavium
336 1313 494 1353 Ligurem.
519 1312 618 1352 Ligur
633 1312 840 1342 haereditatem
856 1313 951 1343 adiit:
976 1325 1045 1354 pos-

151 1355 239 1393 sedit,
252 1356 410 1386 Sacerdote
421 1361 559 1397 praetore,
573 1355 636 1385 sine
646 1355 709 1384 uuit
722 1356 932 1386 controversia.
958 1357 1047 1388 Post..

151 1408 281 1438 eaquam
307 1399 417 1429 Verres
442 1399 654 1438 magistratum
670 1398 758 1433 iniit3
783 1409 820 1428 ex
837 1399 933 1429 edicto
948 1399 1045 1439 istius,

151 1441 234 1482 quod
250 1441 383 1471 edictum
396 1442 539 1472 Sacerdos
554 1451 614 1471 non
624 1441 782 1477 habuerat,
800 1442 928 1482 Sulpicii
942 1449 1045 1483 patro-

151 1484 184 1514 ni
206 1484 268 1514 filia
283 1491 400 1514 sextam
416 1490 532 1525 partem
551 1484 733 1514 haereditatis
754 1486 792 1515 ab
810 1485 925 1525 Ligure
945 1492 1046 1526 petere

152 1527 250 1568 coepit.
275 1527 374 1568 Ligur
396 1538 457 1557 non
474 1528 585 1557 aderat.
624 1527 751 1563 Lucius,
772 1528 864 1558 frater
879 1529 955 1567 ejus,
973 1539 1044 1560 cau-

152 1581 217 1600 sam
229 1572 338 1611 agebat
351 1582 359 1601 :
384 1571 509 1601 aderant
521 1570 620 1607 amici,
638 1570 811 1611 propinqui.
835 1570 965 1602 Dicebat
976 1573 1043 1611 iste,

151 1613 210 1644 nisi
231 1624 301 1643 cum
317 1614 444 1644 muliere
459 1613 655 1651 decideretur,
679 1614 709 1643 in
726 1614 939 1654 possessionem
957 1626 987 1646 se
1001 1616 1045 1647 ire

148 1657 318 1696 jussurum.
352 1657 389 1687 L.
412 1657 531 1687 Gellius
551 1667 673 1687 causam
698 1657 822 1697 Liguris
840 1657 1040 1690 defendebat:

151 1699 289 1737 docebat,
312 1699 445 1730 edictum
468 1700 533 1739 ejus
553 1709 614 1729 non
637 1706 773 1740 oportere
797 1699 835 1730 ad
855 1700 1042 1733 haereditates

152 1743 263 1781 valere,
280 1753 349 1784 quae
372 1748 441 1774 ante
463 1753 534 1774 eum
560 1748 720 1783 praetorem
746 1743 916 1775 venissent:
940 1743 964 1775 si
986 1745 1043 1776 hoc
