1181 1902
286 70 338 102 IN
361 69 559 103 VERREM
584 69 612 101 1.
628 68 712 101 cst.
729 71 759 100 5.
910 70 971 107 137

99 168 104 173 ’
123 154 184 188 IV.
216 156 341 188 Etenim
365 158 449 199 quod
473 163 517 189 est
542 156 701 198 ingenium
734 161 869 195 tantum,
900 166 972 198 quae

80 205 166 231 tanta
179 199 308 231 facultas
323 201 442 232 dicendi
457 208 486 232 et
501 200 598 242 copia,
615 211 684 241 quae
698 199 785 230 istius
800 200 906 237 vitam,
928 206 974 231 tot

79 242 160 274 vitiis
194 243 376 286 flagitiisque
410 244 590 280 convictam,
618 243 803 283 jampridem
832 243 972 274 omnium

79 287 235 317 voluntate
247 287 423 328 judicioque
439 287 627 324 damnatam,
639 286 743 327 aliqua
755 296 793 316 ex
808 292 892 327 parte
903 297 973 327 pos-

77 329 117 360 sit
132 329 291 360 defendere
305 332 318 361 ,⁹
342 330 440 369 Cujus
454 337 490 360 ut
504 329 711 360 adolescentiae
728 330 863 360 maculas
885 330 973 370 igno-

80 372 252 413 miniasque
263 380 439 414 praeteream
453 384 462 410 ;
487 379 652 414 quaestura,
662 373 779 413 primus
794 373 906 413 gradus
918 373 974 403 ho..

78 415 172 453 noris,
197 416 272 456 quid
296 417 379 447 aliud
402 417 494 447 habet
516 416 548 446 in
572 426 614 453 se,
637 416 696 446 nisi
719 416 973 446 Cn.·carbonem

78 458 244 500 spoliatum
270 470 289 490 a
312 466 460 501 quaestore
484 470 538 490 suo
555 459 685 500 pecunia
703 459 852 500 publica?
875 459 974 489 nuda-

81 507 149 532 tum
173 507 204 532 et
223 503 379 543 proditum
399 503 554 533 consulem
568 505 582 534 ,⁹
605 502 758 533 desertum
779 502 945 532 exercitum
957 504 972 533 ?

79 545 215 575 relictam
230 547 418 586 provinciam
431 548 446 577 ?
470 546 556 576 sortis
582 545 833 577 necessitudinem
853 546 975 586 religio-

79 598 213 629 nemque
228 589 371 620 violatam
385 592 399 621 ?
422 590 509 629 cujus
526 589 638 630 legatio
660 589 788 620 exitium
809 589 868 619 fuit
888 589 975 619 Asiae

80 631 174 662 totius
194 638 225 662 et
245 633 462 674 Pamphyliae:
488 633 598 674 quibus
621 632 653 662 in
676 632 837 673 provinciis
861 632 976 662 multas

82 674 200 713 domos,
217 675 365 716 plurimas
380 678 480 714 urbes,
497 676 600 706 omnia
614 675 696 714 fana,
713 676 907 716 depeculatus
919 681 974 713 est,

80 727 153 749 cum
167 718 200 748 in
215 719 273 749 Cn.
290 719 486 755 Dolabellam
501 720 597 750 scelus
612 729 704 749 suum
718 719 796 749 illud
811 718 974 760 pristinum

81 762 238 792 renovavit
252 768 282 792 et
296 762 475 793 instauravit
490 762 687 803 quaestorium
701 773 709 792 ε
734 772 804 792 cum
820 772 903 799 eum,
925 762 974 792 cui

81 804 200 845 legatus
215 811 244 835 et
258 816 313 846 pro
334 812 483 847 quaestore
503 805 621 843 fuisset,
637 812 667 836 et
689 805 722 835 in
742 805 889 835 invidiam
913 805 975 835 suis

80 848 236 879 maleficiis
251 849 391 887 adduxit,
411 855 441 880 et
461 849 492 879 in
509 849 603 890 ipsius
628 848 769 890 periculis
790 859 852 879 non
875 849 975 879 solum

83 890 226 930 deseruit,
244 892 296 922 sed
318 893 409 923 etiam
430 892 619 933 oppugnavit
641 902 675 922 ac
697 891 840 933 prodidit.
877 892 976 931 Cujus

82 941 216 975 praetura
230 937 348 965 urbana
363 935 475 966 aedium
486 945 637 966 sacrarum
653 935 712 965 fuit
722 935 977 976 publicorumque

81 987 207 1018 operum
224 977 441 1020 depopulatio;
467 979 569 1016 simul,
587 978 618 1008 in
638 979 708 1018 jure
729 978 867 1016 dicendo,
880 980 977 1009 bono-

82 1031 153 1051 rum
168 1022 464 1063 possessionumque,
480 1028 584 1052 contra
603 1022 743 1052 omnium
758 1021 907 1059 instituta
924 1021 978 1051 ad-

82 1063 186 1102 dictio,
203 1070 234 1095 et
258 1065 447 1096 condonatio.
479 1065 555 1096 Jam
578 1075 648 1095 vero
670 1065 810 1095 onmium
833 1064 977 1095 vitiorum

83 1117 209 1137 suorum
224 1108 360 1149 plurima
379 1114 408 1139 et
423 1109 561 1139 maxima
575 1108 730 1139 constituit
744 1108 837 1138 moni
832 1114 934 1138 nenta
949 1113 980 1138 et

81 1149 216 1181 indicia
208 1161 240 1181 m
257 1152 412 1192 provincia
424 1152 549 1188 Sicilia;
574 1162 668 1193 quam
680 1151 735 1182 iste
747 1162 800 1192 per
812 1151 978 1181 triennium

81 1193 126 1224 ita
148 1195 270 1225 vexavit
290 1205 326 1226 ac
345 1195 489 1236 perdidit,
506 1202 540 1225 ut
558 1206 593 1225 ea
616 1194 734 1225 restitui
758 1195 790 1225 in
814 1195 977 1235 antiquum

85 1242 200 1268 statum
223 1238 310 1269 nullo
331 1238 424 1269 modo
446 1239 563 1280 possit;
588 1249 640 1269 vu<
664 1244 767 1268 autem
788 1248 842 1279 per
866 1238 979 1267 multos

83 1290 190 1318 annos,
206 1281 441 1323 innocentesque
465 1289 618 1323 praetores,
641 1281 746 1322 aliqua
764 1291 802 1311 ex
826 1287 911 1321 parte
933 1290 981 1310 re-

84 1324 179 1354 creari
193 1324 358 1366 aliquando
372 1335 458 1366 posse
474 1325 620 1356 videatur.
645 1324 714 1355 Hoc
728 1331 866 1365 praetore,
884 1323 980 1355 Siculi

83 1376 185 1408 neque
206 1378 275 1398 suas
289 1369 382 1409 leges,
399 1378 497 1409 neque
512 1375 615 1399 nostra
629 1368 913 1405 senatus-consulta,
926 1377 980 1397 ne-

83 1421 145 1451 que
168 1412 347 1442 communia
372 1412 444 1451 jura
472 1418 646 1442 tenuerunt.
684 1411 823 1441 Tantum
850 1411 981 1452 quisque

84 1453 177 1484 habet
191 1455 224 1484 in
240 1454 352 1492 Sicilia,
370 1462 521 1496 quantum
532 1455 666 1491 hominis
677 1453 845 1485 avarissimi
860 1460 890 1484 et
909 1454 980 1484 libi-

83 1497 266 1528 dinosissimi
282 1504 335 1528 aut
349 1498 588 1539 imprudentiam
603 1497 798 1539 subterfugit,
818 1502 872 1527 aut
891 1497 980 1528 satie-

85 1542 143 1572 tati
157 1541 317 1582 superfuit.

129 1584 171 1615 V.
194 1585 227 1615 N
229 1585 294 1615 ulla
305 1595 351 1616 res
362 1595 416 1626 per
430 1584 609 1624 triennium,
625 1585 684 1615 nisi
699 1584 738 1615 ad
752 1591 865 1614 nutum
880 1583 979 1620 istius,

83 1627 219 1676 judicata
234 1634 298 1659 est:
323 1629 409 1659 nulla
423 1639 470 1659 res
485 1635 549 1659 tam
563 1629 674 1678 patria
684 1629 866 1668 cujusquam
888 1632 981 1667 atque

86 1671 168 1701 avita
188 1670 260 1710 fuit,
282 1682 352 1713 quae
373 1681 434 1702 non
452 1673 490 1703 ab
506 1683 552 1709 eo,
568 1672 696 1713 imperio
710 1671 809 1708 istius,
825 1670 982 1709 abjudica-

85 1719 178 1745 retur.
215 1714 459 1746 Innumerabiles
488 1716 625 1757 pecuniae
651 1725 689 1745 ex
715 1720 870 1745 arato-um
894 1713 982 1743 bonis

87 1767 166 1789 nov-o
179 1758 356 1801 nefarioque
370 1758 509 1790 instituto
525 1766 652 1791 coactae:
678 1759 749 1789 socii
767 1756 957 1789 fidelissimi
949 1766 980 1786 m

664 1811 687 1833 x
705 1802 726 1832 3
