1181 1902
266 131 357 164 PRO
382 132 417 164 P.
434 131 648 171 QUINTIO.
668 132 752 164 Cn».
769 133 821 162 28.
951 129 991 161 31

90 224 157 246 cere
181 215 318 249 licebit.’'
356 218 443 258 Quid
467 224 534 249 tum
547 221 561 250 ?
596 221 619 237 ‘⁶
635 217 845 257 Dominurr1,”
873 217 986 258 inquit,

90 260 113 276 “
129 258 262 291 invitum
285 261 446 293 detrudere
461 272 521 292 non
537 262 668 303 placet.''
700 262 785 292 Eum
800 261 914 302 ipsum,
931 260 986 301 qui

89 301 252 334 fraudandi
274 304 364 335 causa
385 305 503 341 latitet;
527 316 599 335 eum
622 305 736 346 ipsum,
759 314 852 345 quem
872 303 988 343 judicio

89 352 180 392 nemo
194 346 357 384 defendat;
383 359 453 379 eum
469 349 583 389 ipsum,
600 348 654 389 qui
673 358 744 377 cum
765 347 907 377 omnibus
923 356 987 377 ere-

91 386 240 420 ditoribus
256 391 317 421 suis
333 392 413 422 male
429 397 510 431 agat,
527 391 659 421 invitum
677 390 715 420 de
734 390 847 431 praedio
867 389 989 420 detrudi

90 436 180 462 vetat.
216 433 420 465 Proficiscenti
435 435 490 465 tibi
507 435 538 464 in
554 433 770 475 possessionem
785 438 895 473 praetor
909 432 986 473 ipse,

92 474 162 521 Sex.
177 476 278 513 Naevi,
295 477 398 517 palam
420 477 512 508 dicit:
538 480 560 495 “
579 478 628 507 Ita
648 476 808 518 possideto,
830 482 865 505 ut
885 480 987 505 tecum

92 518 184 548 sunul
204 519 354 559 possideat
371 521 538 559 Quintius:
562 520 605 550 ita
628 520 790 561 possideto,
806 524 842 549 ut
856 518 987 556 Quintio

91 559 190 601 vis-ne
205 562 381 593 afferatur.”
415 563 502 601 Quid
515 565 528 594 ἲ
553 569 586 593 tu
602 563 634 592 id
649 562 911 604 quemadmodum
932 562 987 591 ob-

92 613 191 635 servas
199 604 214 634 ?
237 605 333 636 Mitto
343 606 421 636 inud
432 607 541 644 dicere,
555 616 637 643 eum,
647 606 705 647 ’qui
717 615 778 636 non
790 603 926 641 latitairit,
939 604 989 634 cui

92 648 203 678 Romae
224 648 345 687 domus,
367 660 456 688 uxor,
478 649 577 687 liberi,
600 655 776 690 procurator
798 654 893 683 esset3
918 657 990 677 eum

90 691 146 732 qui
170 691 225 722 tibi
251 692 461 723 vadimonium
487 702 549 723 non
574 692 768 727 deseruisset;
791 691 857 721 haec
883 689 988 721 omnia

91 733 201 765 mitto:
226 734 304 764 illud
319 735 397 773 dico,
414 736 575 766 dominum
591 735 755 776 expulsum
777 745 839 765 esse
858 733 896 764 de
910 744 990 774 prae-

91 777 162 814 dio3
186 777 310 808 domino
326 789 343 808 a
361 779 479 809 familia
497 779 552 809 sua
572 788 683 808 manus
702 778 810 808 allatas
832 787 895 807 esse
916 782 987 806 ante

92 830 162 850 suos
178 821 272 851 Lares
287 821 469 852 familiares:
494 822 551 852 hoc
567 822 643 852 dico.
701 820 719 837 '¹‘
774 820 792 837 '⁵
839 820 857 837 '¹‘
903 819 921 835 ³*
968 819 991 836 Ψ

136 863 302 894 XXVIII.
328 864 345 881 ¹*
364 865 395 895 N
398 865 509 895 aevium
521 875 559 895 ne
571 863 736 905 appellasse
748 863 873 905 quidem
885 862 991 901 Quin-

92 905 183 944 tium,
200 917 272 937 cum
288 907 380 938 simul
396 914 483 945 esset,
500 908 629 949 experiri
644 913 745 948 posset
760 906 896 948 quotidie
909 917 917 936 ε
935 905 990 935 de-

92 950 176 987 inde,
200 950 283 991 quod
302 951 406 981 onmia
423 951 540 990 judicia
558 951 749 987 difficissima,
772 960 843 980 cum
866 949 991 979 summa

92 994 149 1023 suit
173 992 298 1031 invidia,
324 995 521 1035 maximoque
548 994 682 1035 periculo
708 994 744 1023 P.
763 992 901 1031 Quintii,
923 991 989 1021 fieri

92 1036 210 1075 manet,
224 1047 317 1078 quam
333 1037 410 1067 illud
425 1037 636 1078 pecuniarium
649 1036 812 1076 judicium,
829 1035 912 1076 quod
926 1044 990 1065 uno

91 1079 142 1110 die
161 1080 287 1121 transigi
301 1087 423 1121 posset:
450 1091 487 1110 ex
509 1090 571 1121 quo
592 1090 654 1110 uno
675 1079 740 1110 haec
755 1079 858 1109 omnia
873 1084 944 1108 nata
959 1083 990 1107 et

94 1123 230 1164 profecta
245 1134 307 1154 esse
322 1123 466 1154 concedit.
491 1123 564 1161 Quo
573 1123 605 1152 in
619 1123 686 1153 loco
699 1121 903 1153 conditionem
919 1121 990 1157 tuli,

94 1166 120 1196 si
144 1166 234 1196 vellet
254 1167 416 1207 pecuniam
436 1172 548 1207 petere,
573 1166 609 1195 P.
631 1165 799 1204 Quintium
818 1164 991 1204 judicatum

95 1209 172 1240 solvi
187 1209 414 1247 satisdatumm,
436 1209 512 1240 dum
531 1209 607 1251 ipse,
633 1209 659 1239 si
682 1208 757 1251 quid
777 1213 902 1250 peteret,
922 1206 992 1249 pari

97 1252 269 1284 conditione
284 1259 429 1283 uteretur.

106 1303 109 1306 ⁴
140 1295 282 1333 Ostendi,
299 1306 392 1337 quam
408 1295 508 1326 multa
521 1300 592 1327 ante
610 1294 676 1325 fieri
696 1294 879 1331 convenerit,
896 1303 992 1334 quam

98 1337 232 1369 hominis
260 1339 425 1380 propinqui
454 1340 534 1369 bona
563 1338 710 1379 possideri
739 1338 967 1378 postularentur
980 1347 991 1371 ς

99 1382 265 1423 praesertim
281 1393 352 1412 cum
368 1383 478 1412 Romae
499 1381 608 1412 domus
631 1382 707 1421 ejus,
729 1391 819 1419 uxor,
841 1379 929 1410 liberi
949 1389 995 1409 es-

98 1430 176 1462 sent,
193 1431 223 1456 et
237 1431 425 1466 procurator,
437 1435 523 1466 aeque
532 1424 691 1466 utriusque
707 1423 901 1454 necessarius.
925 1422 994 1452 Do-

98 1468 160 1505 cui,
183 1479 253 1499 cum
276 1469 428 1499 desertum
449 1478 512 1498 esse
534 1468 614 1498 dicat
629 1467 851 1504 vadimonium,
868 1465 994 1496 omnino

100 1511 312 1542 vadimonium
327 1512 450 1541 nullum
464 1511 566 1541 fuisse.
599 1510 673 1548 Quo
687 1510 738 1540 die
751 1510 834 1540 hunc
850 1509 907 1539 sibi
922 1518 994 1549 pro-

100 1554 217 1585 misisse
231 1554 323 1591 dicat,
334 1565 368 1585 eo
380 1554 429 1585 die
443 1564 481 1584 ne
498 1554 607 1584 Romae
619 1553 744 1595 quidem
759 1563 831 1583 eum
845 1552 949 1588 fuisse,
962 1550 996 1581 id

103 1597 230 1628 testibus
244 1609 295 1628 me
309 1597 463 1638 pollicitus
479 1607 548 1627 sum
562 1597 691 1637 planum
708 1596 873 1632 facturum,
891 1595 945 1636 qui
965 1600 996 1624 et

104 1640 178 1671 scire
193 1640 346 1677 deberent,
363 1646 393 1670 et
407 1651 542 1678 causam,
559 1650 613 1670 cur
628 1639 841 1676 mentirentur,
858 1648 919 1668 non
940 1637 996 1667 ha-

104 1684 220 1713 berent.
243 1683 295 1714 Ex
311 1683 407 1714 edicto
421 1689 525 1713 autem
536 1693 596 1713 non
609 1682 742 1723 potuisse
751 1683 831 1712 bona
839 1680 997 1722 possideri,

103 1726 320 1763 demonstravi,
337 1726 419 1767 quod
434 1736 533 1767 neque
547 1725 710 1756 fraudandi
730 1725 820 1755 caus&
840 1724 1000 1761 latitasset,

104 1778 204 1811 neque
219 1769 318 1800 exsilii
333 1769 424 1800 causi».
438 1770 538 1800 solum
553 1769 676 1800 vertisse
690 1768 847 1798 diceretur.

149 1812 320 1853 Reliquum
342 1818 397 1851 est,
419 1818 455 1843 ut
476 1822 548 1843 eum
569 1821 660 1842 nemo
677 1810 793 1851 judicio
813 1808 1001 1841 defenderit:
