1181 1902
259 59 309 90 IN
334 58 530 90 VERREM
557 57 615 88 IV.
640 57 724 89 CAx‘.
748 58 799 89 63.
911 58 976 89 349

81 144 184 174 omnia
199 144 389 176 dissimulare
406 156 440 176 ac
455 146 606 187 negligere
621 144 714 185 possit
727 146 741 175 ?
764 144 868 175 Attuli
884 153 974 185 spon-

81 187 189 223 siones,
197 187 263 228 ipso
278 195 424 229 praesente
439 188 542 224 factae,
559 190 597 220 de
611 188 809 218 decumarum
822 187 974 225 societate,

81 231 120 260 ab
142 229 208 270 ipso
228 232 394 272 prohibitas
412 231 552 270 judicari,
584 231 669 270 Quid
693 237 747 267 est,
775 230 857 272 quod
881 231 974 271 possit

81 272 243 314 quisquam
263 274 453 305 manifestius
480 275 536 304 hoc
551 275 717 305 desiderare
728 274 742 303 ’ἑ
767 275 838 304 Non
855 273 973 311 dubim,

81 315 155 356 quin
173 317 256 348 vobis
271 317 476 354 satisfecerim,
499 318 624 357 judices.
661 317 881 348 Verumtamen
903 327 974 358 pro-

80 359 198 398 grediar
227 361 368 401 longius;
407 370 479 397 non,
504 361 687 397 mehercule,
706 371 768 401 quo
796 360 894 400 magis
917 360 974 390 hoc

81 401 165 432 vobis
187 404 412 444 persuadeatur,
437 414 530 444 quam
553 405 618 444 jam
634 413 811 444 persuasum
827 413 889 433 esse
904 413 975 433 con-

82 443 162 480 fido3
197 447 248 477 sed
263 453 298 477 ut
316 447 367 477 ille
389 447 553 488 aliquando
573 446 772 487 impudentiae
797 457 859 476 suae
882 445 975 476 finem

81 486 182 525 faciat,
208 490 372 531 aliquando
393 490 519 527 desinat,
542 501 576 520 ea
591 501 622 520 se
637 496 744 530 putare
759 499 845 529 posse
862 499 971 525 emere,

81 540 151 570 quae
162 533 225 573 ipse
236 543 354 573 semper
370 533 477 563 habuit
488 534 616 570 venalia,
630 533 733 568 fidem,
742 532 971 571 jusjurandum,

81 575 248 613 veritatem,
265 576 411 611 officium,
427 576 624 617 religionem3
649 576 787 606 desinant
802 575 892 605 amici
908 575 974 614 ejus

82 625 122 664 θα.
131 618 277 655 dictitare,
296 630 365 660 quae
380 619 572 655 detrimento,
589 619 729 656 maculae,
746 618 877 653 invidjae,
895 617 975 647 infa-

80 668 161 691 lmae.
179 663 264 693 nobis
280 663 422 693 omnibus
438 673 499 693 esse
511 663 635 704 possint.
658 663 705 692 At
720 662 773 702 qui
789 661 901 691 amici?

124 704 155 735 Ο
175 706 333 743 miserum,
350 712 441 747 atque
456 706 652 743 invidiosum,
668 705 880 745 offensumque
895 714 972 745 pau-

79 758 184 779 corum
200 748 289 789 culpa
304 755 396 790 atque
410 749 600 789 indignitate,
612 749 749 779 ordinem
765 746 949 778 senatorium
963 747 971 777 ἰ

78 792 195 822 Albam
209 792 386 828 AEmilium,
402 792 554 823 sedentem
576 793 607 822 in
623 793 762 822 faucibus
776 790 907 825 macelli,
928 790 974 819 lo-

80 835 134 875 qui
149 836 263 875 palam,
289 838 311 853 ‘⁶
328 835 453 866 vicisse”
470 836 597 866 Verrem
613 847 621 869 ς
647 842 742 866 emtos
756 834 867 864 habere
889 833 974 872 judi-

79 888 143 913 ces;
179 879 275 908 alium
303 879 359 909 Hs
392 878 501 909 CCCC
533 879 681 916 millibus,
709 878 805 908 alium
836 877 892 906 Hs
927 876 971 913 D,

79 931 172 962 quem
198 922 338 958 minimo,
364 921 456 952 CCC.
494 922 612 963 Atque,
641 922 667 952 ei
693 931 764 952 cum
793 929 972 960 responsum

79 970 166 1001 esset,
179 965 243 995 fieri
257 975 317 994 non
328 975 434 1005 posse;
459 966 572 995 multos
581 972 669 996 testes
685 975 747 995 esse
762 963 905 999 dicturos,
922 972 973 993 me

78 1014 223 1047 praeterea
237 1018 335 1038 causae
350 1018 411 1038 non
425 1008 619 1043 defuturum;
645 1011 667 1026 “
686 1008 783 1043 Licet,
799 1005 972 1042 hercules,''

78 1050 190 1091 inquit,
216 1052 238 1068 ‘⁶
254 1061 358 1082 omnes
374 1052 478 1082 omnia
492 1052 594 1082 dicant
608 1051 639 1081 in
652 1051 740 1081 illurn
753 1061 762 1086 ς
801 1049 859 1079 nisi
874 1049 915 1078 ita
928 1059 974 1079 res

78 1093 239 1124 manifesta
254 1094 310 1125 erit
324 1095 426 1131 allata,
449 1100 483 1125 ut
499 1094 671 1136 responderi
686 1094 763 1124 nihil
778 1092 883 1134 possit,
901 1091 973 1122 vici-

80 1137 183 1167 mus.''
207 1138 293 1167 Bene
313 1138 367 1175 ais,
389 1138 494 1168 Alba:
528 1138 566 1168 ad
582 1144 668 1168 tuam
685 1137 805 1167 veniam
826 1135 973 1166 conditio-

79 1189 160 1210 nem.
183 1181 212 1210 N
217 1180 272 1210 ihil
285 1187 375 1221 putas
385 1182 484 1212 valere
490 1182 521 1211 in
535 1181 658 1221 judiciis
669 1181 883 1219 conjecturam,
897 1178 974 1207 nihil

79 1223 291 1264 suspicionem,
309 1224 385 1254 nihil
401 1231 544 1255 anteactae
559 1225 629 1254 vitae
644 1223 910 1258 existimationem,
927 1221 974 1250 ni-

78 1265 123 1295 hil
153 1268 300 1297 bonorum
333 1268 466 1298 virorum
493 1268 676 1305 testimonia,
707 1266 785 1296 nihil
815 1265 973 1296 civitatum

78 1310 270 1340 auctoritates
301 1321 336 1341 ac
361 1312 553 1342 testimonia:
586 1321 632 1341 res
653 1310 828 1340 manifestas
854 1307 974 1348 quaeris.

79 1352 153 1382 Non
170 1364 273 1394 quaero
293 1354 410 1394 judices
426 1355 608 1385 Cassianos:
633 1360 764 1384 veterem
787 1351 972 1391 judiciorum

80 1396 268 1427 severitatem
285 1407 345 1427 non
361 1398 501 1439 requiro:
527 1404 656 1428 vestram
669 1397 700 1426 in
716 1396 774 1426 hoc
788 1394 892 1430 fidem,
905 1393 972 1433 dig-

79 1439 218 1475 nitatem,
234 1441 411 1481 religionem
427 1442 458 1472 in
471 1440 648 1481 judicando,
662 1449 723 1470 non
738 1439 889 1479 imploro:
914 1436 975 1466 Al-

79 1482 150 1512 bam
166 1482 285 1514 habebo
297 1484 444 1523 judicem,
461 1495 532 1515 eum
544 1484 713 1521 hominem,
730 1482 784 1523 qui
794 1491 824 1511 se
839 1489 974 1511 sennam

79 1524 339 1566 improbissimum
356 1528 521 1558 existimari
538 1527 625 1562 vult;
650 1526 704 1567 qui
716 1536 734 1555 a
749 1524 857 1555 scurris
872 1522 974 1564 potius

79 1578 197 1609 semper
211 1570 370 1610 gladiator,
383 1581 478 1612 quam
490 1581 602 1606 scurra,
617 1569 786 1611 appellatus
801 1568 849 1598 sit.
886 1566 975 1596 Affe-

79 1620 145 1641 ram
167 1622 232 1643 rem
260 1615 409 1653 ejusmodi
433 1615 464 1645 in
489 1613 636 1651 decumis,
664 1618 700 1643 ut
725 1612 811 1642 Alba
831 1610 972 1645 fateatur,

79 1653 172 1685 istum
187 1656 219 1685 in
231 1667 263 1687 re
277 1657 488 1695 frumentaria,
502 1663 531 1688 et
545 1656 577 1687 in
592 1657 680 1687 bonis
695 1661 861 1691 aratorum,
875 1657 977 1694 aperte

79 1697 244 1740 palamque
259 1711 321 1731 esse
336 1701 516 1741 praedatum.

124 1744 254 1776 LXIII.
278 1746 434 1778 Decumas
458 1743 692 1786 agri-Leontini
718 1751 832 1781 magno
854 1738 927 1770 dicit
948 1747 979 1768 se

83 1792 203 1827 (Orat.)
220 1800 304 1822 vor„
324 1801 348 1821 1.
694 1788 713 1815 '2
731 1794 755 1815 Η
