1181 1902
158 76 221 105 230
332 74 382 104 IN
407 73 604 105 VERREM
628 74 694 105 III.
719 73 803 105 Cn.
822 75 872 104 18.

156 160 203 191 uti
218 171 280 191 sese
295 166 394 201 negat.
426 160 449 190 J
452 161 524 191 ubet
535 159 591 199 (id,
608 160 690 202 quod
704 160 790 191 initio
806 170 822 191 e
835 161 902 201 lege
917 160 1048 202 Rupilia

156 204 222 234 fieri
237 209 422 244 oportuerat)
445 203 529 233 citari
545 203 735 241 Heraclium,
758 209 786 234 et
802 214 851 234 eos
875 204 929 244 qui
944 204 1045 235 dicam

157 247 344 288 scripserant.
368 247 435 283 Ait,
453 258 483 277 se
492 247 609 286 judices
624 258 640 277 e
654 247 720 287 lege
733 247 809 277 velle
821 247 927 277 sortiri.
951 247 1045 285 Quod

156 291 196 320 ab
213 301 246 320 eo
262 290 369 330 pridie,
386 300 456 320 cum
471 290 576 319 multis
596 290 736 330 lacrymis
757 300 828 320 eum
843 296 940 320 oraret
955 296 1047 331 atque

157 334 324 363 obsecraret
340 333 512 371 Heraclius,
532 333 693 373 impetrare
713 343 774 362 non
794 338 943 373 potuerat,
964 333 996 363 id
1020 333 1048 364 ei

157 377 277 416 postera
300 376 348 406 die
369 376 451 406 venit
470 376 501 406 in
521 382 667 412 mentem,
690 387 705 406 e
725 376 791 416 lege
807 376 935 416 Rupili-22
950 376 1050 406 sortiri

157 418 239 449 dicas
254 424 399 459 oportere.
422 419 536 449 Educit
551 430 587 449 ex
603 419 681 449 urna
696 424 764 449 tres.
790 419 832 449 Iis
847 425 882 449 ut
893 420 1048 449 absentem

159 461 340 492 Heraclium
366 462 577 500 condemnent,
604 462 753 503 imperat:
777 462 880 503 itaque
906 462 1050 493 condem-

159 510 244 535 nanu

203 548 283 586 Quae
304 548 435 582 (malum
448 548 471 585 l)
493 548 550 578 ista
569 548 628 578 fuit
648 548 806 579 amentia?
830 547 999 589 Ecquando
1020 553 1050 579 te

157 591 305 621 rationem
321 591 470 621 factorum
486 597 608 621 tuorum
630 592 821 621 redditurum
836 592 975 632 putasti?
1001 601 1049 622 ec-

157 634 280 674 quando
296 634 342 664 his
357 634 395 664 de
405 636 495 664 rebus
507 635 580 664 tales
592 635 670 665 viros
682 635 837 665 audituros
848 634 1050 665 existimasti?

160 677 287 707 Petatur
298 677 456 708 haereditas
472 688 517 715 ea,
534 688 603 718 quae
618 678 704 707 nulla
715 678 851 715 debetur,
868 677 900 707 in
916 677 1052 718 praedam

159 721 321 760 praetoris?
345 721 552 761 interponatur
568 731 677 751 nomen
698 721 852 751 civitatis?
876 721 1053 761 imponatur

159 763 293 793 honestae
314 763 426 793 civitati
446 764 620 804 turpissima
641 774 767 804 persona
791 764 975 794 calumniae?
999 775 1052 794 ne-

160 817 221 847 que
243 807 299 836 hoe
321 806 441 842 solum;
466 807 517 836 sed
537 807 579 836 ita
599 817 645 836 res
660 812 778 846 agatur,
796 813 830 837 ut
845 817 883 837 ne
898 807 1053 838 simulatio

162 849 287 890 quidem
303 849 453 889 aequitatis
468 850 532 879 ulla
547 849 749 880 adhibeatur?
788 850 872 880 Nam
889 852 955 891 (per
971 850 1054 881 Deos

162 893 348 922 immortales
361 893 384 929 l)
406 892 481 933 quid
501 893 634 930 interest,
656 899 761 923 utrum
782 900 892 934 praetor
912 894 1052 934 imperet,

162 936 253 976 vique
277 942 375 976 cogat,
400 935 533 976 aliquem
554 936 591 965 de
616 936 676 966 suis
698 936 784 966 bonis
805 937 948 967 omnibus
969 937 1054 967 dece-

162 979 252 1015 dere3
277 989 315 1008 an
336 979 513 1017 hujusmodi
531 979 681 1018 judicium
703 979 763 1016 det,
787 990 848 1020 quo
860 980 987 1019 judicio,
1008 980 1056 1010 in-

162 1022 243 1052 dicta
259 1022 359 1058 causa,
376 1022 504 1052 fortunis
519 1022 661 1052 omnibus
677 1023 768 1053 everti
784 1033 901 1053 neeesse
917 1023 979 1053 sit?

207 1065 339 1095 XVIII.
365 1065 503 1095 Profecto
528 1066 608 1095 enim
630 1075 739 1106 negare
760 1075 821 1096 non
841 1072 937 1106 potes,
962 1072 992 1096 te
1016 1077 1055 1098 ex

162 1109 228 1148 lege
245 1108 371 1149 Rupilia
392 1108 489 1138 sortiri
502 1109 652 1148 judicium
669 1109 817 1145 debuisse,
839 1120 910 1139 eum
930 1120 1055 1150 praeser-

162 1151 219 1182 tim
243 1151 402 1182 Heraclius
418 1151 449 1181 id
468 1152 642 1192 postularet.
667 1152 720 1183 Sin
742 1152 819 1182 iilud
834 1152 924 1189 dices,
942 1159 971 1183 te
989 1153 1056 1182 He-

163 1195 247 1225 raclii
263 1195 417 1225 voluntate
433 1197 470 1225 ab
486 1195 552 1235 lege
568 1195 718 1225 recessisse
731 1206 739 1231 3
764 1195 827 1235 ipse
842 1201 871 1225 te
886 1195 1053 1236 impedies3

162 1237 227 1278 ipse
251 1238 306 1268 tua
328 1238 498 1268 defensione
522 1238 724 1279 implicabere.
758 1238 863 1276 Quare
888 1239 969 1268 enim
994 1239 1056 1279 pri-

162 1290 251 1310 mum
267 1281 318 1311 ille
338 1281 401 1321 ipse
416 1281 518 1311 adesse
533 1281 642 1320 noluit,
659 1292 729 1312 cum
751 1292 789 1311 ex
809 1292 843 1311 eo
864 1291 991 1312 numero
1004 1283 1057 1321 ju-

162 1323 243 1354 dices
259 1324 392 1361 haberet,
415 1335 476 1365 quo
490 1325 683 1365 postularat?
708 1324 828 1355 Deinde
847 1330 880 1354 tu
901 1335 965 1362 cur,
987 1332 1056 1366 post

163 1367 246 1397 illius
270 1367 387 1407 fugam⁷
412 1368 529 1406 judices
553 1368 626 1398 alios
651 1368 772 1398 sortitus
797 1379 838 1405 es,
864 1368 889 1398 si
915 1378 975 1405 eos,
1001 1367 1055 1408 qui

164 1416 249 1440 erant
269 1416 354 1440 antea
377 1411 451 1446 dati,
468 1411 625 1451 utriusque
646 1411 769 1441 dederas
784 1411 965 1441 voluntate?
990 1410 1056 1441 De-

164 1452 235 1483 inde
262 1460 381 1483 caeteras
407 1454 488 1484 dicas
512 1464 616 1484 omnes
641 1454 694 1484 illo
719 1454 784 1484 foro
811 1454 859 1484 M.
878 1454 1056 1484 Postumius

166 1503 296 1536 quaestor
317 1497 437 1527 sortitus
463 1503 524 1528 est:
549 1498 628 1528 hanc
651 1498 747 1528 solam
772 1503 805 1527 tu
833 1497 885 1527 illo
905 1502 1057 1528 conventu

164 1549 218 1579 rep
224 1538 312 1570 :riere
327 1540 457 1570 sortitus.

210 1582 305 1622 Ergo,
320 1583 438 1624 inquiet
452 1583 573 1625 aliquis,
590 1584 714 1614 donavit
733 1583 846 1624 populo
868 1583 1058 1624 Syracusano

166 1625 252 1655 illam
269 1626 483 1657 haereditatem.
521 1628 673 1663 Primum,
699 1628 723 1657 si
743 1627 775 1656 id
795 1626 929 1657 confiteri
950 1627 1056 1664 velim,

168 1674 270 1698 tamen
286 1669 378 1699 istum
394 1670 609 1707 condemnetis,
626 1681 744 1701 necesse
759 1676 812 1700 est.
843 1670 954 1710 Neque
974 1669 1057 1699 enim

169 1713 350 1752 permissum
370 1719 424 1750 est,
447 1720 481 1743 ut
502 1714 628 1755 impune
645 1714 731 1744 nobis
754 1714 854 1751 liceat,
870 1713 953 1754 quod
968 1711 1060 1743 alicui

170 1755 379 1796 eripuerimus‚
401 1756 431 1786 id
452 1757 538 1787 alteri
559 1757 683 1787 tradere.
716 1757 835 1789 Verum
851 1766 889 1787 ex
903 1756 962 1788 ista
975 1765 1062 1797 repe-
