1181 1902
136 124 178 155 92
245 120 336 152 PRO
360 119 525 152 ROSCIO
548 117 769 150 COMOEDO.
786 117 870 149 CAP.
886 118 916 149 5.

138 209 202 239 lam
218 207 275 238 sibi
295 206 409 244 deberi,
426 216 547 237 causam
568 204 678 246 perdit.
715 203 802 242 Quid
825 209 870 235 est
892 202 925 234 in
948 203 1030 234 arbi-

137 251 195 282 trio
209 253 223 281 ?
246 250 332 288 mite,
356 249 560 286 moderatum,
586 250 608 266 ‘⁶
626 248 788 285 Quantum
813 246 941 287 aequius,
964 256 1031 277 me-

138 295 211 331 lius,
230 293 262 323 id
280 292 379 322 dari.''
411 292 470 322 Ille
484 298 586 322 tamen
601 291 759 321 confitetur
774 290 844 330 plus
864 300 895 320 se
916 295 1030 330 petere,

139 347 235 378 quam
264 336 427 365 debeatur:
452 335 503 365 sed
529 334 600 364 satis
629 344 780 374 superque
805 333 916 362 habere
945 333 1030 370 dicit,

140 380 223 420 quod
245 378 303 409 sibi
319 380 358 409 ab
380 378 492 409 arbitro
514 378 675 408 tribuatur.
705 376 817 417 Itaque
838 376 914 406 alter
935 385 1032 406 causae

141 422 287 457 confidit3
312 421 387 452 alter
398 421 517 451 diffidit.

184 465 265 502 Quae
287 475 356 495 cum
377 464 419 494 ita
435 464 505 500 sint,
522 473 625 504 quaero
641 464 694 492 abs
710 468 750 500 te,
768 461 843 502 quid
865 461 908 492 ita
922 461 960 492 de
975 460 1034 492 hac

141 508 282 549 pecunia,
299 507 336 537 de
359 507 406 537 his
426 507 498 547 ipsis
514 506 571 537 HS
598 515 692 543 mot),
714 505 752 535 de
772 511 895 534 tuarum
915 505 1037 535 tabula-

142 561 212 583 rum
233 550 292 580 fide
307 549 558 590 compromissum
574 549 689 583 feceris,
709 548 858 577 arbitrum
881 548 1035 586 sumseris,

141 598 295 635 quantum
311 593 429 633 aequius
449 599 479 623 et
493 592 603 622 melius
619 591 658 621 sit
672 591 749 627 dari,
774 591 993 631 repromiffive,
1010 591 1036 621 si

142 642 260 678 pareret
274 638 287 667 ,⁹
312 635 391 673 Quis
411 636 442 665 in
458 636 536 665 hanc
551 645 616 665 rem
631 634 691 664 fuit
702 634 813 664 arbiter
824 634 838 662 ’ἓ
862 634 990 664 Utinam
1009 634 1036 664 is

143 679 268 720 quidem
292 679 402 709 Romae
422 679 518 708 esset!
544 679 654 708 Romae
678 683 730 707 est.
765 677 895 707 Utinam
920 676 1037 707 adesset

142 722 175 752 in
184 721 299 761 judicio
314 722 321 751 !
346 721 454 751 Adest.
478 721 606 751 Utinam
617 720 731 750 sederet
745 720 777 750 in
792 720 916 750 consilio
932 720 968 750 C.
983 720 1037 749 Pi-

143 765 244 795 sonis!
271 765 341 805 Ipse
357 764 393 794 G.
411 764 482 794 Piso
498 770 550 794 est.
574 763 771 793 Eumdemne
790 769 823 792 tu
840 763 989 793 arbitrum
1006 768 1036 793 et

141 807 277 847 judicem
303 809 443 837 sumebas
457 808 471 837 ,⁹
503 806 601 836 eidem
622 812 651 836 et
672 806 824 836 infinitam
843 806 1039 846 largitionem

142 851 329 887 remittebas,
346 856 375 880 et
390 849 532 880 eumdem
547 850 579 879 in
602 849 850 889 angustissimam
870 849 1037 879 formulam

144 893 313 934 sponsionis
325 893 523 923 concludebas
534 894 548 922 Ρ
572 892 652 929 Quis
662 902 812 933 unquam,
826 892 865 922 ad
875 892 1036 930 arbitrum,

144 942 296 977 quantum
308 936 405 976 petiit,
418 941 538 965 tantum
554 935 702 965 abstulit?
736 935 767 965 N
771 945 849 965 emo.
873 935 1036 973 Quantum

145 980 227 1009 enini
249 979 365 1019 aequius
384 985 458 1008 esset
478 979 535 1008 sibi
550 978 626 1015 dari,
642 978 738 1018 petiit.
772 977 822 1008 De
837 988 899 1018 quo
914 978 1039 1009 nomine

144 1022 184 1052 ad
199 1022 347 1052 arbitrum
359 1021 460 1057 adisti,
476 1021 513 1051 de
528 1032 562 1051 eo
578 1021 616 1051 ad
628 1021 762 1060 judicem
774 1021 892 1051 venisti.
916 1021 1038 1060 Caeteri,

145 1075 216 1096 cum
238 1065 277 1094 ad
294 1065 428 1104 judicem
445 1075 566 1095 causam
588 1064 763 1094 labefactari
779 1064 1038 1103 animadvertunt,

145 1108 185 1139 ad
200 1108 348 1138 arbitrum
363 1107 566 1148 confugiunt:
590 1107 639 1137 hic
654 1109 692 1137 ab
709 1107 823 1137 arbitro
846 1107 884 1137 ad
903 1107 1039 1146 judicem

144 1151 247 1182 venire
259 1157 303 1181 est
314 1161 414 1181 ausus.
432 1151 507 1189 Qui,
519 1160 589 1180 cum
603 1150 639 1180 de
651 1150 707 1180 hac
716 1150 859 1190 pecunia,
872 1150 909 1180 de
919 1151 1041 1180 tabula-

145 1204 215 1224 rum
231 1194 302 1231 fide,
318 1194 467 1224 arbitrum
482 1193 601 1233 sumsit,
621 1193 781 1233 judicavit,
799 1193 858 1225 sibi
875 1194 1038 1234 pecuniam

147 1246 208 1267 non
224 1237 336 1267 deberi.
739 1253 741 1255 ·

187 1280 262 1310 Jam
283 1280 352 1311 duae
369 1285 469 1321 partes
489 1289 587 1310 causae
609 1285 681 1310 sunt
700 1278 864 1310 confectae:
888 1290 1040 1310 annume-

144 1322 225 1353 rasse
249 1334 311 1353 sese
331 1329 440 1363 negat:
465 1333 633 1363 expensum
654 1322 756 1353 tulisse
777 1333 839 1353 non
864 1322 947 1359 dicit,
967 1333 1039 1353 cum

144 1366 264 1396 tabulas
279 1376 340 1396 non
356 1366 470 1396 recitat.
500 1366 668 1406 Reliquum
690 1371 744 1403 est,
761 1372 797 1395 ut
811 1365 993 1406 stipulatum
1008 1376 1041 1396 se

144 1419 207 1439 esse
231 1409 329 1440 dicat:
354 1416 498 1450 praeterea
523 1409 617 1446 enim,
641 1408 903 1450 quemadmodum
927 1415 1039 1439 certam

143 1452 304 1492 pecuniam
325 1458 425 1493 petere
445 1452 548 1493 possit,
568 1462 629 1482 non
644 1452 769 1492 reperio.
793 1452 965 1492 stipulatus
981 1453 1038 1482 es?

144 1495 225 1526 ubi?
249 1505 310 1535 quo
332 1495 407 1525 die?
431 1506 492 1535 quo
513 1497 672 1535 tempore?
696 1505 757 1536 quo
772 1497 946 1536 praesente?
969 1495 1039 1536 quis

143 1538 339 1578 spopondisse
353 1548 403 1568 me
417 1538 513 1569 dicit?
538 1539 649 1568 Nemo.

188 1581 228 1611 V.
253 1581 317 1611 Hic
332 1592 387 1621 ego
403 1581 427 1611 si
447 1582 539 1611 finem
560 1581 670 1611 faciam
684 1580 816 1618 dicendi,
837 1581 908 1611 satis
923 1580 993 1612 fidei
1009 1586 1042 1612 et

142 1623 306 1663 diligentiae
320 1634 406 1660 meae,
420 1625 490 1654 satis
506 1635 603 1654 causae
614 1630 643 1654 et
654 1624 874 1661 controversiae,
891 1625 962 1654 satis
977 1624 1039 1654 for-

142 1667 236 1697 mulae
251 1673 280 1697 et
300 1667 464 1707 sponsioni,
481 1667 551 1697 satis
566 1668 657 1697 etiam
669 1667 777 1706 judici,
799 1667 902 1698 fecisse
922 1668 1038 1705 videar,

142 1720 196 1740 cur
208 1710 374 1740 secundum
387 1710 532 1740 Roscium
546 1710 677 1749 judicari
692 1709 808 1740 debeat.
833 1711 1039 1751 Pecuniape-

142 1753 198 1782 tita
220 1759 264 1783 est
287 1759 384 1783 certa:
410 1764 480 1783 cum
507 1754 595 1783 tertia
619 1759 704 1794 parte
729 1753 850 1793 sponsio
874 1754 955 1784 facta
982 1759 1037 1783 est.

145 1795 222 1827 Haec
236 1796 374 1837 pecunia,
391 1806 508 1828 necesse
523 1802 577 1835 cst,
594 1803 647 1827 aut
658 1797 740 1834 data,
753 1802 806 1827 aut
821 1807 955 1838 expensa
966 1796 1038 1833 lata,
