1181 1902
0 0 1181 115 ——fl

172 164 232 196 114
301 162 353 195 IN
375 161 614 196 CAECILIUM
637 161 785 196 DIVIN.
801 163 945 198 (lu-'50'

173 249 301 281 Adsunt
323 249 462 281 homines
486 260 523 281 ex
545 249 609 281 tota
630 250 784 291 provincia
801 251 992 291 nobilissimi,
1008 250 1065 294 qui

173 299 335 334 praesentes
360 304 412 324 vos
427 300 514 324 orant
535 300 626 334 atque
645 295 812 333 obsecrant,
829 295 955 334 judices,
969 302 1064 333 ut,m

174 342 273 366 actore
288 347 384 367 causae
399 347 460 366 suae
472 336 642 377 deliwendo,
659 343 791 367 vestrum
801 338 951 377 judicium
961 340 1000 369 ab
1010 349 1067 369 suo

172 379 288 419 judicio
304 389 341 409 ne
356 379 511 420 discrepet
535 379 686 410 Omnium
706 380 862 410 civitatum
879 382 971 412 totius
985 382 1062 413 Sici-

175 422 225 452 1110
240 422 403 463 legationes
418 423 539 460 adsunt,
551 428 660 463 praeter
675 423 749 453 duas
761 424 914 454 civitates·
933 434 1065 465 quarum

176 465 321 503 duarum,
337 465 361 495 si
384 465 533 503 adessent,
550 466 611 495 duo
634 465 761 496 crimina
781 467 829 496 vel
850 467 987 498 maxima
1008 467 1070 497 mia

178 513 355 545 nuerentur,
372 519 441 549 quae
463 519 533 539 cum
554 508 601 539 his
624 508 794 539 civitatibus
815 509 850 540 C.
873 510 963 541 Verri
985 520 1070 541 com-

179 551 334 582 municata
346 558 426 581 sunt.

223 594 270 624 At
285 595 366 624 enim
382 605 435 625 cur
450 605 468 625 a
482 604 532 625 me
546 594 738 635 potissimum
753 594 810 625 hoc
823 596 1000 637 praesidium
1015 607 1069 637 pe·

182 637 334 668 tiverunt.
327 639 340 657 '³
378 638 411 668 Si
435 644 509 668 esset
532 637 673 675 dubium,
690 639 836 679 petissent
859 649 877 669 a
900 649 950 669 me
968 639 1071 680 praesi-

183 680 282 717 dium,
304 690 417 716 necne;
441 680 582 717 dicerem,
607 691 661 711 cur
678 682 832 721 petissent.
871 682 966 712 Nunc
988 693 1072 719 vero,

182 734 254 754 cum
270 723 319 754 id
312 730 354 753 lta
368 723 561 764 perspicuum
574 723 622 761 sit,
634 730 668 754 ut
679 724 772 754 oculis
784 724 919 763 judicare
929 725 1046 765 possitis
1060 736 1072 760 ς

184 767 284 797 nescio
307 777 360 796 cur
381 766 437 797 hoc
464 766 540 796 mihi
565 766 746 797 detrimento
767 778 828 798 esse
851 767 969 804 debeat,
993 768 1018 798 si
1039 768 1074 798 id

183 810 259 841 mihi
269 810 438 849 objiciatur,
449 820 499 839 me
508 809 699 850 potissimum
712 820 774 840 esse
783 810 943 841 delectum.
954 811 1073 842 Verum

183 853 215 883 id
232 853 308 882 mihi
321 863 382 883 non
392 863 490 890 sumo,
505 852 641 894 judicess
666 858 694 883 et
709 853 765 883 hoc
777 863 837 883 non
853 854 944 884 modo
958 854 991 884 in
1006 864 1076 884 ora-

183 896 265 926 tione
287 896 356 926 meiz
371 905 431 926 non
448 906 538 936 pono,
555 895 606 926 sed
621 905 659 925 ne
674 896 705 926 in
726 896 867 936 opinione
882 897 1005 937 quidem
1021 907 1075 928 cu-

181 939 327 979 jusquam
343 939 492 979 relinquo,
508 949 558 969 me
576 938 718 969 omnibus
733 939 866 980 patronis
881 950 942 971 esse
957 951 1076 981 praepo-

185 982 288 1012 situm.
327 982 400 1012 Non
426 982 469 1012 ita
491 987 553 1011 est:
579 981 630 1012 sed
655 982 894 1023 uniuscujusque
918 983 1074 1024 temporis,

183 1024 377 1062 valetudinis,
401 1024 552 1057 facultatis
575 1024 613 1054 ad
636 1024 800 1065 agendum,
816 1025 908 1056 ducta
923 1026 998 1056 ratio
1020 1032 1074 1057 est.

185 1067 262 1098 Mea
276 1068 335 1098 fuit
350 1078 467 1108 semper
481 1068 545 1098 haec
560 1068 590 1097 in
607 1067 664 1098 hac
678 1078 709 1098 re
726 1069 864 1099 voluntas
873 1074 902 1099 et
915 1070 1073 1108 sententia,

184 1112 323 1152 quemvis
348 1117 382 1141 ut
405 1111 462 1141 hoc
481 1111 617 1147 mallem,
642 1111 679 1141 de
703 1111 739 1141 iis
764 1112 817 1152 qui
841 1118 938 1142 essent
961 1112 1074 1151 idonei,

183 1155 344 1195 suscipere,
358 1164 451 1195 quam
463 1164 532 1190 me;
550 1164 599 1184 me
610 1159 645 1184 ut
656 1154 791 1192 mallem,
805 1165 898 1195 quam
909 1155 1073 1185 neminem.

229 1197 270 1229 V.
295 1197 463 1238 Reliquum
486 1203 529 1227 est
549 1198 626 1236 jam,
643 1203 677 1226 ut
700 1197 778 1227 illud
798 1208 981 1238 quaeramuS,
1002 1208 1073 1229 cum

184 1240 241 1272 hoc
257 1247 381 1277 constet,
404 1241 520 1272 siculos
536 1251 553 1270 a
568 1251 617 1270 me
637 1241 757 1280 petisse,
782 1241 888 1281 ecquid
907 1241 985 1272 hanc
1007 1252 1073 1272 rem

184 1283 267 1324 apud
284 1295 335 1315 vos
350 1284 528 1325 animosque
543 1289 654 1315 vestros
670 1283 767 1313 valere
782 1290 938 1324 oporteat·
929 1307 938 1319 ,
964 1284 1073 1333 ecquid

184 1327 370 1358 auctoritatis
392 1327 474 1367 apud
501 1337 562 1363 vos,
588 1326 619 1356 in
643 1336 697 1356 suo
715 1327 783 1365 jure
805 1327 978 1367 repetendo,
1002 1328 1074 1358 socii
1155 1339 1156 1362 i

183 1370 290 1411 populi
306 1370 450 1405 Romani,
464 1369 613 1410 supplices
624 1369 723 1407 vestri,
736 1370 846 1399 habere
858 1370 997 1400 debeant.
1022 1370 1072 1401 De
1155 1377 1157 1410 ξ

185 1424 247 1454 quo
262 1413 336 1454 quid
352 1424 407 1453 ego
430 1413 518 1453 plura
533 1423 765 1443 commemorem
780 1414 794 1443 ?
818 1413 905 1453 quasi
926 1424 995 1444 vero
1016 1413 1074 1443 du-

183 1457 270 1487 bium
287 1456 335 1493 sit,
352 1456 426 1497 quin
442 1462 504 1487 tota
518 1456 568 1486 lex
584 1455 620 1485 de
635 1456 769 1496 pecuniis
785 1456 958 1496 repetundis
981 1457 1076 1487 socio-

184 1510 254 1530 rum
275 1498 363 1530 01111εᾶ
386 1499 548 1530 constituta
568 1499 615 1529 sit.
654 1499 749 1536 Nam,
766 1498 881 1530 civibus
908 1509 978 1529 cum
1005 1506 1077 1530 sunt

185 1548 296 1584 ereptae
316 1542 462 1583 pecuniae,
485 1541 566 1572 civili
590 1541 651 1572 fere
675 1542 790 1573 actione
816 1550 845 1573 et
870 1542 987 1582 privato
1006 1544 1077 1582 jure

185 1592 385 1627 repetuntur:
409 1586 474 1615 haec
495 1585 545 1615 lex
561 1585 677 1615 socialis
692 1591 754 1615 est:
779 1585 836 1616 hoc
848 1586 899 1624 jus
915 1586 1075 1616 nationum

186 1637 358 1660 exterarum
370 1634 431 1659 est:
456 1628 534 1658 hanc
549 1628 662 1658 habent
676 1638 786 1665 arcem,
800 1628 902 1659 minus
917 1628 1075 1669 aliquanto

185 1682 267 1703 nunc
282 1672 407 1712 quidem
422 1671 585 1709 munitam,
603 1681 695 1712 quam
717 1678 827 1707 antea3
852 1678 1073 1709 verumtamen,

185 1715 210 1745 si
226 1726 287 1755 qua
308 1715 424 1755 reliqua
438 1725 504 1754 spes
520 1720 574 1751 est,
591 1725 659 1755 quae
675 1714 823 1744 sociorum
839 1714 955 1745 animos
971 1725 1076 1745 conso-

183 1758 241 1789 lari
256 1758 360 1798 possit,
377 1769 411 1788 ea
426 1763 488 1788 tota
503 1757 533 1786 in
548 1757 604 1787 hae
619 1758 685 1797 lege
700 1757 797 1798 posita
812 1764 875 1792 est;
899 1758 986 1796 cujus
1001 1757 1076 1797 legis

184 1812 246 1832 ’non
263 1801 354 1832 modo
374 1812 392 1831 a
412 1801 526 1842 populo
542 1801 694 1837 Romano,
711 1800 762 1830 sed
785 1800 875 1831 etiam
899 1801 937 1830 ab
961 1800 1076 1831 ultimis

185 1844 369 1883 nationibus,
389 1844 573 1887 jampridem
596 1843 690 1875 severi
711 1844 847 1875 custodes
870 1843 1074 1885 requiruntur.
