1181 1902
177 117 238 149 100
275 116 366 150 PRO
389 116 555 150 ROSCIO
578 114 797 150 COMOEDO.
814 116 898 148 CAP.
917 116 966 148 13.

175 203 339 235 Nesciebat
361 203 500 235 videlicet
525 204 705 244 Panurgum
728 203 819 234 fuisse
842 203 874 233 in
900 203 1060 234 societate?

174 246 302 277 Sciebat.
327 247 498 286 Nesciebat,
523 247 677 277 Fannium
700 247 811 277 Roscio
833 257 895 277 esse
917 246 1031 276 socium
1044 248 1058 276 ’ἓ

176 289 343 320 Praeclare:
369 300 440 321 nam
456 290 511 321 iste
526 301 595 320 cum
609 300 642 320 eo
658 290 742 320 litem
758 295 954 320 contestatam
969 289 1063 319 habe-

176 333 237 362 bat.
263 333 326 363 Cur
341 333 434 374 igitur
445 333 564 371 decidit,
577 339 605 363 et
621 343 680 363 non
693 333 897 373 restipulatur,
908 332 1062 362 nerninem

176 376 309 416 amplius
324 377 490 416 petiturum
503 379 516 407 ἓ
540 387 592 406 cur
608 375 645 406 de
660 375 754 405 fundo
770 375 890 413 decidit,
908 381 936 405 et
948 374 1063 414 judicio

176 427 237 447 non
254 419 442 450 absolvitur?
466 430 519 449 cur
535 426 597 449 tam
612 418 750 459 imperite
765 418 847 454 facit,
864 424 898 448 ut
914 428 967 448 nec
984 418 1063 447 Ros-

175 461 257 491 cium
273 462 466 502 stipulatione
481 462 595 501 alliget,
611 471 710 502 neque
725 472 743 491 a
759 461 876 490 Fannio
894 461 1009 500 judicio
1030 470 1061 490 se

175 505 335 535 absolvat?
359 505 416 535 Est
430 505 486 536 hoc
501 505 647 545 primum,
661 511 690 534 et
705 515 741 534 ex
755 504 923 534 conditione
933 503 1020 542 juris,
1034 508 1063 533 et

177 557 215 577 ex
235 549 450 578 consuetudine
472 547 628 583 cautionis,
650 547 862 587 gravissimum
881 553 910 576 et
928 546 1063 576 firmissi-

176 599 264 620 mum
280 598 515 631 argumentunig
540 590 622 632 quod
643 601 697 630 ego
719 590 857 630 pluribus
879 590 976 619 verbis
997 599 1064 619 am-

176 633 331 673 plecterer,
349 634 372 664 si
394 644 454 664 non
476 634 536 664 alia
555 633 678 664 certiora
698 639 728 663 et
748 632 872 663 clariora
892 631 1064 663 testimonia

177 675 209 705 in
225 676 313 707 causa
328 677 482 707 haberem.

183 730 186 733 ·
221 720 321 750 ΧΙΙΙ.
346 720 398 756 Et,
416 730 453 750 ne
468 720 544 750 forte
559 729 609 749 me
622 719 679 749 hoc
694 718 805 749 frustra
819 718 989 760 pollicitum
1002 728 1065 748 esse

176 763 340 803 praetlices3
364 768 404 801 te,
421 769 461 800 te,
483 763 622 803 inquam,
644 763 755 800 Fanni,
778 763 816 792 ab
837 762 897 791 tuis
917 761 1066 792 subselliis

177 812 282 836 contra
297 813 325 836 te
340 812 446 836 testem
463 806 621 836 suscitabo.
646 805 826 835 Criminatio
842 811 895 834 tua
910 815 979 845 quae
994 810 1038 834 est
1049 805 1064 834 ?

177 849 325 879 Roscium
348 859 418 879 cum
440 849 546 878 Flavio
570 858 625 889 pro
645 848 782 878 societate
806 847 957 877 decidisse.
992 847 1066 884 Quo

177 896 312 932 tempore
325 893 339 923 ἲ
363 891 488 922 Abhinc
497 891 584 921 annis
600 891 659 922 IV.
684 890 828 921 Defensio
837 900 905 920 mea
917 901 985 931 quae
995 891 1065 920 est?

178 935 327 965 Roscium
342 945 396 975 pro
412 934 465 964 sua
483 940 567 975 parte
582 944 652 964 cum
668 933 774 963 Flavio
789 933 976 973 transegisse.
1001 933 1065 963 Re-

176 977 329 1018 promittis
344 984 378 1007 tu
394 978 503 1008 abhinc
518 977 683 1007 triennium
699 976 817 1006 Roscio.
841 975 927 1013 Quid
938 978 952 1006 Ρ
975 976 1067 1006 recita

178 1021 269 1050 istam
284 1020 543 1061 restipulationem
558 1019 675 1050 clarius.
699 1019 845 1057 Attende,
857 1029 969 1059 quaeso,
984 1019 1066 1049 Piso.

181 1063 336 1094 Fannium
346 1063 488 1101 invitum,
503 1069 532 1093 et
546 1062 606 1092 huc
618 1068 708 1103 atque
720 1062 793 1092 illuc
808 1062 1066 1102 tergiversantem,

180 1106 389 1137 testimonium
406 1112 509 1137 contra
524 1116 554 1136 se
569 1105 666 1135 dicere
682 1115 764 1145 cogo.
788 1104 873 1142 Quid
885 1104 966 1134 enim
981 1104 1066 1134 resti-

179 1149 296 1191 pulatio
311 1150 446 1180 clamat?
472 1152 493 1167 ‘⁶
507 1148 600 1186 Quod
615 1159 633 1178 a
649 1148 754 1178 Flavio
770 1148 932 1185 abstulero,
949 1153 1066 1189 partem

181 1192 341 1223 dimidiam
356 1192 427 1222 inde
439 1192 549 1223 Roscio
561 1201 610 1222 me
625 1191 795 1222 soluturum
807 1190 971 1232 spondeo.'‘
995 1190 1068 1220 Tua

183 1245 243 1266 vox
259 1242 313 1272 est,
332 1235 440 1265 Fanni.

224 1278 310 1315 Quid
327 1284 359 1308 tu
382 1278 498 1308 auferre
513 1284 597 1319 potes
617 1288 636 1307 a
656 1276 774 1314 Flavio,
800 1276 824 1307 si
845 1276 969 1306 Flavius
991 1275 1068 1306 nihil

180 1321 294 1351 debet?
317 1321 402 1359 Quid
415 1321 463 1352 hic
474 1332 562 1361 porro
578 1331 658 1350 nunc
674 1320 878 1360 restipulatur,
892 1319 974 1360 quod
987 1320 1069 1358 jam-

180 1364 297 1404 pridem
314 1364 377 1404 ipse
393 1364 518 1405 exegit?
542 1364 628 1401 Quid
643 1374 712 1393 vero
729 1363 852 1392 Flavius
868 1363 923 1392 tibi
942 1363 1068 1392 daturus

182 1415 238 1445 est,
249 1408 302 1448 qui
319 1407 428 1437 Roscio
443 1417 545 1445 omne,
558 1406 640 1447 quod
655 1406 770 1443 debuit,
782 1405 940 1435 dissolvit?
964 1416 1016 1435 cur
1036 1405 1068 1434 in

182 1460 213 1480 re
234 1456 297 1480 tam
318 1450 419 1487 veteri,
443 1450 474 1480 in
495 1450 615 1490 negotio
636 1455 699 1479 tam
719 1448 864 1485 confecto,
881 1449 911 1478 in
928 1448 1067 1478 societate

180 1492 336 1531 dissoluta,
352 1502 430 1523 nova
449 1493 514 1523 haec
534 1492 720 1533 restipulatio
740 1491 965 1532 interponitur?
989 1491 1069 1528 Quis

181 1542 226 1566 est
251 1535 344 1575 hujus
369 1535 604 1576 restipulationis
630 1535 779 1575 scriptor?
803 1534 910 1564 testis?
934 1533 1068 1563 arbiter?

181 1579 274 1620 quis?
299 1585 344 1615 tu,
370 1579 458 1608 Piso:
484 1584 517 1608 tu
544 1578 625 1608 enim
649 1578 689 1615 Q.
717 1577 861 1607 Roscium
887 1587 941 1617 pro
967 1576 1068 1617 opera,

180 1632 236 1663 pro
261 1621 374 1659 labore,
396 1621 479 1662 quod
500 1621 635 1661 cognitor
655 1621 770 1655 fuisset,
792 1619 874 1660 quod
895 1619 1068 1649 vadimonia

181 1665 304 1701 obisset,
321 1663 442 1705 rogasti,
458 1670 494 1694 ut
509 1664 627 1694 Fannio
647 1663 732 1693 daret
755 1663 811 1693 Hs
834 1670 998 1699 cccmoo,
1011 1662 1068 1692 hac

181 1707 362 1744 conditione,
380 1713 425 1744 ut,
442 1706 466 1737 si
481 1707 555 1748 quid
569 1706 621 1736 ille
636 1706 781 1746 exegisset
793 1716 810 1735 a
821 1705 937 1741 Flavio,
950 1711 1068 1745 partem

183 1750 248 1790 ejus
262 1749 421 1780 dimidiam
438 1749 547 1780 Roscio
562 1749 744 1779 dissolveret.
780 1748 898 1779 Satisne
912 1747 970 1778 ista
984 1747 1069 1778 resti-

183 1791 300 1834 pulatio
315 1792 412 1824 dicere
426 1792 482 1824 tibi
494 1792 611 1824 videtur
622 1797 734 1833 aperte,
752 1790 897 1823 Roscium
909 1801 964 1833 pro
976 1801 1006 1821 se
1018 1790 1069 1821 de«
