1181 1902
319 26 370 58 IN
395 26 591 58 VERREM
618 25 677 57 1v.
702 24 787 57 CAP.
812 26 863 61 57.
953 25 1017 56 343

126 117 156 141 to
171 111 256 142 istius
271 111 328 142 sibi
343 112 456 151 deberi,
473 119 625 154 quantum
639 112 691 142 1118
706 111 792 142 bonis
802 111 863 142 suis
874 111 1018 142 omnibus

123 154 238 185 efficere
253 165 313 185 non
328 162 436 196 posset.

167 197 244 227 Haec
268 205 313 234 tu,
336 198 455 229 tametsi
475 198 614 228 omnium
637 197 799 229 hominum
824 197 1017 228 dissolutissi-

124 250 193 270 mus
208 240 493 282 crudelissimusque
508 252 625 282 semper
634 241 729 277 fuisti,
743 247 844 272 tamen
856 250 1017 289 nunquam

124 291 321 324 perpeterere,
347 283 442 324 (quod
466 284 512 314 1111
533 284 664 325 gemitus
679 285 840 325 luctusque
855 283 1017 324 provinciae

124 326 163 356 ad
184 326 229 356 tui
249 327 354 367 capitis
374 327 546 375 periculum·
566 327 770 375 pertinebant)
786 337 859 362 non,
876 326 1015 367 inquam,

124 376 321 409 perpeterere,
338 377 372 400 ut
386 369 546 400 homines
538 370 658 409 injuriae
673 376 733 399 tuae
748 369 917 399 remedium
935 379 1017 399 mor-

125 418 154 441 te
174 422 209 442 ac
232 412 393 453 suspendio
416 419 595 453 quaererent,
617 413 675 442 nisi
691 423 726 442 ea
749 423 794 443 res
810 412 849 442 ad
864 418 1016 453 quaestum

125 461 154 485 et
170 454 208 484 ad
223 455 357 495 praedam
373 462 458 486 tuam
474 455 644 496 pertineret.

167 497 254 535 Quid
265 500 278 528 Ρ
295 498 372 529 iUud
383 506 570 539 perpeterere
579 499 594 528 ’ἓ
609 497 781 536 Attendite,
795 497 932 537 judices;
949 507 1016 528 om-

124 540 214 571 nibus
237 540 318 571 enim
343 542 441 572 nervis
455 541 532 571 mihi
547 540 791 572 contendendum
807 546 861 577 est,
878 546 969 580 atque
985 540 1016 570 in

125 583 181 613 hoc
195 583 410 622 laborandum,
427 590 462 614 ut
476 595 580 614 omnes
595 584 779 624 intelligant,
793 593 887 624 quam
903 583 1018 623 impro-

124 627 208 663 bam,
225 637 319 667 quam
334 627 540 664 manifestam,
557 638 650 668 quam
663 627 831 657 confessam
846 636 911 656 rem
926 636 1018 666 pecu-

124 669 175 699 nia
187 669 332 700 redimere
347 679 502 701 conentur.
537 670 637 701 Grave
653 670 766 700 crimen
783 676 826 699 est
841 669 910 706 hoc,
923 675 952 699 et
967 679 1018 699 ve-

123 711 261 761 hemens,
277 719 318 751 et,
328 720 396 754 post
410 713 573 744 hominum
588 713 781 748 memoriam,
795 712 970 752 judiciaque
980 712 1018 742 de

123 755 258 796 pecuniis
277 756 451 797 repetundis
470 757 644 805 constituta,
661 755 887 796 gravissimum,
908 761 1018 795 praeto-

122 808 186 829 rem
202 799 309 839 populi
325 800 459 830 Romani
474 800 567 830 socios
581 799 723 829 habuisse
738 798 930 829 decumanos.

168 841 278 872 LVII.
302 843 375 872 Non
391 843 448 873 hoc
463 853 545 873 nunc
560 843 695 883 primum
714 841 800 872 audit
822 841 958 882 privatus
981 840 1019 871 de

124 884 260 922 inimico,
277 895 345 916 reus
360 887 398 916 ab
420 892 609 917 accusatore:
632 886 698 924 jam
719 891 818 922 antea,
835 884 867 914 in
883 884 958 915 sella
973 894 1019 914 58-

123 927 197 958 (18115
211 934 331 969 praetor,
348 938 418 959 cum
430 928 617 970 provinciam
629 928 764 958 Siciliam
775 927 933 966 obtineret,
947 937 1019 958 cum

123 972 162 1001 ab
173 971 326 1008 omnibus,
334 981 395 1002 non
407 972 507 1002 solum
520 972 577 1009 (id,
591 971 673 1012 quod
685 981 848 1001 commune
858 977 914 1008 est)
928 980 1019 1012 prop-

122 1020 167 1043 ter
181 1014 356 1055 imperium,
373 1015 425 1045 sed
444 1015 536 1045 etiam
557 1015 614 1052 (id,
631 1014 714 1055 quod
728 1013 814 1044 istius
829 1014 1018 1055 praecipuum

124 1063 181 1095 est)
202 1063 324 1098 propter
343 1057 553 1088 crudelitatem
577 1063 774 1095 metueretur,
799 1056 911 1087 millies
931 1056 1020 1087 audi-

125 1099 180 1138 vit,
203 1110 273 1130 cum
290 1101 354 1139 ejus
369 1101 508 1131 animum
525 1100 564 1131 ad
579 1100 824 1142 persequendum
840 1109 902 1130 non
923 1099 1021 1140 negli-

123 1143 226 1183 gentia
249 1144 390 1181 tardaret,
407 1144 459 1174 sed
483 1144 663 1174 conscientia
687 1143 805 1174 sceleris
825 1143 1020 1184 avaritiaeque

123 1196 186 1216 suae
201 1186 372 1217 refrenaret.
397 1187 619 1228 Loquebantur
634 1187 716 1217 8111111
732 1186 893 1216 decumani
902 1186 1018 1226 palam,

122 1235 162 1266 et,
179 1236 287 1270 praeter
298 1236 430 1269 caeteros,
443 1230 468 1260 is
484 1230 538 1272 qui
549 1230 650 1271 apud
643 1236 734 1259 istum
752 1229 922 1270 plurimum
934 1235 1020 1270 pote-

122 1279 179 1309 rat,
197 1273 408 1314 maximosque
423 1283 510 1314 agros
530 1273 747 1314 populabatur,
764 1272 934 1313 Apronius,
951 1283 1020 1313 per-

123 1325 253 1355 parvum
279 1326 317 1346 ex
343 1317 403 1346 11115
428 1316 549 1365 magnis
575 1316 667 1346 lucn's
691 1315 730 1346 ad
754 1326 816 1345 sese
839 1315 1017 1357 pervenire;

123 1365 282 1398 praetorem
298 1369 361 1389 esse
384 1359 509 1390 socium.
543 1359 613 1390 Hoc
637 1369 708 1389 cum
729 1359 832 1400 palam
857 1358 1020 1389 decumani

122 1401 186 1431 tota
195 1402 351 1449 provincia
359 1403 567 1444 loquerentur,
582 1408 732 1443 tuumque
744 1411 854 1432 nomen
868 1402 899 1431 in
912 1412 944 1432 re
955 1407 1019 1431 tam

121 1445 204 1485 turpi
218 1445 395 1494 nefariaque
414 1446 656 1487 interponerent3
688 1445 803 1475 nihilne
819 1444 875 1475 tibi
890 1445 973 1475 venit
986 1444 1020 1474 in

120 1494 255 1518 mentem
271 1488 488 1519 existimationi
504 1496 564 1519 tuae
579 1488 760 1518 consulere?
794 1487 870 1518 nihi]
887 1488 1020 1536 denique

123 1530 215 1571 capiti
229 1541 264 1561 ac
279 1531 408 1562 fortunis
424 1532 484 1562 tuis
499 1531 675 1573 providere.
667 1533 681 1553 ⁹
714 1531 796 1561 Cum
821 1531 867 1561 tui
887 1530 1021 1561 nominis

121 1579 215 1604 terror
237 1574 270 1604 in
296 1575 420 1605 auribus
445 1575 617 1616 animisque
645 1580 799 1605 aratorum
830 1580 1018 1604 versaretur·
1009 1596 1018 1609 ,

123 1626 194 1648 cum
226 1616 388 1648 decumani
413 1618 593 1656 aratoribus,
622 1617 661 1647 ad
684 1617 836 1659 pactiones
856 1616 1020 1655 faciendas,

124 1669 185 1690 non
200 1670 288 1691 suam
309 1660 383 1699 vim,
399 1661 452 1691 sed
472 1667 561 1692 tuum
577 1660 673 1691 scelus
688 1670 722 1690 ac
742 1670 866 1698 nomen,
888 1669 1022 1701 oppone-

125 1711 212 1740 rent:
242 1703 357 1744 ecquod
372 1704 524 1744 judicium
543 1704 653 1735 Romae
667 1710 731 1734 tam
746 1703 941 1741 dissolutum,
958 1710 1021 1733 tam
