1181 1902
239 77 302 107 412
421 77 474 109 IN
496 77 693 109 VERREM
717 78 758 110 V.
783 78 866 110 CAP.
887 78 939 115 27.

232 162 399 202 stragulam
415 169 528 194 vestem
543 164 688 195 confecit:
712 165 787 195 nihi]
804 164 861 195 nisi
876 163 1032 205 conchylio
1044 162 1120 194 tine-

233 210 310 234 tum.
334 206 471 243 Attalus,
494 208 586 237 homo
603 208 792 248 pecuniosus,
812 208 906 243 Neti;
928 208 1019 248 Lyso,
1034 206 1120 247 Lily-

234 248 312 283 baei;
337 249 489 279 Critolaus
514 249 632 284 Ennae;
667 251 820 291 Syracusis
850 251 1001 287 AEschrio,
1033 250 1115 280 Cleo-

234 300 348 327 menes,
364 292 611 328 Theomnastus3
636 293 721 323 Elori
736 293 936 331 Archonides,
959 292 1118 332 Megistus.

236 333 307 363 Vox
322 344 372 364 me
392 334 479 364 citius
499 335 649 373 defecerit,
666 346 758 376 quam
780 336 912 366 nomina.
946 336 1015 375 Ipse
1030 335 1122 364 dabat

234 386 403 417 purpuram
422 384 553 415 tantum,
579 379 668 409 amici
692 389 805 419 operas,
826 379 932 409 credo:
954 379 1019 417 jam
1039 377 1122 407 enim

235 428 295 449 non
311 419 385 449 libet
400 420 503 450 omnia
518 421 668 451 criminari
681 432 688 450 z
714 422 799 462 quasi
815 422 871 451 hoc
886 421 962 451 mihi
977 430 1037 450 non
1053 419 1123 449 satis

236 462 274 492 sit
289 462 327 491 ad
343 463 467 499 crimen,
490 463 630 494 habuisse
654 470 716 495 tam
743 465 888 499 multum,
911 463 992 504 quod
1017 463 1122 497 daret;

237 505 365 535 voluisse
389 506 544 546 deportare
568 513 631 536 tam
655 508 769 542 multa;
793 508 849 537 hoc
875 506 1016 546 denique,
1042 504 1124 546 quod

237 547 383 585 concedit,
400 549 566 578 amicorum
582 550 679 590 operis
691 560 753 580 esse
767 550 797 579 in
814 549 1023 588 hujuscemodi
1035 549 1124 578 rebus

238 600 337 620 usum.
370 592 392 621 J
395 602 444 621 am
461 602 529 622 vero
544 592 634 622 lectos
650 598 764 629 aeratos,
788 599 817 623 et
836 592 1014 622 candelabra
1029 600 1123 628 aenea,

237 643 313 663 num
330 634 389 671 cui,
406 641 513 674 praeter
524 635 628 671 istum,
641 636 795 675 Syracusis
807 646 859 676 per
871 634 1035 665 triennium
1047 633 1126 663 facta

234 686 301 706 esse
321 677 520 707 existimatis?
554 678 697 715 Emebat,
720 678 815 708 credo.
851 678 910 708 Sed
933 683 1052 707 tantum
1073 686 1124 706 vos

238 719 386 757 certiores,
400 720 527 758 judices,
544 720 632 758 facio,
649 720 723 760 quid
738 721 794 750 iste
808 721 838 750 in
852 720 1005 760 provincia
1017 724 1127 759 praetor

238 762 344 801 egerit,
362 772 399 792 ne
414 762 463 792 cui
478 763 554 792 forte
570 763 700 792 nimium
711 763 865 803 negligens
875 763 965 793 fuisse
976 762 1125 798 videatur,

238 813 337 844 neque
358 815 388 834 se
408 805 489 843 satis,
507 815 576 835 cum
592 811 771 846 potestatem
786 805 935 844 habuerit,
951 804 1127 835 instruxisse

241 852 272 876 et
283 848 412 878 ornasse.

283 890 432 920 XXVII.
457 891 557 921 Venio
581 901 673 929 nunc,
695 901 756 921 non
775 892 839 930 jam
860 891 899 921 ad
918 890 1047 927 furtum,
1063 900 1125 921 non

240 932 280 961 ad
295 933 464 970 avaritiam,
481 943 542 964 non
565 934 603 964 ad
619 934 827 975 cupiditatem,
844 934 895 964 sed
911 934 1059 973 ejusmodi
1078 934 1124 963 fa-

239 975 337 1013 cinus,
363 976 394 1005 in
416 987 477 1017 quo
504 977 606 1007 omnia
627 977 741 1007 nefaria
765 977 909 1007 contineri
931 977 1008 1006 mihi
1034 983 1125 1017 atque

239 1018 335 1048 inesse
361 1019 538 1049 videantur:
572 1019 603 1049 in
630 1030 690 1061 quo
716 1020 771 1050 Dii
796 1020 981 1050 immortales
1012 1019 1125 1057 violati,

239 1061 424 1092 existimatio
439 1068 530 1103 atque
545 1063 705 1093 auctoritas
725 1063 856 1093 nominis
871 1063 976 1103 populi
992 1062 1125 1092 Romani

240 1103 416 1143 imminuta,
445 1106 610 1145 hospitium
638 1105 800 1146 spoliatum
822 1116 856 1135 ac
879 1106 1045 1146 proditum,
1071 1106 1124 1135 ab·

239 1146 363 1177 alienati
379 1148 487 1178 scelere
499 1149 585 1178 istius
595 1159 612 1178 a
622 1149 708 1178 nobis
724 1159 828 1178 omnes
839 1159 923 1188 reges
938 1148 1123 1185 amicissimi,

241 1190 438 1231 nationesque
462 1202 530 1232 quae
551 1191 583 1221 in
605 1201 709 1221 eorum
733 1202 825 1231 regno
849 1202 882 1221 ac
907 1191 1019 1221 ditione
1045 1198 1125 1221 sunt.

242 1233 327 1263 Nam
344 1244 426 1273 reges
442 1234 547 1274 Syriae,
564 1234 641 1274 regis
655 1234 803 1264 Antiochi
822 1234 898 1264 filios
913 1244 1030 1274 pueros,
1047 1234 1127 1264 scitis

242 1276 354 1306 Romae
386 1286 483 1317 nuper
508 1277 619 1312 fuisse3
652 1277 706 1317 qui
735 1283 888 1314 venerant,
919 1287 980 1307 non
1006 1283 1128 1317 propter

242 1319 338 1359 Syriae
353 1329 482 1359 regnum
499 1323 584 1354 (nam
600 1320 631 1350 id
647 1320 709 1350 sine
723 1320 923 1350 controversia
938 1320 1125 1358 obtinebant,

242 1367 277 1391 ut
301 1373 319 1392 a
333 1368 418 1402 patre
433 1368 462 1392 et
482 1373 500 1392 a
515 1363 680 1401 majoribus
704 1369 903 1403 acceperant),
927 1363 977 1393 sed
999 1373 1127 1403 regnum

243 1405 374 1445 AEgypti
398 1405 437 1435 ad
457 1416 487 1435 se
508 1411 537 1435 et
557 1405 595 1435 ad
617 1406 756 1442 Selenen,
781 1412 909 1435 matrem
935 1416 1033 1442 suam,
1059 1416 1127 1446 per-

243 1447 338 1477 tinere
355 1448 587 1478 arbitrabantur.
612 1449 657 1478 Hi
678 1448 735 1489 ipsi
755 1454 962 1489 posteaquam,
985 1449 1128 1489 tempori-

243 1491 301 1520 bus
311 1490 483 1530 reipublicae
496 1491 621 1527 exclusi,
635 1502 687 1532 per
697 1497 835 1521 senatum
847 1502 934 1531 agere
946 1502 1014 1531 quae
1027 1492 1130 1521 volue-

242 1539 324 1568 rant,
341 1543 400 1563 non
417 1540 591 1574 potuerunt,
602 1534 633 1563 in
649 1534 780 1575 Syriam,
796 1534 827 1563 in
843 1544 969 1573 regnum
982 1534 1127 1574 patrium,

243 1576 369 1617 profecti
390 1583 469 1606 sunt.
494 1577 611 1606 Eorum
627 1577 713 1613 alter,
733 1577 786 1617 qui
807 1577 978 1606 Antiochus
994 1583 1129 1615 vocatur,

244 1619 301 1649 iter
321 1630 373 1659 per
389 1619 523 1649 Siciliam
539 1620 635 1650 facere
651 1620 755 1650 voluit.
780 1620 900 1660 Itaque,
916 1620 972 1649 isto
992 1625 1129 1660 praetore,

247 1662 329 1692 venit
346 1664 517 1702 Syracusas.

289 1705 353 1735 Hic
380 1705 489 1735 Verres
511 1705 717 1736 haereditatem
741 1705 798 1735 sibi
824 1705 939 1735 venisse
970 1705 1132 1736 arbitratus

243 1753 299 1785 est,
317 1747 398 1789 quod
413 1747 444 1778 in
457 1748 521 1787 ejus
537 1758 665 1788 regnum
681 1759 715 1779 ac
730 1758 839 1779 manus
851 1754 971 1779 venerat
986 1748 1021 1785 is,
1039 1758 1131 1790 quem
