1181 1902
208 135 261 169 IN
284 137 527 170 CAECILIUM
550 138 699 171 DIVIN.
723 139 808 171 CAP.
825 140 856 172 9.
924 136 987 175 117

93 222 232 263 tantiam,
262 230 298 255 ut
326 224 451 256 meliore
480 231 510 256 et
537 225 706 257 honestiore
734 226 906 258 conditione
935 225 985 264 sit,

91 276 185 306 quam
209 267 271 308 quiz
295 268 359 308 ipse
377 278 439 298 esse
458 268 545 305 vult,
537 279 545 287 ·
569 274 604 299 ut
618 269 755 299 imitetur
770 269 909 300 homines
924 279 986 308 eos,

86 319 162 350 quos
178 310 241 351 ipse
254 310 329 341 vidit
344 311 558 352 amplissimos,
576 312 614 342 L.
633 313 777 343 Crassum
799 318 828 343 et
847 312 896 343 M.
914 314 986 343 An-

86 352 218 391 tonium,
242 354 296 394 qui
320 354 397 384 nihil
418 365 449 384 se
469 355 696 385 arbitrabantur
718 355 757 385 ad
776 356 893 394 judicia
915 366 987 386 cau-

87 404 195 436 sasque
214 396 393 434 amicorum,
414 404 523 438 praeter
538 398 630 428 fidem
647 404 675 428 et
689 398 861 439 ingenium,
881 398 988 429 afferre

85 445 232 488 oportere.
251 440 339 470 Nihil
351 440 418 478 erit,
430 441 524 481 quod,
532 451 582 471 me
592 447 710 482 agente,
718 441 891 479 arbitretur,
900 442 985 481 judi-

85 480 168 511 cium
187 482 250 513 sine
262 493 374 523 magno
387 485 554 514 multorum
567 484 701 524 periculo
716 495 804 525 posse
819 485 985 526 corrumpi.

127 524 209 565 Ego,
232 526 264 556 in
284 526 341 556 1100
358 527 484 566 judicio,
506 527 583 557 mihi
602 527 775 558 Siculorum
795 538 918 557 causam
939 538 986 558 re-

83 574 215 608 ceptam,
239 569 345 610 populi
359 569 492 600 Romani
508 579 688 611 susceptam,
706 581 768 600 esse
783 570 932 606 111-11111·οη
951 576 985 600 ut

85 611 163 641 mihi
178 621 239 641 non
258 622 338 643 unus
353 613 446 643 homo
461 613 618 654 improbus
632 613 852 654 opprimendus
872 613 910 643 sit
926 613 983 651 (id,

85 654 168 694 quod
182 654 278 685 Siculi
293 656 490 696 petiverunt),
512 656 563 686 sed
584 657 709 687 omnino
729 656 909 697 improbitas
925 656 982 694 (id,

83 696 167 738 quod
178 698 309 739 populus
319 699 479 729 Romanus
488 699 608 739 jamdiu
620 699 750 740 flagitat)
761 699 983 748 exstinguenda

82 745 174 781 atque
189 741 318 772 delenda
333 742 379 773 sit.
414 743 452 772 In
468 753 529 783 quo
551 753 605 783 ego
627 743 702 783 quid
725 742 808 779 eniti,
832 748 886 772 aut
905 742 982 784 quid

82 783 197 814 efficere
211 785 335 825 possim,
349 785 474 815 maloin
486 786 616 816 aliorum
628 795 680 827 spe
690 786 871 827 relinquere,
884 796 979 828 quam

81 825 114 856 in
129 827 263 858 oratione
277 828 347 858 mea
361 838 481 869 ponere.

123 869 176 900 Tu
201 881 281 910 vero,
307 871 421 910 Caecih',
443 871 518 913 quid
537 872 644 913 potes?
667 883 729 913 quo
752 878 898 913 tempore,
922 878 977 903 aut

78 913 142 954 qua
162 913 193 943 in
213 924 256 952 re,
277 925 338 945 non
359 915 450 945 modo
470 916 621 956 specimen
641 915 754 946 caeteris
774 915 898 956 aliquod
922 915 976 946 de-

76 956 158 995 disti,
176 957 227 987 sed
243 964 307 988 tute
323 958 367 989 tui
382 958 551 999 periculum
566 959 660 989 fecisti
673 961 686 989 Ρ
712 959 750 988 Ι11
767 965 901 989 mentem
917 959 974 989 tibi

76 1008 138 1030 non
159 1000 252 1038 venit,
276 1002 350 1042 quid
370 1002 483 1042 negotii
503 1002 541 1032 sit
562 1012 683 1032 causam
704 1001 859 1042 publicam
883 1001 974 1032 susti-

77 1044 173 1074 nere?
190 1044 283 1074 vitam
299 1045 421 1076 alterius
433 1050 527 1075 totam
540 1045 688 1085 explicare
698 1045 712 1074 ?
728 1051 819 1086 atque
831 1055 898 1075 eam
910 1054 972 1075 non

76 1086 170 1116 modo
190 1086 222 1116 in
242 1087 351 1118 animis
369 1088 522 1128 judicum,
543 1088 593 1118 sed
614 1089 704 1118 etiam
729 1089 760 1118 in
785 1088 880 1118 0011115
901 1098 972 1118 0011-

75 1135 241 1170 spectuque
267 1131 418 1169 omnium,
446 1131 619 1172 exponere?
651 1131 799 1161 sociorum
830 1131 970 1169 salutem,

76 1173 237 1203 commoda
256 1174 492 1214 provinciarum,
515 1174 577 1205 vim
592 1174 708 1215 legum,
730 1173 908 1215 gravitatem
921 1175 973 1215 ju-

75 1215 235 1254 diciorum,
253 1217 412 1248 defendere
424 1219 438 1248 ?

119 1259 179 1289 IX.
204 1260 359 1300 Cognosce
374 1271 411 1291 ex
427 1271 476 1291 me
492 1261 650 1302 (quoniam
665 1260 722 1291 1100
737 1260 872 1301 primum
888 1265 967 1290 tem-

74 1312 132 1342 pus
144 1302 277 1332 discendi
292 1309 398 1335 nactus
413 1310 470 1342 es),
487 1315 581 1345 quam
596 1304 695 1334 multa
710 1314 772 1334 esse
786 1309 922 1344 oporteat
936 1304 969 1333 111

73 1355 108 1375 00
124 1346 178 1386 qui
190 1346 319 1376 alterum
335 1354 489 1378 acccuset.
511 1358 547 1377 ex
566 1347 677 1395 quibus
693 1347 718 1377 si
733 1357 831 1376 unum
844 1346 969 1387 aliquod

72 1387 105 1417 in
126 1394 156 1419 te
177 1390 369 1429 cognoveris;
394 1401 449 1431 ego
465 1391 531 1430 jam
552 1390 629 1420 tibi
622 1401 685 1431 ipse
700 1390 788 1427 istuc,
812 1389 894 1438 quod
916 1400 970 1419 ex-

72 1431 162 1472 petis,
183 1442 253 1462 11103
273 1433 429 1464 voluntate
444 1433 618 1464 concedam.
657 1433 798 1463 Primum
814 1433 898 1472 inteo
899 1432 971 1462 rita-

72 1480 136 1505 tem
152 1481 243 1516 atque
257 1476 462 1507 innocentiam
477 1477 674 1517 singularem.
710 1475 799 1506 Nihil
815 1482 859 1505 est
875 1486 910 1505 en
903 1476 969 1514 iim,

72 1518 155 1559 quod
170 1518 273 1549 minus
294 1519 453 1550 ferendum
469 1520 518 1568 sit,
540 1530 633 1561 quam
649 1519 797 1549 rationem
817 1520 855 1548 ab
877 1519 971 1549 altero

75 1561 146 1591 vitae
171 1572 324 1602 reposcere
350 1573 433 1600 eum,
461 1562 515 1604 qui
544 1573 606 1593 non
630 1562 723 1603 possit
749 1572 811 1592 suae
836 1561 970 1592 reddere.

73 1603 138 1634 Hic
159 1614 215 1645 ego
236 1605 273 1635 de
294 1611 323 1635 te
343 1606 433 1646 plura
453 1616 514 1636 non
530 1605 650 1636 dicam:
675 1615 773 1635 unum
789 1604 867 1634 illud
882 1605 970 1635 credo

73 1657 178 1678 omnes
176 1630 336 1679 ‘'animadv
338 1655 453 1687 ertere,.
464 1655 494 1679 te
512 1649 612 1679 adhuc
627 1650 665 1679 ab
681 1648 786 1683 nullis,
809 1648 868 1677 nisi
888 1658 906 1678 a
921 1648 970 1678 Si-

72 1690 159 1728 culis,
183 1691 314 1731 potuisse
340 1693 499 1732 cognosci:
534 1692 652 1722 Siculos
677 1691 734 1722 hoc
760 1691 869 1727 dicere,
896 1701 970 1721 cum

71 1733 171 1764 eidem
191 1734 251 1764 sint
270 1734 350 1774 irati,
372 1736 422 1766 cui
442 1742 476 1766 tu
491 1741 520 1765 te
535 1735 694 1765 inimicum
716 1745 778 1765 esse
799 1734 884 1769 (11015,
907 1744 970 1764 5050

71 1781 185 1816 tamen,
202 1782 231 1808 te
246 1784 355 1818 acwre,
371 1778 410 1810 ad
422 1778 575 1820 judicium
594 1788 656 1809 non
670 1778 827 1810 affuturos.
860 1776 966 1815 Quare
