1181 1902
229 135 281 167 IN
305 134 503 166 VERREM
529 135 595 166 111.
619 136 703 167 Cu.
730 135 784 171 73.
892 135 954 166 281

58 222 161 253 literas
171 227 301 252 remotas
311 232 374 252 esse
387 222 424 252 de
439 222 558 258 medio,
583 221 701 252 decreto
714 221 864 252 sociorum
877 231 964 262 erep-

62 272 94 296 ta
121 264 198 295 mihi
219 275 280 295 esse
296 265 382 295 istius
397 265 508 295 indicia
528 276 562 295 ac
586 266 776 295 monimenta
796 265 964 294 furtorum.

63 309 133 339 Aut
148 308 205 338 hoc
220 308 381 338 contendat
396 318 557 348 nunquam
574 318 637 339 esse
652 309 780 345 factum,
794 315 848 337 aut
859 307 964 337 omnia

65 352 126 382 tela
144 351 286 392 excipiat,
308 361 425 382 necesse
441 358 493 382 est.
520 352 623 392 Negas
639 362 702 381 esse
726 352 865 381 factum?
890 351 963 380 Pla-

65 401 112 426 cet
127 394 204 424 mihi
219 394 276 424 ista
290 394 441 430 dcfensio3
466 394 631 424 descendo:
657 405 744 434 aequa
760 394 842 424 enim
859 393 964 423 condi-

65 438 119 474 tio,
137 448 260 478 aequum
276 444 439 475 certamen,
456 437 645 478 proponitur.
672 437 845 467 Producam
860 442 962 474 testes,

65 487 94 511 et
109 481 275 522 producam
290 481 392 521 plures
407 480 513 511 eodem
529 487 674 521 tempore.
698 480 856 517 Quoniam
882 486 962 517 tum,

65 534 136 554 cum
152 530 255 554 actum
270 530 326 561 est,
343 524 406 554 unzi
421 524 557 559 fuerunt,
574 534 656 554 nunc
671 534 794 564 quoque
809 521 871 553 unzi
892 523 963 552 sint.

67 568 149 597 (jum
165 567 443 607 interrogabantur,
460 567 634 607 obligentur
649 576 709 596 non
723 567 822 596 solum
836 566 965 605 jurisju-

66 609 154 640 randi
177 615 269 650 atque
292 610 523 640 existimationis
539 610 684 651 periculo,
701 609 752 639 sed
768 609 860 639 etiam
881 619 965 638 com-

66 653 154 683 muni
174 653 253 683 inter
276 663 307 683 se
333 653 523 684 conscientia.
558 653 591 683 si
609 654 739 693 planum
766 652 810 689 fit,
834 652 891 681 hoc
911 652 965 689 ita,

67 696 330 737 quemadmodum
348 696 426 733 dico,
449 707 511 726 esse
529 696 666 731 factum;
690 706 768 725 num
783 695 895 736 poteris
918 695 966 724 di-

66 750 144 776 cere,
163 739 320 776 Hortensi,
338 739 416 769 nihil
428 740 459 769 in
476 740 539 769 istis
555 739 647 769 fuisse
662 739 768 775 literis,
785 738 868 778 quod
885 738 965 768 Ver-

67 793 132 812 rem
156 782 302 813 laederet?
328 783 400 812 Non
420 783 511 813 modo
526 782 558 812 id
573 793 634 812 non
650 782 729 812 dices
742 793 751 817 3
772 781 822 811 sed
836 791 874 811 ne
889 780 968 810 illud

69 825 195 866 quidem
211 826 266 856 tibi
285 825 384 856 dicere
400 826 513 864 licebit,
532 832 664 863 tantum,
681 831 832 866 quantum
849 835 905 864 ego
920 823 968 853 di-

68 879 147 905 cam,
165 879 226 899 non
247 869 348 899 fuisse.
374 869 458 909 Ergo
474 870 541 905 hoc,
560 875 657 899 vestro
673 868 797 898 consilio
813 873 842 897 et
856 866 966 907 gratia,

68 912 247 953 perfecistis,
270 919 305 943 ut
330 912 606 953 (quemadmodum
632 912 725 952 paulo
748 918 817 941 ante
833 910 911 947 dixi)
937 916 967 940 et

69 955 147 985 mihi
163 966 285 986 summa
305 955 432 986 facultas
447 956 486 986 ad
501 955 706 986 accusandum
722 954 856 991 daretur,
874 960 903 984 et
915 954 968 993 ju-

69 998 187 1028 dicibus
199 999 294 1029 libera
309 1005 439 1039 potestas
455 999 494 1029 ad
510 998 703 1029 credendum.

115 1041 279 1072 LXXIII.
304 1042 397 1080 Quod
414 1053 483 1072 cum
500 1042 542 1072 ita
557 1042 606 1078 sit,
626 1041 705 1071 nihil
720 1041 836 1081 fingam
853 1046 967 1070 tamen.

70 1085 256 1123 Meminero,
269 1095 319 1115 me
342 1095 403 1115 non
428 1085 580 1123 sumsisse,
600 1094 692 1125 quem
716 1093 899 1119 accusarem,
918 1083 969 1113 sed

71 1128 227 1169 recepisse,
245 1139 320 1169 quos
336 1128 545 1158 defenderem:
572 1138 624 1158 vos
640 1138 678 1157 ex
693 1138 743 1157 me
759 1137 892 1163 causam,
907 1136 969 1157 non

69 1182 147 1202 ame
161 1172 322 1212 prolatam,
340 1172 391 1202 sed
401 1171 439 1201 ad
455 1182 504 1202 me
519 1171 663 1208 delatam,
681 1170 785 1200 audire
809 1175 965 1210 oportere:

68 1225 119 1245 me
132 1215 241 1245 Siculis
251 1215 320 1246 satis
331 1225 394 1245 esse
408 1215 573 1250 facturum,
591 1214 626 1251 si,
644 1225 713 1254 quae
729 1213 857 1253 cognovi
871 1213 903 1242 in
920 1213 969 1243 Si-

69 1258 150 1296 cilia,
165 1269 235 1298 quae
250 1259 351 1299 accepi
366 1260 404 1288 ab
420 1258 503 1298 ipsis,
528 1258 690 1298 diligenter
706 1266 889 1297 exposuero:
914 1267 970 1296 po-

69 1301 144 1342 pulo
175 1302 328 1339 Romano,
354 1302 378 1332 si
399 1302 514 1331 nullius
543 1301 617 1339 vim,
649 1300 764 1330 nullius
788 1299 967 1340 potentiam,

71 1344 256 1385 pertimuero
270 1357 277 1374 ε
302 1345 399 1381 vobis,
422 1345 446 1374 si
461 1345 637 1374 facultatem
654 1354 721 1374 vere
741 1349 833 1383 atque
845 1343 970 1373 honeste

68 1387 230 1427 judicandi
256 1387 315 1418 fide
337 1394 366 1418 et
381 1388 539 1428 diligentia
554 1388 623 1417 mea
639 1387 751 1417 fecero:
776 1385 928 1423 mihimet,
946 1385 971 1416 si

69 1440 109 1460 ne
120 1431 286 1461 minimum
303 1431 427 1472 quidem
443 1431 480 1461 de
496 1441 530 1461 eo
543 1431 693 1460 curriculo
705 1430 786 1467 vitae,
799 1429 882 1470 quod
892 1429 970 1459 mihi

71 1483 191 1514 semper
200 1475 389 1515 propositum
401 1474 471 1511 fuit,
484 1474 645 1504 decessero.

114 1518 323 1558 Quapropter,
340 1517 416 1547 nihil
432 1524 487 1553 est,
505 1518 587 1558 quod
603 1522 734 1555 metuas,
751 1526 790 1546 ne
806 1513 881 1557 quid
893 1515 924 1545 in
942 1520 971 1545 te

70 1560 262 1600 confingam:
287 1560 379 1590 etiam
399 1560 482 1601 quod
497 1561 608 1597 laetere,
622 1560 725 1590 habes.
749 1559 856 1589 Multa
872 1559 966 1595 enim,

76 1613 145 1644 quae
170 1603 229 1633 scio
250 1605 304 1634 abs
325 1609 354 1633 te
378 1614 440 1634 esse
465 1604 636 1640 commissa,
658 1603 741 1644 quod
765 1608 819 1632 aut
838 1602 972 1631 nimium

75 1646 177 1687 turpia
214 1653 267 1677 aut
292 1657 403 1688 parum
432 1647 588 1677 credibilia
617 1653 698 1685 sunt,
729 1645 971 1687 praetermittam.

77 1689 216 1719 Tantum
229 1700 319 1730 agam
335 1690 372 1720 de
387 1690 444 1720 hoc
459 1696 521 1720 toto
532 1690 654 1720 nomine
667 1689 824 1720 societatis.
849 1689 893 1719 Ut
906 1689 973 1727 jam

76 1732 151 1763 scire
171 1733 277 1774 possis,
302 1744 449 1774 quaeram,
467 1734 660 1764 decretumne
681 1734 728 1763 sit.
745 1732 826 1763 Cum
843 1731 874 1761 id
890 1731 974 1760 inve-

74 1784 158 1815 nero,
184 1787 332 1817 quaeram,
348 1784 512 1808 remotaene
541 1777 602 1807 sint
616 1777 720 1807 literae.
758 1775 839 1805 Cum
855 1774 885 1804 id
902 1784 979 1815 quo-

75 1828 138 1860 que
153 1820 313 1859 constabit,
333 1831 385 1852 ves
397 1821 476 1860 jam,
489 1831 540 1852 me
555 1820 657 1859 tacito,
674 1818 862 1860 intelligetis..
880 1817 905 1848 si
920 1817 978 1855 illi,

668 1864 687 1893 2
703 1871 723 1892 Β
740 1863 760 1892 3
