1181 1902
208 69 259 100 IN
283 68 525 102 CAECILIUM
549 68 700 101 DIVIN.
724 68 809 100 CAP.
822 68 875 99 21.
932 67 993 98 129

96 155 367 187 commemoratio?
389 156 542 188 Accusavi
558 166 641 195 eum,
657 156 706 187 cui
717 160 848 196 quaestor
859 153 991 191 fueram,

96 199 225 238 quicum
245 208 296 229 me
316 209 389 236 sorS,
411 199 657 240 consuetudoque
677 200 842 238 majorum,
866 197 995 238 quicum

97 250 148 273 me
158 241 297 272 Deorum
310 242 533 284 hominumque
540 242 691 282 judicium
702 243 901 281 conjunxerat
912 251 922 276 ς
939 249 991 276 an,

97 284 251 315 Accusavi
265 291 373 325 rogatu
389 286 537 316 sociorum
549 291 641 326 atque
652 285 820 315 amicorum
833 295 840 314 :
860 283 993 314 delectus

97 337 167 358 sum
183 329 221 358 ab
236 328 376 358 univers&
390 329 555 369 provincia,
569 329 623 369 qui
638 329 703 368 ejus
712 329 782 367 jura
796 327 994 366 fortunasque

97 369 315 402 defenderem?
338 370 490 403 Dubitare
512 372 676 413 quisquam
700 376 809 412 potest,
835 369 909 410 quin
936 368 993 398 ho-

98 413 213 444 nestius
229 414 277 451 sit,
301 424 406 444 eorum
422 415 523 452 causa,
547 415 629 455 apud
644 425 720 455 quos
741 418 872 454 quaestor
886 411 990 449 fueris,

100 466 194 497 quam
210 467 292 494 eum,
309 458 395 496 cujus
411 463 541 498 quaestor
556 458 660 495 fueris,
676 467 815 488 accusare
825 456 839 485 ’ἰ

142 499 309 530 Clarissimi
332 501 388 530 viri
411 507 521 531 nostrae
540 501 678 539 civitatis,
704 499 891 540 temporibus
913 497 993 538 opti-

97 541 168 580 mis,
191 542 248 573 hoc
271 543 328 574 sibi
343 544 566 584 amplissimum
581 543 883 584 pulcherrimumque
899 541 991 571 duce-

98 586 183 621 bant,
199 587 238 616 ab
253 585 421 627 hospitibus
437 587 656 628 clientibusque
672 586 744 624 suis,
758 587 796 615 ab
812 584 920 617 exteris
936 594 991 613 na-

95 628 240 667 tionibus,
263 640 332 670 quae
357 630 389 660 in
415 631 580 661 amicitiam
603 630 711 671 populi
737 628 873 661 Romani
899 627 990 657 ditio-

94 680 228 713 nemque
252 679 360 711 essent,
381 673 509 712 injurias
532 674 719 715 propulsare,
743 681 910 712 eorumque
929 670 991 700 for-

95 720 186 746 tunas
201 715 370 747 defendere.
393 716 442 747 M.
460 716 608 747 Catonem
623 717 712 747 illum
728 714 914 756 Sapientem,
927 713 991 743 cla-

95 757 249 788 rissimum
279 759 379 790 virum
409 766 439 790 et
466 760 749 800 prudentissimum,
783 768 853 788 cum
882 756 990 787 multis

95 811 200 842 graves
215 801 387 833 inimicitias
401 803 525 843 gessisse
539 803 720 844 accepimus,
736 807 859 842 propter
874 800 990 840 Hispa-

95 853 217 883 norum,
241 845 324 886 apud
349 856 425 885 quos
451 847 555 877 consul
575 847 684 883 fuerat,
708 845 844 884 injurias.
879 843 990 883 Nuper

95 887 153 918 Cn.
166 888 342 919 Domitium
357 890 468 920 scimus
479 889 521 920 D.
534 889 638 921 Silano
649 889 729 919 diem
746 888 856 918 dixisse
867 893 991 927 propter

94 931 186 979 unius
202 931 345 971 hominis,
361 932 560 974 Egritomari,
576 933 694 974 paterni
708 931 797 963 amici
812 937 903 971 atque
917 929 988 960 hos-

94 980 177 1015 pms,
193 974 329 1014 injurias.

137 1017 233 1048 XXI.
258 1019 369 1060 Neque
389 1020 471 1050 enim
491 1019 590 1060 magis
613 1019 730 1050 animos
750 1017 912 1049 hominum
932 1026 988 1047 noa

93 1060 226 1091 centium
242 1072 288 1092 res
303 1072 441 1103 unquam
457 1063 521 1093 ulla
535 1063 711 1100 commovit,
727 1072 821 1103 quam
836 1061 901 1091 haec
920 1070 988 1090 ma-

89 1103 193 1143 jorum
208 1106 403 1144 consuetudo,
416 1106 507 1146 longo
519 1106 677 1136 intervallo
688 1105 814 1145 repetita
826 1115 860 1135 ac
871 1103 965 1134 relata
975 1114 986 1140 ς

91 1146 240 1178 sociorum
256 1148 453 1189 querimoniae
473 1149 580 1180 delatae
598 1148 637 1179 ad
651 1148 808 1178 hominem
829 1157 890 1178 non
906 1147 987 1177 iner-

92 1189 254 1228 tissimum,
279 1198 423 1232 susceptae
439 1193 477 1223 ab
493 1202 538 1230 eo,
563 1192 616 1233 qui
632 1191 789 1222 videbatur
804 1200 909 1221 eorum
924 1189 987 1220 for-

92 1238 180 1264 tunas
201 1233 260 1265 fide
283 1234 501 1277 diligentiaque
525 1236 580 1265 sua
603 1245 689 1276 posse
713 1234 882 1265 defendere.
916 1233 987 1263 Hoc

90 1275 200 1306 timent
222 1277 379 1308 homines:
403 1278 460 1309 hoc
483 1279 640 1310 laborant:
664 1278 721 1308 hoc
741 1277 871 1315 institui,
895 1282 988 1317 atque

90 1318 164 1349 adeo
182 1320 357 1351 institutum
380 1321 483 1352 referri
503 1332 538 1352 ac
556 1321 704 1358 renovari,
729 1321 854 1351 moleste
873 1319 985 1349 ferunt.

88 1362 206 1394 Putant
215 1363 290 1402 fore,
302 1364 358 1402 uti,
373 1364 411 1399 (si
426 1364 576 1406 paulatim
587 1365 652 1395 haec
667 1363 853 1394 consuetudo
869 1372 986 1402 serpere

88 1416 124 1436 ac
137 1406 258 1447 prodire
273 1407 406 1448 coeperit)
425 1418 479 1448 per
497 1407 635 1438 homines
653 1406 877 1437 honestissimos
892 1406 987 1435 viros-

88 1459 149 1489 que
173 1449 362 1488 fortissimos,
390 1460 451 1481 non
478 1451 633 1491 imperitos
659 1449 908 1486 adolescentulos,
932 1454 986 1478 aut

88 1492 255 1523 illiusmodi
270 1493 532 1534 quadruplatoreS,
549 1494 629 1534 leges
648 1493 824 1533 judiciaque
839 1491 986 1522 adminis-

89 1541 217 1566 trentur.
250 1536 348 1576 Cujus
368 1537 594 1567 consuetudinis
618 1543 710 1577 atque
734 1535 864 1566 instituti
885 1541 986 1576 patres

88 1579 280 1620 majoresque
295 1586 411 1610 nostros
423 1590 483 1610 non
495 1580 660 1620 poenitebat
675 1586 753 1617 tum,
770 1589 841 1609 curn
854 1578 890 1608 P.
902 1578 986 1608 Len-

89 1621 184 1659 tulus,
207 1622 232 1652 is
258 1623 312 1664 qui
338 1623 477 1664 princeps
504 1625 623 1653 senatus
649 1622 720 1659 fuit,
749 1623 908 1652 accusabat
935 1620 985 1650 Μ’

89 1664 280 1706 Aquinium,
304 1666 506 1707 subscriptore
527 1666 562 1697 C.
576 1666 696 1696 Rutilio
717 1665 822 1700 Rufo,
847 1670 901 1694 aut
915 1673 987 1694 cum

90 1706 129 1738 P.
144 1708 324 1746 Africanus,
344 1709 438 1740 homo
460 1709 583 1746 virtute,
605 1709 740 1747 fortuna,
764 1706 871 1749 gloria,
897 1708 987 1737 rebus

90 1751 182 1791 gestis
195 1752 414 1794 amplissimuS,
435 1759 633 1794 posteaquam
648 1751 695 1783 bis
714 1751 820 1783 consul
841 1756 871 1782 et
885 1759 989 1781 censor
