1181 1902
264 56 316 88 IN
340 55 535 87 VERREM
558 55 599 87 V.
623 55 707 87 GAP.
734 55 760 86 1.
894 55 957 86 395

75 141 213 172 mediam
227 142 287 173 Lx
299 143 397 173 millia
411 148 492 173 emta
506 142 619 183 populo
632 141 773 173 Romano
787 141 858 172 dare
873 139 962 171 debe-

41 200 44 205 ·
78 186 163 221 bant,
177 191 206 215 et
220 186 374 216 solebant:
399 187 452 216 abs
468 192 496 216 te
517 186 579 215 solo
594 185 753 215 remissum
773 190 826 215 est.
842 185 964 224 Respu-

79 227 158 258 blica
172 228 387 258 detrimentum
403 228 482 265 fecit‚
499 228 582 269 quod
594 239 647 269 per
662 234 691 258 te
706 227 825 268 imperii
838 228 888 266 jus
902 225 965 256 unii

79 270 110 299 in
132 271 249 301 civitate
264 271 462 301 imminutum
478 277 537 301 est:
562 271 667 308 Siculi,
684 271 766 311 quod
780 271 836 300 hoc
851 279 911 300 non
926 269 965 299 de

78 314 199 344 summa
220 313 365 344 frumenti
389 314 556 344 detractum
581 320 635 351 est,
663 314 714 344 sed
738 313 917 343 translatum
932 312 965 342 in

79 356 292 397 Centuripinos
308 363 337 387 et
350 357 521 393 Halesin0s‚
535 357 687 386 immunes
698 357 844 398 populos;
868 361 898 386 et
908 355 966 385 hoc

78 399 147 439 plus
159 399 347 440 impositum,
361 410 453 440 quam
467 399 543 429 ferre
557 407 687 440 possent.

122 442 242 472 Navem
263 443 410 482 imperare
428 453 466 473 ex
480 442 590 472 foedere
605 442 754 472 debuisti:
778 440 918 472 remisisti
933 441 966 471 in

77 485 252 515 triennium.
285 485 420 515 Militem
442 485 563 515 nullum
579 495 717 526 unquam
737 484 897 525 poposcisti
911 494 965 524 per

79 533 123 558 tot
139 537 241 558 annos.
270 528 379 558 Fecisti
402 528 486 565 item,
509 528 555 558 uti
577 528 733 568 praedones
757 528 873 562 solent;
898 527 964 567 qui,

78 581 148 600 cum
165 580 340 601 communes
359 570 458 601 hostes
482 571 542 601 sint
563 570 714 609 omnium,
730 576 832 600 tamen
848 570 966 610 aliquos

77 613 134 643 sibi
159 613 321 644 instituunt
347 614 470 651 amicos,
495 614 607 654 quibus
628 623 688 643 non
714 613 805 644 modo
829 618 964 654 parcant,

78 666 184 686 verum
207 657 297 686 etiam
321 657 424 697 praedit
449 667 524 697 quos
545 662 686 697 augeant,
703 663 733 687 et
753 667 801 687 eos
816 655 963 693 maxime,

78 699 132 739 qui
155 699 267 729 habent
287 699 434 740 oppidum
460 706 629 740 opportuno
644 700 720 736 loco,
738 710 799 740 quo
815 709 892 739 saepe
912 697 966 728 ad-

77 742 211 772 eundum
228 742 265 772 sit
285 743 424 780 navibus,
441 752 661 783 nonnunquam
678 743 769 773 etiam
791 741 966 772 necessario,

122 785 164 815 X.
190 785 325 815 Phaselis
347 786 411 820 illa,
437 795 530 826 quam
555 785 633 826 cepit
657 786 693 815 P.
722 785 877 823 Servilius,
903 794 964 814 non

78 828 176 858 fuerat
191 830 262 858 urbs
286 835 355 858 ante
375 828 506 858 Cilicum
531 834 622 868 atque
642 828 840 869 praedonum:
876 827 966 868 Lycii

78 871 175 907 illam,
203 871 301 901 Graeci
324 871 473 907 homines,
495 871 675 901 incolebant.
700 871 771 908 Sed,
797 870 879 912 quod
902 876 966 900 erat

78 914 227 953 ejusmodi
250 915 326 951 loco,
350 920 440 955 atque
464 914 506 947 ita
529 915 663 955 projecta
685 914 718 944 in
742 914 851 951 altum,
878 920 913 944 ut
937 918 966 943 et

78 963 222 987 exeuntes
238 967 254 988 e
270 957 376 987 Cilicia
391 957 546 997 praedones
562 968 640 998 saepe
655 957 694 987 ad.
712 967 778 987 eam
802 956 967 987 necessario

77 1000 272 1035 devenirent3
298 1006 338 1037 et,
355 1010 424 1030 cum
437 1010 474 1030 ex
493 1000 573 1030 hisce
588 1011 618 1030 se
632 1000 704 1030 locis
724 1000 899 1041 reciperent,
917 1010 967 1030 eo-

78 1043 148 1073 dem
164 1043 370 1079 deferrentur;
395 1043 584 1073 adsciverunt
596 1043 671 1073 illud
689 1043 745 1073 sibi
760 1043 907 1084 oppidum
919 1042 967 1083 pi-

77 1092 160 1121 ratae,
182 1086 281 1127 primo
296 1086 485 1123 commercio,
502 1086 610 1116 deinde
625 1086 716 1116 etiam
732 1086 880 1116 societate.

122 1129 309 1159 Mamertina
324 1129 427 1159 civitas
439 1129 578 1169 improba
592 1137 680 1159 antea
691 1139 751 1159 non
768 1135 851 1159 erat:
876 1128 968 1159 etiam

80 1178 142 1202 erat
162 1172 284 1202 inimica
313 1172 542 1212 improborum;
567 1183 635 1213 quae
666 1172 701 1202 C.
730 1172 865 1209 Catonis,
885 1172 968 1202 illius

80 1215 133 1255 qui
148 1215 252 1245 consul
274 1215 343 1251 fuit7
362 1215 580 1255 impedimenta
595 1215 736 1246 retinuit:
766 1221 797 1245 at
812 1216 898 1254 cujus
913 1214 968 1244 ho-

79 1258 170 1288 minis
183 1260 196 1289 ?
220 1258 376 1288 clarissimi
388 1258 649 1299 potentissimique
663 1269 672 1293 ;
697 1258 751 1299 qui
766 1264 881 1295 tamen,
898 1267 970 1287 cum

79 1301 184 1331 consul
202 1301 317 1337 fuisset,
335 1301 553 1332 condemnatus
569 1308 620 1332 est.
647 1300 714 1340 [Ita
730 1301 764 1331 C.
782 1301 869 1338 Cato,
893 1300 970 1330 duo-

78 1354 147 1374 rum
163 1344 324 1374 hominum
341 1344 575 1374 clarissimorum
591 1354 695 1384 nepos7
713 1344 751 1374 L.
770 1343 860 1373 Pauli
875 1349 904 1373 et
919 1343 969 1373 Μ.

78 1387 213 1424 Catonis,
227 1393 255 1417 et
273 1388 307 1417 P.
321 1387 461 1417 Africani
477 1387 583 1417 sororis
596 1387 676 1417 filius
690 1388 716 1427 z]
741 1397 802 1427 quo
814 1386 969 1424 damnato,

79 1436 157 1466 tum,
174 1440 244 1460 cum
260 1441 361 1460 severa
373 1430 488 1469 judicia
505 1430 638 1466 fiebant;
664 1430 719 1460 Hs
742 1429 864 1460 XVIII
878 1429 972 1459 milli-

79 1474 137 1503 bus
151 1473 189 1503 lis
204 1473 352 1503 aestimata
368 1474 430 1503 est!
468 1473 552 1503 Huic
577 1472 757 1503 Mamertini
781 1472 849 1502 irati
875 1470 970 1513 [non]

80 1515 224 1551 fuerunt;
258 1516 311 1557 qui
337 1517 483 1555 majorem
500 1522 649 1553 sumtum,
666 1526 771 1556 quam,
788 1514 895 1556 quanti
910 1515 972 1545 Ca-

81 1559 160 1588 tonis
174 1559 212 1589 lis
228 1559 374 1589 aestimata
385 1565 440 1597 est,
456 1559 488 1588 in
501 1559 530 1589 T
532 1558 706 1590 imarchidis
717 1558 881 1600 prandium
893 1567 973 1599 saepe

81 1601 226 1632 fecerunt.

124 1644 242 1675 Verum
258 1645 323 1676 haec
334 1645 437 1676 civitas
452 1645 501 1675 isti
512 1644 648 1686 praedoni
659 1655 694 1676 ac
705 1644 810 1687 piratae
822 1642 975 1675 Siciliensi

83 1686 219 1718 Phaselis
237 1688 305 1718 fuit.
330 1689 403 1719 Huc
427 1688 531 1720 omnia
556 1688 692 1729 undique
717 1688 969 1729 deportabantun

80 1730 163 1770 apud
187 1730 258 1762 istos
280 1731 548 1773 relinquebantur:
573 1732 655 1773 quod
679 1731 769 1762 celari
792 1740 869 1772 opus
895 1735 969 1764 erat,
