1181 1902
252 83 304 114 IN
327 82 524 115 VERREM
555 83 601 114 11.
619 82 703 114 ΟΜ».
720 83 773 120 27.
894 85 953 122 179

109 167 258 200 XXVII.
282 169 431 201 Postridie
450 179 540 200 mane
563 168 701 201 homines
726 170 759 200 in
781 171 956 203 concionem

66 212 211 243 veniunt:
235 219 388 253 quaerunt,
405 213 479 254 quid
497 213 649 254 optimum
663 214 745 244 factu
761 214 817 244 sit:
847 225 902 255 pro
927 226 958 246 se

67 255 208 296 quisque,
220 261 256 285 ut
270 256 302 286 in
318 266 440 297 quoque
455 262 519 286 erat
532 255 716 286 auctoritatis
725 257 907 297 plurimum,
917 258 957 289 ad

68 299 219 339 populum
234 298 415 340 loquebatur
428 310 436 329 ε
460 299 602 329 inventus
617 305 661 328 est
675 309 777 337 nemo,
794 301 882 340 cujus
896 311 957 332 non

67 340 133 371 haec
148 347 178 371 et
193 342 340 372 sententia
355 348 429 372 esset
445 348 473 372 et
485 342 580 372 oratio
593 353 601 372 ι
627 344 650 373 5⁸
661 342 733 372 Non
750 353 812 373 esse
820 350 959 375 metuen-

69 383 157 422 dum,
174 384 199 415 si
220 384 306 415 istius
328 384 479 415 nefarium
502 385 598 415 scelus
621 384 823 425 Lampsaceni
847 387 906 416 ulti
929 389 960 418 vi

67 436 224 468 manuque
236 434 346 466 essent,
363 438 401 458 ne
415 433 536 458 senatus
550 428 742 468 populusque
758 429 918 460 Romanus
927 431 959 460 in

69 480 137 500 eam
160 470 309 501 civitatem
333 471 636 501 animadvertendum
658 477 788 511 putaret.
821 472 915 509 Quod
935 475 960 504 si

69 512 127 543 hoc
140 514 208 552 jure
223 514 314 554 legati
330 514 435 555 populi
451 514 585 544 Romani
600 514 632 543 in
651 514 754 544 socios>
765 515 961 557 nationesque

69 561 187 586 exteras
210 563 377 595 uterentur,
401 563 436 587 ut
458 557 637 598 pudicitiam
658 557 822 587 liberorum
846 568 963 590 servare

70 600 110 629 ab
137 609 242 630 eorum
266 600 392 630 libidine
416 605 515 630 tutam
535 610 595 630 non
618 600 741 636 liceret3
765 601 886 640 quidvis
900 612 963 634 esse

70 643 188 683 perpeti
197 643 301 681 satius,
319 653 412 684 quam
428 643 459 672 in
475 643 560 673 tanta
575 643 605 673 vi
620 648 711 683 atque
722 644 882 674 acerbitate
897 655 963 676 ver-

72 686 164 715 sari.’'
189 686 266 716 Haec
281 697 351 717 cum
367 696 472 716 omnes
487 686 641 723 sentirent,
658 692 687 716 et
703 696 773 716 cum
785 687 816 716 in
832 698 899 718 eam
914 699 963 719 ra-

72 728 187 759 tionem
202 739 258 770 pro
276 740 330 760 suo
346 730 475 771 quisque
490 739 577 760 sensu
593 739 628 759 ac
650 729 752 759 dolore
766 729 962 770 loqueretur-3

70 781 177 802 omnes
193 772 231 802 ad
243 782 310 803 eam
326 772 465 810 domum,
476 773 508 803 in
523 771 585 813 qua
598 772 654 802 iste
664 772 881 812 diversabatur,
894 785 964 815 pro-

72 815 144 845 fecti
167 820 257 846 sunt:
282 815 417 846 caedere'
406 825 534 855 januam
546 815 637 853 saxis,
653 815 764 846 instare
778 815 867 854 ferro,
880 818 966 858 ligna

73 863 104 888 et
121 864 273 889 sarmenta
296 859 517 896 circumdares
509 869 674 899 ignemque
699 859 846 898 subjicere
868 870 965 902 coepe-

72 907 154 931 runt.
178 901 208 932 T
210 912 264 931 um
279 902 357 932 cives
367 902 513 939 Romani,
530 901 585 942 qui
595 901 757 942 Lampsaci
769 903 966 950 negotiaban-

72 950 134 982 tur,
145 951 344 975 concurrunt.
361 951 449 975 orant
459 945 693 994 Lampsacenos,
704 950 740 974 ut
750 945 871 985 glavius
882 947 965 988 apud

72 997 123 1017 eos
146 997 257 1018 nomen
279 987 449 1028 legationis,
465 998 559 1029 quam
581 987 693 1027 injuria
717 987 821 1036 legati,
843 995 965 1029 putare-

72 1036 142 1061 tur.
167 1041 230 1060 sese
251 1030 419 1072 intelligere
442 1031 599 1061 hominem
618 1031 708 1060 illum
729 1041 792 1061 esse
806 1031 964 1073 impurum

73 1083 109 1104 ac
131 1073 303 1103 nefarium.
339 1074 402 1112 sed,
430 1074 576 1115 quoniam
597 1083 652 1104 nec
675 1073 857 1114 perfecisset,
881 1076 964 1117 quod

73 1122 199 1147 conatus
215 1122 300 1155 esset,
323 1126 423 1158 neque
443 1117 566 1147 futurus
581 1122 656 1147 esset
671 1116 835 1158 Lampsaci
849 1125 964 1159 postea,

73 1159 171 1190 levius
189 1170 294 1190 eorum
314 1166 473 1201 peccatum
493 1160 569 1198 fore,
585 1160 610 1190 si
625 1159 743 1190 homini
757 1161 898 1192 scelerato
912 1172 968 1204 pe..

73 1203 248 1244 percissent,
265 1213 359 1244 quam
374 1203 399 1234 si
413 1203 513 1243 legato
528 1213 589 1234 non
604 1202 814 1244 pepercissent.

117 1246 169 1277 Sic
191 1246 258 1285 iste,
274 1247 374 1276 multo
398 1246 566 1276 sceleratior
589 1252 619 1276 et
642 1246 780 1286 nequior,
796 1257 891 1288 quam
915 1248 967 1279 ille

74 1288 245 1328 Adrianus,
261 1289 418 1330 aliquanto
441 1289 533 1319 etiam
553 1289 667 1319 felicior
688 1289 757 1319 fuit.
790 1290 860 1329 flle,
884 1292 967 1332 quod

76 1333 142 1371 ejus
164 1332 321 1363 avaritiam
348 1333 426 1363 cives
450 1332 586 1362 Romani
605 1332 683 1362 ferre
707 1342 769 1363 non
791 1339 965 1374 potuerant,

77 1375 177 1406 Uticae
188 1375 271 1405 domi
283 1386 345 1406 suae
359 1375 446 1406 vivus
458 1381 583 1405 exustus
599 1380 643 1405 est
656 1386 664 1405 :
688 1375 780 1416 idque
794 1376 838 1406 ita
846 1377 892 1407 illi
901 1388 966 1408 me-

77 1418 135 1449 rito
149 1418 290 1449 accidisse
305 1418 513 1449 existimatum
528 1424 583 1456 est,
604 1423 639 1448 ut
653 1418 829 1449 laetarentur
848 1430 965 1460 omnes,

76 1471 177 1502 neque
198 1462 263 1492 ulla
282 1461 502 1492 animadversio
517 1461 767 1492 constitueretur:
792 1462 853 1501 hie,
871 1465 967 1495 socio-

76 1515 146 1535 rum
165 1506 323 1535 ambustus
338 1504 487 1541 incendio,
503 1510 607 1534 tamen
622 1515 660 1535 ex
679 1504 733 1535 illa
747 1505 874 1536 flamma
888 1508 968 1548 peri-

77 1548 207 1588 culoque
231 1548 380 1584 evolavit;
404 1558 503 1588 neque
524 1547 625 1578 adhuc
651 1558 772 1578 causam
797 1549 894 1580 ullam
915 1561 969 1581 ex-

77 1591 209 1631 cogitare
234 1591 344 1631 potuit,
370 1592 571 1632 quamobrem
598 1591 791 1629 commiserit,
817 1599 870 1622 aut
894 1593 970 1634 quid

78 1634 221 1670 evenerit,
232 1640 267 1664 ut
278 1634 309 1664 in
325 1640 445 1664 tantum
457 1634 628 1674 periculum
639 1634 762 1664 veniret.
798 1635 871 1665 Non
887 1637 970 1666 enim

76 1683 175 1718 potest
189 1677 307 1708 dicere:
333 1677 415 1708 Cum
431 1677 608 1707 seditionem
629 1677 732 1707 sedare
753 1678 876 1716 vellem,
897 1689 969 1710 cum

78 1720 269 1751 frumentum
295 1720 489 1761 imperarem,
515 1731 585 1751 cum
611 1720 798 1762 stipendium
820 1731 970 1762 cogerem,

75 1773 149 1794 cum
178 1763 296 1806 aliquid
323 1763 455 1805 denique
488 1763 663 1806 reipublicae
691 1763 783 1795 causa
812 1775 969 1806 gercrem;
