1181 1902
156 56 220 87 202
343 55 395 87 IN
418 55 616 88 VERREM
640 56 688 88 ΙΙ.
704 56 789 88 CAP.
805 52 860 87 50.

156 141 329 180 Romanus,
349 141 441 172 frater
467 153 630 183 germanus
653 142 695 180 Q.
712 142 833 180 Titinii,
853 140 964 181 judicis
985 138 1044 180 tui,

154 185 211 215 tibi
237 196 269 215 se
294 185 455 226 pecuniam
481 186 605 216 dedisse.
644 186 752 216 Recita
775 185 983 216 testimonium
1007 186 1044 216 C.

156 227 278 258 Fannii.
410 230 454 263 (F
455 231 542 258 annii
558 231 791 266 testimonium.)

199 271 304 301 Nolite
319 272 355 302 C.
380 271 499 302 Fannio
514 272 624 302 dicenti
642 272 779 302 credere:
805 271 878 309 noli,
903 271 1043 312 inquam,

153 319 198 350 tu,
217 314 257 352 Q.
275 314 385 353 Titini,
403 315 438 345 C.
457 315 586 354 Fannio,
608 315 693 345 fratri
715 321 779 352 tuo,
801 315 940 345 credere:
973 314 1046 344 dicit

153 357 236 387 enim
262 368 325 388 rem
348 358 574 388 incredibilem:
600 359 635 389 C.
653 358 781 388 Verrem
797 358 954 388 insimulat
974 367 1045 387 ava-

152 400 230 430 ritiae
246 407 275 430 et
290 401 443 437 audaciae;
468 412 536 442 quae
552 402 625 432 vitia
640 401 780 431 videntur
791 401 822 430 in
838 400 976 441 quemvis
991 410 1045 440 po-

152 443 225 480 tius,
243 454 336 484 quam
359 445 390 474 in
406 444 511 482 istum,
535 444 702 475 convenire.
736 444 826 474 Dixit
847 444 888 481 Q.
912 442 1043 481 Tadius,

152 485 246 516 homo
255 487 508 518 familiarissimus
524 488 617 528 patris
629 488 725 524 istius,
742 497 803 517 non
818 487 934 516 alienus
949 497 967 516 a
978 496 1045 515 ma-

151 529 205 559 tris
222 530 286 569 ejus
301 540 409 570 genere
430 536 459 560 et
475 531 612 561 nomine:
638 531 756 561 tabulas
776 529 913 571 protulit,
933 528 1045 570 quibus

152 573 315 612 pecuniam
325 584 355 603 se
371 573 487 604 dedisse
502 574 641 604 ostendit.
665 574 773 604 Recita
787 573 912 603 nomina
924 572 964 610 Q.
981 571 1046 602 Ta-

151 615 204 645 dii.
423 618 580 650 (IVomz'na
600 618 635 652 Q.
655 618 772 654 Tadii.)

150 658 260 689 Recita
275 659 483 690 testimonium
497 661 538 698 Q.
555 660 657 690 Tadii.

378 704 622 737 (Tus-timonium
641 704 676 739 Q.
699 704 816 739 Tadii.)

149 744 202 775 Ne
225 746 337 776 tabulis
361 746 486 787 quidem
511 746 552 784 Q.
579 747 682 784 Tadii,
702 757 757 776 nec
781 745 964 782 testimonio,
981 754 1044 775 cre-

148 787 238 818 detur
249 791 263 819 ?
296 789 382 826 Quid
398 789 491 829 igitur
506 789 537 819 in
550 790 672 828 judiciis
684 800 846 830 sequemur
857 789 871 817 '?
896 788 982 826 Quid
1001 792 1045 818 est

147 830 244 867 aliud,
262 832 404 862 omnibus
416 833 519 862 omnia
533 839 655 873 peccata
670 839 699 863 et
710 832 858 862 maleficia
872 831 1043 868 concedere,

148 874 207 904 nisi
223 875 291 912 hoc,
312 875 474 906 hominum
496 876 778 906 honestissimorum
802 874 992 913 testimoniis,
1017 880 1048 905 et

148 916 284 947 virorum
305 919 456 949 bonorum
472 919 595 956 tabulis,
609 929 669 949 non
686 918 804 949 credere
815 920 829 949 Ρ

192 960 279 990 Nam
303 962 378 1002 quid
405 972 461 1001 ego
485 962 523 992 de
545 962 722 1002 quotidiano
738 971 875 992 sermone
890 960 1042 1002 querimo-

147 1002 261 1044 niaque
287 1004 395 1045 populi
417 1005 552 1035 Romani
570 1006 702 1045 loquar?
726 1004 763 1034 de
778 1004 864 1034 istius
880 1004 1042 1044 impuden-

146 1046 262 1076 tissimo
274 1047 366 1085 furto,
381 1058 432 1078 seu
445 1048 546 1088 potius
561 1058 639 1078 novo
654 1058 689 1078 ac
704 1047 850 1088 singulari
859 1047 1014 1077 latrocinio
1026 1048 1041 1077 Ρ

145 1099 257 1119 ausum
273 1101 335 1120 esse
350 1091 381 1120 in
397 1090 461 1121 aede
480 1091 622 1127 Castoris,
646 1091 838 1121 celeberrimo
862 1090 1042 1120 clarissimo-

145 1143 206 1173 que
222 1134 421 1172 monimento,
439 1134 521 1175 quod
533 1134 684 1174 ternplum
699 1134 731 1163 in
743 1134 836 1163 oculis
848 1133 1041 1174 quotidiano-

145 1186 206 1216 que
222 1176 365 1217 adspectu
380 1177 487 1218 populi
503 1177 637 1207 Romani
653 1182 696 1206 est
710 1176 855 1217 positum,
872 1186 933 1217 quo
946 1186 1039 1216 saepe-

145 1227 273 1249 numero
294 1225 415 1250 senatus
431 1225 622 1257 convocatur,
639 1230 700 1260 quo
715 1219 921 1249 maximarum
936 1229 1039 1248 rerum

144 1261 398 1302 frequentissimae
423 1263 558 1303 quotidie
582 1262 790 1293 advocationes
816 1262 914 1298 fiunt;
947 1262 979 1291 in
1004 1271 1039 1292 eo

144 1304 222 1343 loco,
240 1305 271 1334 in
287 1316 424 1336 sermone
442 1306 615 1345 hominum,
632 1305 765 1336 audaciae
784 1316 846 1336 suae
866 1305 1039 1335 monimen-

144 1352 213 1376 tum
230 1354 377 1378 aeternum
393 1349 586 1389 relinquere?

189 1390 228 1420 L.
263 1391 377 1421 AEdem
405 1392 548 1430 Castoris,
572 1392 698 1430 judices,
725 1391 761 1422 P.
789 1391 905 1422 Junius
928 1391 1036 1421 habuit

145 1433 304 1470 tuendam,
324 1435 360 1464 IA-
379 1435 476 1472 Suu-22,
495 1435 535 1473 Q.
550 1435 689 1471 Metello,
703 1435 885 1465 consulibus.
911 1435 942 1464 Is
954 1444 1036 1464 mor-

144 1480 217 1506 tuus
233 1483 285 1506 est.
310 1478 450 1518 Reliquit
461 1478 615 1518 pupillum
631 1488 759 1518 parvum
770 1478 879 1508 filium.
903 1478 984 1507 Cum
995 1477 1034 1507 L.

146 1518 305 1557 Octavius,
317 1521 352 1550 C.
369 1521 528 1558 Aurelius,
545 1521 691 1557 consules,
709 1521 786 1551 aedes
801 1531 897 1551 sacras
910 1520 1036 1550 locavis-

144 1568 221 1599 sent,
238 1572 336 1603 neque
348 1564 516 1603 potuissent
531 1574 602 1594 oml.
605 1564 633 1594 ia
648 1570 726 1594 sarta
742 1570 819 1594 tecta
834 1564 965 1603 exigere,
983 1573 1035 1592 ne-

144 1614 205 1644 que
220 1605 241 1634 ii
257 1612 408 1645 praetores,
420 1606 532 1647 quibus
548 1613 610 1637 erat
625 1607 781 1647 negotium
796 1607 914 1643 datum,
929 1606 964 1636 C.
981 1606 1036 1635 Sa-

143 1647 247 1678 cerdos
257 1654 286 1678 et
302 1649 350 1679 M.
365 1650 502 1679 Caesius·
493 1673 502 1685 ‚
527 1649 642 1680 factum
659 1656 702 1679 est
713 1651 846 1680 senatus-
848 1649 1033 1684 consultum,

142 1689 256 1730 quibus
279 1691 317 1721 de
340 1692 425 1722 sartis
444 1692 528 1723 tectis
554 1693 709 1733 cognitum
733 1698 762 1723 et
780 1692 952 1730 judicatum
973 1701 1034 1720 non

140 1739 229 1771 esset,
246 1734 290 1764 uti
312 1735 348 1765 C.
373 1735 494 1774 Verres,
512 1736 548 1765 P.
565 1736 689 1775 Caelius,
711 1741 863 1777 praetores,
877 1743 1034 1775 cognosce-
