1181 1902
182 79 246 110 226
356 79 407 110 IN
431 79 627 111 VERREM
652 78 717 109 III.
742 78 825 110 CAP.
845 79 894 109 13.

183 165 248 196 cive
270 170 351 205 agat,
375 165 458 196 dorni
482 171 573 196 certet
598 165 659 195 suis
684 165 821 205 legibus:
847 164 929 205 quod
954 164 1073 195 Siculus

185 219 257 239 cum
278 209 381 238 Siculo
401 219 462 238 non
483 208 619 248 ejusdem
639 208 777 245 civitatis,
802 214 837 237 ut
856 208 892 238 de
913 218 948 237 eo
965 214 1074 248 praetor

181 251 309 290 judices,
326 262 363 281 ex
386 252 420 281 P.
436 252 555 292 Rupilii
575 251 692 281 decreto
712 251 807 292 (quod
822 251 846 281 is
861 251 898 280 de
913 251 1016 281 decem
1031 251 1074 280 le-

186 300 328 335 gatorum
341 295 488 324 sententia
503 295 616 331 statuit,
634 305 727 335 quam
743 295 841 334 legem
857 294 901 323 illi
917 293 1073 333 Rupiliam

185 344 317 375 vocant),
329 337 477 367 sortiatur.
502 337 595 376 Quod
611 338 745 378 privatus
761 348 778 366 a
792 337 905 377 populo
920 337 1006 377 petit,
1023 343 1075 366 aut

186 381 319 421 populus
343 391 360 410 a
384 380 519 421 privat0;
545 387 664 411 senatus
689 391 726 410 ex
749 380 851 420 aliqua
871 380 999 416 civitate,
1024 379 1077 419 qui

183 423 310 462 judicet,
334 423 433 461 datur,
458 434 528 454 cum
552 424 674 453 alternae
698 424 831 453 civitates
855 424 971 461 rejectae
995 428 1075 452 sunt.

188 466 282 503 Quod
302 466 374 496 civis
396 467 556 497 Romanus
577 477 595 496 a
616 467 718 497 Siculo
738 467 824 507 petit,
849 466 968 496 biculus
980 465 1075 504 judex

188 509 296 539 datur:
321 509 404 550 quod
419 510 538 540 Siculus
554 521 571 539 a
586 509 648 539 cive
666 510 818 547 Romano,
835 509 906 539 civis
919 509 1078 538 Romanus

188 552 298 582 datur:
323 559 498 582 caeterarum
520 563 622 583 rerum
644 553 742 583 selecti
755 552 871 591 judices
887 552 997 582 civium
1015 551 1079 581 Ro-

188 605 350 625 manorum
363 606 401 625 ex
413 603 561 626 conventu
578 596 705 636 proponi
721 596 825 625 solent.
852 595 935 624 Inter
951 601 1079 623 aratores

189 645 219 670 et
234 638 428 675 decumanos,
452 639 519 679 lege
542 639 751 676 frumentaria,
776 649 869 680 quam
885 637 1080 668 Hieronicam

190 682 357 722 appellant,
378 681 493 720 judicia
508 683 596 712 fiunt.

235 724 313 754 Haec
332 725 446 762 onmia,
470 725 526 755 isto
546 730 683 765 praetore,
707 734 768 755 non
784 724 874 755 modo
895 725 1081 764 perturbata,

191 767 244 798 sed
258 768 349 808 plane
367 773 396 797 et
412 768 520 798 Siculis
536 774 565 798 et
580 768 694 798 civibus
711 767 859 798 Romanis
873 773 975 807 erepta
990 772 1080 796 suntz

190 810 327 851 primum
344 821 405 840 suae
420 811 501 851 leges
514 822 522 846 ;
548 811 630 851 quod
645 811 717 840 civis
733 821 803 840 curn
819 811 881 840 cive
897 816 1008 850 ageret,
1031 814 1083 839 aut

192 863 264 883 eum
289 853 435 892 judicem,
460 864 552 894 quem
578 853 773 884 commodum
804 860 877 891 erat,
901 862 1081 893 praeconem,

191 896 395 936 haruspicem,
420 897 573 927 medicum
590 907 692 933 suum,
712 896 822 926 dabat:
848 902 911 934 aut,
929 896 953 925 si
968 896 1085 935 legibus

194 945 258 969 erat
275 939 425 978 judicium
447 941 657 977 constitutum,
681 946 710 970 et
731 940 768 969 ad
787 939 882 969 civem
899 949 989 968 suum
1003 938 1085 977 judi-

194 992 259 1012 cem
276 988 430 1019 venerant,
447 983 540 1013 libere
555 983 611 1013 civi
624 983 759 1022 judicare
775 993 835 1012 non
851 983 968 1012 licebat.
994 981 1086 1011 Edic-

195 1031 263 1055 tum
283 1025 364 1054 enim
380 1025 511 1055 hominis
527 1026 705 1066 cognoscite,
730 1036 790 1066 quo
811 1025 907 1056 edicto
922 1024 1024 1054 omnia
1036 1025 1087 1063 ju-

195 1068 274 1098 dicia
289 1068 442 1108 redegerat
456 1069 487 1098 in
505 1080 591 1099 suam
607 1075 783 1109 potestatem
796 1081 803 1098 :
830 1072 851 1085 ‘⁶
865 1068 898 1099 Si
913 1067 967 1108 qui
982 1077 1088 1107 perpe-

196 1121 262 1141 ram
280 1111 454 1150 judicasset,
472 1122 502 1142 se
517 1112 729 1152 cogniturum:
755 1122 824 1142 culn
841 1114 1007 1151 cognosset,
1024 1110 1088 1139 ani-

195 1153 460 1184 madversurum.”
482 1155 580 1195 quue
589 1166 658 1185 cum
669 1155 807 1190 faciebat,
818 1165 907 1185 nemo
918 1153 1088 1190 dubitabat,

198 1197 285 1237 quin,
310 1207 380 1227 cum
393 1197 490 1236 judex
510 1198 605 1228 alium
621 1198 658 1228 de
673 1209 727 1228 suo
740 1198 854 1237 judicio
870 1202 989 1237 putaret
1007 1195 1090 1235 judi-

200 1245 351 1277 caturum,
376 1251 467 1281 seque
490 1241 521 1270 in
545 1251 579 1271 eo
600 1241 704 1282 capitis
727 1241 896 1282 periculum
920 1240 1087 1276 aditurum,

200 1283 389 1313 voluntatem
415 1289 560 1323 spectaret
587 1285 663 1323 ejus,
687 1294 778 1324 quen]
804 1283 905 1314 statim
932 1282 969 1312 de
995 1282 1091 1322 capite

201 1336 257 1356 suo
283 1332 403 1366 putaret
426 1326 643 1365 judicaturum.
680 1327 787 1357 &electi
811 1337 826 1356 e
853 1332 1014 1361 conventu,
1037 1330 1090 1354 aut

202 1369 348 1409 propositi
361 1379 398 1398 ex
410 1369 656 1409 negotiatoribus,
666 1370 782 1408 judices
794 1369 881 1399 nulli.
907 1368 936 1398 H
943 1378 983 1398 aec
994 1367 1091 1408 copia,

204 1421 297 1452 quam
318 1411 396 1448 dico,
417 1412 568 1451 judicum,
591 1413 706 1449 cohors,
724 1422 783 1442 non
806 1413 846 1449 Q.
865 1411 1016 1448 Scaevolae,
1040 1410 1093 1451 qui

203 1460 307 1484 tamen
323 1454 359 1484 de
375 1455 494 1485 cohorte
509 1455 564 1485 sua
576 1455 646 1485 dare
661 1465 721 1485 non
737 1456 871 1491 solebat3
896 1454 947 1484 sed
963 1454 998 1484 C.
1016 1454 1093 1483 Ver-

203 1497 253 1527 ris.
278 1498 460 1535 eujusmodi
472 1499 624 1528 cohortem
640 1499 752 1539 putatis
763 1499 819 1528 hoc
831 1497 965 1538 principe
977 1496 1092 1526 fuisse?

205 1540 293 1570 sicuti
308 1540 414 1570 videtis
430 1541 561 1571 edictum
574 1553 581 1571 ε
608 1544 630 1559 “
644 1541 676 1572 si
692 1541 765 1582 quid
781 1550 937 1582 perperam
950 1539 1094 1578 judicarit

206 1583 358 1613 senatuS.‘’
382 1584 466 1613 Eum
483 1595 605 1625 quoque
620 1584 787 1621 ostendam,
813 1585 836 1614 si
853 1582 974 1624 quando
991 1583 1028 1612 sit
1043 1581 1095 1611 da-

207 1631 268 1663 tus,
291 1632 393 1656 coactu
410 1627 506 1663 istius,
531 1628 612 1668 quod
628 1638 687 1657 non
704 1627 838 1664 senserit,
852 1626 1011 1666 judicasse.
1043 1624 1095 1654 Ex

206 1668 273 1708 lege
289 1669 417 1709 Rupilii»
437 1670 550 1700 sortitio
571 1671 666 1706 nulla,
691 1671 748 1700 nisi
769 1680 839 1700 cum
861 1669 936 1699 nihil
956 1669 1097 1698 intererat

206 1710 303 1742 istius.
335 1712 419 1753 Lege
440 1712 603 1745 Hieronica
619 1713 733 1753 judicia
752 1713 955 1754 plurimarum
978 1716 1096 1741 contro-
