1181 1902
200 111 263 146 270
374 109 424 140 IN
449 109 645 140 VERREM
670 108 736 140 ΙΙΙ.
760 109 843 140 ΟΑΡ.
861 111 913 141 62.

209 203 266 232 tos,
283 195 477 226 invitissimos
487 195 656 226 contulisse.
681 195 789 233 Quid?
813 196 837 226 si
852 196 908 227 hoc
923 206 983 226 non
993 196 1107 235 dicant,

209 239 265 268 tibi
280 249 341 268 non
362 249 479 269 necesse
503 240 541 269 sit
561 239 619 280 ipsi
639 239 670 269 id
691 238 848 269 confiteri?
873 240 964 275 Vide,
986 245 1016 270 et
1036 251 1105 280 per-

213 282 304 322 spice,
322 281 382 322 quit
398 281 571 312 defensione
587 282 625 312 sis
637 292 763 312 usurus:
789 291 860 311 nam
876 282 1039 323 intelliges,
1051 282 1108 313 hoc

213 325 268 355 tibi
284 325 321 354 de
331 324 436 354 statuis
453 325 658 355 confitendum
674 335 745 354 esse.

257 367 348 397 LXI.
374 367 457 397 Mihi
479 368 560 398 enim
582 368 784 405 renuntiatur,
801 368 843 397 ita
858 368 999 398 constitui
1014 379 1032 398 a
1047 367 1107 398 tuis

213 410 359 451 patronis,
391 411 567 441 hominibus
592 410 767 451 ingeniosis,
796 421 919 440 causam
948 417 1044 448 tuam,
1077 416 1107 440 et

214 454 257 483 ita
276 464 325 483 eos
347 455 400 483 abs
417 460 445 483 te
465 453 582 484 institui
606 459 635 484 et
650 453 765 489 doceri,
790 459 825 482 ut
840 454 969 494 quisque
985 464 1022 484 ex
1037 464 1109 494 pro·

214 497 312 526 vinciit
328 496 435 527 ‚Sicih'a
450 497 569 537 gravior
583 496 676 526 homo
691 502 783 537 atque
800 496 953 526 honestior
973 496 1108 527 testimo-

215 539 302 569 nium
319 539 525 570 vehementius
541 540 661 577 dixerit,
679 539 765 569 sicuti
779 539 873 569 Siculi
888 539 979 569 multi
994 539 1108 580 prima-

214 583 252 612 rii
268 582 322 612 viri
338 583 437 612 multa
452 583 606 619 dixerunt,
624 589 653 612 te
668 582 770 612 statim
785 582 842 612 hoc
857 582 920 612 istis
936 582 995 612 tuis
1005 582 1108 612 defen-

213 625 329 655 soribus
345 626 451 663 dicere,
479 628 500 643 “
514 626 661 656 Inimicus
677 632 721 655 est
736 631 894 666 propterea
909 625 991 666 quod
1009 631 1109 655 arator

212 669 289 698 est.''
324 669 433 709 Itaque
448 679 510 699 uno
525 679 643 709 genere,
659 669 777 709 opinor,
794 668 1035 698 circumscribere
1055 668 1109 698 ha-

216 712 292 742 betis
304 711 335 741 in
352 712 454 742 animo
470 723 565 752 genus
580 712 636 741 hoc
651 718 815 747 aratorum,
829 711 911 752 quod
927 722 976 741 eos
991 711 1109 741 infenso

218 755 320 784 animo
336 761 427 795 atque
449 755 572 785 inimico
593 755 707 784 venisse
729 754 845 791 dicatis,
868 754 941 794 quia
961 754 1052 784 fuerit
1076 754 1108 784 in

218 797 353 827 decumis
378 798 433 828 iste
463 798 678 827 vehementior.
713 797 797 837 Ergo
822 804 962 834 aratores,
993 797 1109 826 inimici

217 851 333 877 omnes,
347 841 507 870 adversarii
517 847 602 871 sunt:
628 850 718 870 nemo
731 850 835 869 eorum
848 846 901 875 est,
913 840 987 880 quin
997 840 1110 880 perisse

217 890 247 914 te
270 884 381 924 cupiat.
406 884 544 914 Omnino
560 883 711 923 'praeclare
727 889 756 912 te
779 883 883 919 habes,
906 893 976 912 cum
992 883 1016 913 is
1032 883 1106 913 ordo

218 933 310 967 atque
325 926 356 956 id
371 937 466 967 genus
481 927 654 964 hominum,
672 925 754 967 quod
769 926 919 966 optimum
941 931 1033 966 atque
1054 926 1109 956 ho-

220 970 424 1000 nestissimum
451 976 506 1008 est,
531 980 548 999 a
572 980 633 1010 quo
659 979 720 999 uno
741 974 770 998 et
792 979 913 998 summa
937 969 1111 1009 reipublicae

220 1019 250 1043 et
268 1013 320 1042 ina
340 1013 494 1054 provincia
518 1012 652 1042 maxime
672 1012 852 1050 continetur,
874 1011 929 1042 tibi
950 1018 994 1041 est
1009 1011 1111 1041 inimi-

220 1066 386 1086 cissnnum.

263 1099 381 1129 Verum
397 1105 475 1129 esto:
501 1099 560 1129 alio
580 1099 645 1129 loco
661 1098 698 1129 de
719 1104 872 1128 aratorum
894 1098 996 1128 animo
1017 1103 1045 1128 et
1064 1098 1112 1128 in-

217 1142 305 1182 juriis
321 1142 431 1172 videro.
457 1143 489 1172 N
491 1152 561 1178 unc,
576 1142 658 1183 quod
673 1142 749 1172 mihi
762 1143 814 1171 abs
830 1148 858 1172 te
874 1141 974 1177 datur,
992 1141 1023 1170 id
1035 1141 1112 1171 acci-

221 1186 282 1226 pio,
309 1196 358 1215 eos
383 1186 438 1215 tibi
462 1195 524 1215 esse
548 1185 779 1215 inimicissimos.
819 1185 941 1224 Nempe
961 1185 1004 1214 ita
1027 1184 1111 1222 dicis,

220 1234 342 1269 propter
357 1229 507 1259 decumas.
533 1228 688 1259 Concedo:
703 1238 764 1257 non
777 1238 890 1267 quaero,
900 1228 969 1266 jure
981 1237 1019 1257 an
1032 1227 1113 1266 inju-

221 1272 267 1301 ria
279 1272 337 1301 sint
353 1272 477 1301 inimici.
502 1271 587 1309 Quid
603 1282 673 1312 ergo
688 1271 749 1300 illae
765 1271 821 1300 sibi
842 1277 948 1300 statuae
963 1276 1113 1310 equestres

220 1315 367 1344 inauratae
391 1315 507 1350 volunt,
536 1325 604 1354 quae
633 1314 739 1355 populi
764 1314 897 1343 Romani
919 1314 1020 1343 oculos
1049 1312 1114 1342 ani-

222 1368 348 1398 mosque
368 1358 502 1387 maxime
522 1357 690 1393 offendunt,
707 1362 829 1397 propter
848 1356 944 1386 aedcm
955 1356 1087 1386 Vulcani
1099 1358 1113 1386 ?

222 1411 294 1430 nam
310 1401 489 1441 inscriptum
505 1411 567 1430 esse
582 1400 680 1437 video,
693 1399 859 1440 quamdam
872 1410 909 1429 ex
924 1399 971 1429 his
983 1404 1115 1429 statuam

222 1450 352 1473 aratores
367 1443 491 1473 dedisse.
520 1444 553 1473 Si
568 1443 688 1473 honoris
703 1442 793 1473 caus&
808 1448 938 1472 statuam
955 1442 1113 1479 dederunt,

224 1486 339 1516 inimici
365 1497 424 1516 non
456 1492 535 1516 sunt.
574 1486 741 1516 Credamus
765 1485 906 1515 testibus:
940 1490 1007 1514 tum
1032 1485 1113 1515 enim

224 1529 331 1559 honori
352 1536 416 1566 tuo,
439 1540 520 1559 nunc
537 1531 602 1568 jam
622 1529 759 1569 religioni
775 1539 847 1563 suae,
864 1528 1034 1558 consulunt.
1058 1528 1112 1558 Sin

225 1578 328 1601 autern
344 1579 428 1602 metu
444 1572 537 1602 coacti
558 1572 715 1609 dederunt,
738 1571 896 1602 confiteare
916 1581 1033 1600 necesse
1057 1577 1112 1608 est,

226 1621 254 1645 te
269 1615 299 1645 in
317 1615 470 1656 provincia
485 1616 645 1656 pecuniam
661 1621 828 1645 statuarum
844 1613 967 1644 nomine
981 1624 1034 1654 per
1049 1614 1113 1644 vim
1144 1621 1147 1624 “

224 1668 258 1688 ac
269 1664 385 1688 metum
398 1659 537 1699 coegisse.
561 1659 676 1689 Utrum
688 1658 743 1688 tibi
753 1657 948 1688 commodum
959 1662 1012 1692 est,
1024 1656 1111 1696 elige.

270 1701 380 1731 LXII.
405 1701 560 1742 Equidem
575 1702 703 1731 libenter
717 1701 774 1731 hoc
791 1702 856 1740 jam
873 1700 984 1730 crimen
1000 1699 1037 1729 de
1052 1707 1113 1729 sta-

223 1743 283 1777 tuis
303 1743 484 1785 relinquam,
507 1752 542 1775 ut
580 1745 657 1775 mihi
678 1752 711 1775 tu
741 1743 818 1774 iuud
848 1742 1001 1780 concedas,
1030 1742 1112 1782 quod

222 1785 278 1817 tibi
298 1770 544 1820 bonestissimum
560 1794 616 1827 est,
631 1794 761 1819 arator&
775 1787 831 1818 tibi
846 1786 884 1818 ad
900 1792 1042 1824 statuam,
1058 1784 1114 1816 ho-
