1181 1902
234 137 285 169 IN
308 137 504 169 VERREM
530 138 591 169 lv.
615 137 700 169 CAP.
721 138 771 174 17.
890 139 956 169 305·

61 223 146 254 novis
169 222 273 254 edictis
297 223 357 254 tuis
378 224 561 265 nefariisque
585 224 741 262 institutis,
766 223 899 264 exigeres
923 229 954 254 et

61 267 200 307 eriperes,
213 277 361 307 magnum
378 273 407 297 te
420 267 522 297 fecisse
531 267 726 304 arbitrabere,
737 267 762 297 si
772 267 867 308 pluris
879 277 952 297 ven-

60 309 183 347 dideris,
201 320 293 350 quam
317 310 354 340 L.
374 310 567 348 Hortensius,
589 316 675 351 pater
695 310 781 340 istius
804 310 844 347 Q.
868 310 952 340 Hor-

61 352 159 389 tensii,
181 362 275 393 quam
297 352 354 383 Cn.
378 353 555 393 Pompeius,
580 363 674 394 quani
696 353 744 383 M.
771 353 949 391 Marcellus,

60 395 114 436 qui
132 396 171 426 ab
192 395 344 437 aequitate,
367 397 406 427 ab
420 396 499 437 lege,
516 398 555 426 ab
575 396 732 434 institutis,
748 405 809 426 non
825 406 951 426 recesse-

60 444 133 468 runt
144 440 157 468 ?

100 481 215 512 XVII.
232 481 287 511 An
297 481 353 512 tibi
360 481 451 512 unius
460 481 532 512 anni
543 488 597 511 aut
606 480 719 511 biennii
727 481 802 511 ratio
810 481 951 512 habenda

59 524 138 560 fuit3
155 524 236 554 salus
245 525 417 565 provinciae,
430 525 589 555 commoda
599 524 641 554 rei
650 524 867 561 frumentariae,
875 525 952 555 ratio

60 567 233 608 reipublicae
262 567 293 597 in
317 574 472 608 posterum
498 568 558 598 fuit
583 567 787 608 negligenda?
810 577 881 597 curn
907 568 951 598 ita

58 620 122 640 rem
146 611 341 641 constitutam
368 611 541 651 accepisses,
566 617 601 640 ut
619 616 648 641 et
671 611 786 651 populo
807 611 950 641 Romano

59 653 130 684 satis
142 653 287 683 frumenti
303 664 341 683 ex
354 654 457 684 Sicilia
472 654 725 694 suppeditaretur,
739 660 768 684 et
782 653 951 684 aratoribus

57 701 159 726 tamen
175 707 258 727 arare
273 703 365 738 atque
380 708 467 737 agros
483 697 578 727 colere
593 697 756 737 expediret.
780 696 869 734 Quid
879 696 950 727 effe-

56 739 146 770 cisti?
170 739 245 780 quid
260 747 413 770 assecutus
429 751 459 770 es
474 742 487 770 ?
512 741 556 771 Ut
570 740 684 781 populo
700 740 853 777 Romano,
871 750 950 780 prae-

57 787 120 812 tore
135 789 175 820 te,
192 783 290 813 nescio
302 783 377 823 quid
392 783 431 813 ad
443 783 586 814 decumas
597 783 759 816 accederet,
773 782 950 813 deserendas

56 825 204 856 arationes
223 826 498 867 relinquendasque
518 826 638 857 curasti.
662 825 811 857 Successit
831 825 887 856 tibi
908 826 947 856 L.

57 867 215 899 Metellus.
240 869 292 899 Tu
308 869 506 906 innocentior,
522 880 617 910 quam
633 869 780 899 Meteflus
794 871 808 900 Ρ
832 875 866 899 tu
880 869 948 899 lau-

55 911 102 941 dis
117 918 147 942 et
161 911 283 942 honoris
295 912 433 953 cupidior
446 914 459 943 ἓ
483 913 539 943 tibi
550 913 631 943 enim
643 913 816 943 consulatus
831 923 949 953 quaere-

55 954 157 992 batur,
175 955 305 985 Metello
325 961 468 995 paternus
486 956 583 986 honor
602 961 631 986 et
653 956 752 986 avitus
772 955 948 995 negligeba-

55 1003 125 1027 tur:
149 998 249 1028 multo
268 998 394 1029 minoris
412 998 559 1036 vendidit,
582 1009 643 1029 non
662 998 765 1036 modo,
782 1008 876 1038 quam
897 1004 944 1037 tu,

54 1040 107 1070 sed
122 1041 225 1078 etiam,
236 1051 331 1089 quam
347 1042 400 1082 qui
415 1048 485 1072 ante
497 1048 526 1072 te
541 1041 752 1072 vendiderunt.
777 1041 904 1079 Quaero,
921 1041 946 1072 si

54 1083 119 1124 ipse
142 1084 312 1124 excogitare
332 1094 393 1114 non
414 1090 543 1125 poterat,
563 1085 826 1125 quemadmodum
851 1095 945 1125 quarn

54 1126 188 1167 plurimo
203 1127 364 1163 venderet3
389 1138 427 1158 ne
447 1134 500 1158 tua
520 1127 646 1169 quidem
661 1128 791 1158 recentia
811 1127 946 1168 proximi

54 1170 190 1210 praetoris
210 1171 335 1211 vestigia
346 1171 486 1211 persequi
504 1177 632 1212 poterat,
649 1178 684 1201 ut
700 1171 759 1201 tuis
782 1171 945 1212 praeclaris,

53 1214 107 1243 abs
123 1220 151 1243 te
171 1213 307 1261 principe
327 1214 457 1244 inventis
478 1220 508 1245 et
525 1214 712 1254 excogitatis,
730 1214 833 1244 edictis
853 1219 946 1254 atque

53 1255 198 1286 institutis
217 1257 376 1287 uteretur?
400 1258 459 1288 Ille
479 1268 550 1288 vero
571 1264 639 1287 tum
654 1268 685 1288 se
706 1257 872 1287 Metellum
887 1257 946 1287 mi-

54 1299 136 1329 nime
157 1299 220 1330 fore
238 1300 384 1341 putasset,
406 1301 431 1330 si
448 1307 477 1331 te
498 1301 563 1330 ulla
583 1301 615 1330 in
633 1311 665 1331 re
688 1300 825 1330 imitatus
847 1306 943 1336 esset;

53 1342 108 1383 qui
122 1343 160 1372 ab
176 1344 251 1373 urbe
266 1343 380 1380 Roma,
397 1343 481 1384 quod
495 1353 586 1374 nemo
602 1354 740 1384 unquam
763 1349 832 1384 post
844 1343 946 1373 homi·-

53 1395 130 1415 num
149 1386 329 1416 memoriam
349 1386 431 1423 fecit,
448 1397 519 1417 cum
541 1387 598 1417 sibi
617 1387 648 1416 in
668 1387 855 1428 provinciam
875 1397 946 1427 pro-

52 1428 247 1459 ficiscendum
263 1436 394 1470 putaret,
411 1430 511 1460 literas
527 1430 565 1460 ad
577 1430 687 1461 Siciliae
702 1430 835 1460 civitates
849 1430 945 1466 misit,

53 1482 107 1512 per
122 1483 197 1513 quas
218 1472 357 1503 hortatur
375 1479 404 1504 et
422 1480 521 1514 rogat,
537 1479 572 1503 ut
592 1478 689 1510 arent,
704 1479 740 1503 ut
761 1479 860 1503 serant
878 1471 942 1514 [in]

52 1515 197 1546 beneficio
216 1516 324 1556 populi
345 1516 489 1547 Romani.
514 1517 584 1547 Hoc
604 1517 679 1557 petit
699 1516 855 1557 aliquanto
875 1522 945 1546 ante

53 1557 219 1588 adventum
228 1569 318 1589 suum
333 1570 342 1595 ;
367 1566 396 1590 et
405 1560 498 1590 simul
507 1559 648 1597 ostendit,
662 1570 692 1590 se
701 1560 767 1599 lege
780 1559 946 1589 Hieronica

52 1601 271 1638 venditurum;
294 1602 352 1633 hoc
371 1608 426 1641 est,
448 1603 480 1632 in
501 1603 586 1633 omni
607 1603 723 1633 ratione
745 1602 943 1632 decumarum

52 1643 129 1674 nihil
149 1645 198 1675 isti
219 1645 317 1675 simile
332 1645 497 1676 facturum.
521 1646 629 1687 Atque
649 1646 724 1682 haec,
747 1655 808 1675 non
826 1645 944 1686 cupidi-

51 1692 112 1717 tate
130 1688 234 1729 aliqu'a
255 1688 358 1719 scribit
375 1689 535 1727 adductus,
559 1696 594 1720 ut
612 1689 644 1719 in
665 1689 797 1719 alienam
820 1688 944 1729 provin-

51 1730 129 1760 ciam
144 1731 245 1761 mittat
259 1732 360 1763 literas
375 1738 446 1763 ante
461 1739 605 1774 tempus;
630 1732 682 1763 sed
698 1732 832 1769 consilio,
850 1741 898 1768 ne,
919 1731 946 1761 si

54 1778 173 1815 tempus
197 1775 320 1806 sationis
343 1776 545 1817 praeteriisset,
576 1785 708 1816 granum
733 1775 765 1806 in
792 1774 947 1816 provincia

574 1821 593 1849 2
618 1828 641 1849 υ
664 1820 684 1849 3

1169 1379 1181 1400 u

1167 1497 1179 1605 ³*5ss-43„
1168 1415 1179 1487 v.*‹‘-‘-*⁴

1162 1729 1181 1902 Ἣέ-’ῐτῖςὲἒϊ
1172 1708 1177 1715 =
