1181 1902
231 83 295 118 378
407 80 458 111 IN
482 79 677 112 VERREM
701 80 762 111 IV.
786 79 870 111 CAP.
894 81 949 112 92.

234 167 339 198 finitur
350 168 364 197 ,⁹
387 166 458 204 Sed,
474 167 505 196 in
520 165 578 196 ista
591 166 658 207 ipsa
667 166 780 203 sicma,
797 176 858 196 non
873 176 1007 207 quaeram
1021 176 1123 199 exem-

235 211 323 251 plum
339 209 430 240 foris:
454 209 512 239 hoc
526 209 592 249 ipso
612 219 649 239 ex
666 209 788 239 consilio
809 215 876 239 utar
897 210 1052 250 exemplis.
1086 212 1122 242 C.

237 253 395 289 Marcelle,
413 259 442 282 te
464 253 592 292 appello.
627 252 736 283 Sicih‘ae
759 252 931 293 provinciae,
957 263 1026 283 cum
1048 264 1124 284 esses

237 306 292 337 pro
307 295 439 332 consule,
456 295 612 336 praefuisti.
637 295 725 325 Num
741 306 809 336 quae
824 295 855 324 in
871 301 923 324 tuo
938 295 1063 335 imperio
1073 307 1125 337 pe-

237 339 346 375 cuniae,
363 339 446 368 cellae
461 338 594 375 nomine,
617 345 725 369 coactae
741 340 836 368 sunt?
872 338 982 378 Neque
997 349 1052 378 ego
1066 339 1124 369 hoc

237 381 269 411 in
286 382 339 411 tua
353 381 443 411 laude
454 391 552 421 pono:
578 381 637 411 alia
646 388 716 411 sunt
725 387 779 410 tua
790 381 869 410 facta
884 386 974 421 atque
990 382 1124 419 consilia,

239 425 361 454 summa
375 424 465 454 laude
481 424 583 463 digna,
601 424 712 465 quibus
727 424 812 453 illam
829 430 862 453 tu
878 424 1065 463 provinciam
1081 425 1126 454 af-

238 467 352 497 flictam
366 473 395 497 et
409 467 559 508 perditam
570 467 689 497 erexisti
702 473 793 507 atque
805 466 942 496 recreasti
954 478 961 496 :
986 477 1058 497 nam
1068 468 1127 498 hoc

238 510 277 540 de
298 510 374 540 cella
403 520 441 540 ne
471 510 605 550 Lepidus
635 510 759 551 quidem
788 510 908 547 fecerat,
930 510 978 540 cui
1000 516 1033 539 tu
1060 520 1127 540 suc-

240 553 359 583 cessisti.
385 552 465 590 Quae
475 559 545 582 sunt
555 553 609 582 tibi
624 553 717 593 igitur
727 553 867 593 exempla
876 553 907 582 in
918 553 1021 583 Sicilia
1031 553 1125 590 cellae,

240 596 265 626 si
280 597 337 626 hoe
351 596 463 626 crimen
476 606 535 625 non
553 596 643 626 modo
655 596 796 625 Marcelli
806 596 895 633 facto,
907 595 959 626 sed
968 605 1006 625 ne
1016 596 1128 636 Lepidi

240 639 377 679 quidem,
395 645 478 679 potes
493 638 677 668 defendere?

284 683 338 711 An
359 692 408 711 me
433 682 471 711 ad
494 681 542 711 M.
565 681 695 711 Antonii
719 681 948 711 aestimationem
971 681 1128 719 frumenti,

241 724 491 765 exactionemque
503 725 650 765 pecuniae,
661 730 852 754 revocaturus
868 726 918 754 es?
944 725 1003 761 Ita,
1017 725 1129 765 inquit,

242 767 280 797 ad
298 767 346 796 M.
363 767 492 797 Antonii
506 779 513 796 :
538 767 594 797 hoc
610 767 690 797 enim
706 767 782 796 mihi
795 767 975 807 significssffise
990 773 1019 797 et
1034 777 1132 797 annu-

242 810 299 840 isse
315 810 395 840 visus
411 816 463 840 est.
498 810 549 840 Ex
565 810 745 840 omnibusne
765 810 857 850 igitur
878 810 983 850 populi
998 811 1132 840 Romani

243 853 433 893 praetoribus,
445 852 630 889 consulibus,
641 853 883 893 imperatoribus,
895 853 943 882 M.
957 853 1132 883 Antonium

243 895 390 936 delegisti,
409 902 437 926 et
449 896 513 934 ejus
525 906 623 925 unum
638 895 896 936 improbissimum
912 895 1038 932 factum,
1051 896 1134 937 quod

244 938 397 968 imitarere
411 940 424 968 ἓ
449 938 491 968 Et
506 939 556 968 hic
572 945 675 968 utrum
691 939 767 968 mihi
784 938 903 968 difficile
915 945 958 969 est
970 938 1078 976 dicere,
1094 949 1134 969 an

244 981 291 1011 his
307 981 490 1018 existimare,
504 982 546 1011 ita
561 992 591 1011 se
606 982 637 1011 in
653 982 707 1011 illo
722 981 840 1011 infinito
855 982 982 1022 imperio
998 982 1046 1011 M.
1062 983 1132 1012 An-

245 1024 363 1054 tonium
379 1024 513 1064 gessisse,
530 1031 565 1054 ut
579 1025 677 1054 multo
692 1024 741 1054 isti
756 1024 949 1065 perniciosius
964 1024 1001 1054 sit
1024 1024 1131 1063 dicere,

246 1078 277 1097 se
297 1067 328 1097 in
354 1078 385 1097 re
408 1067 632 1107 improbissima
657 1068 784 1097 voluisse
809 1067 983 1097 Antonium
1007 1067 1132 1104 imitari,

246 1120 339 1151 quam
357 1110 394 1143 (si
407 1110 512 1150 possit)
523 1110 693 1148 defendere,
702 1111 778 1140 nihil
793 1111 824 1140 in
837 1110 899 1140 vita
909 1121 938 1140 se
947 1110 994 1140 M.
1003 1110 1134 1140 Antonii

247 1153 344 1183 simile
359 1153 470 1184 fecisse.
496 1153 645 1183 Homines
660 1153 691 1183 in
704 1153 836 1193 judiciis,
847 1153 885 1183 ad
902 1153 1014 1183 crimen
1030 1153 1133 1183 defen-

247 1196 394 1231 dendum,
411 1206 483 1233 non,
500 1196 575 1236 quid.
589 1196 690 1226 fecerit
702 1197 865 1237 quispiam,
879 1196 1010 1237 proferre
1025 1197 1132 1233 solent,

247 1239 298 1269 sed
314 1238 389 1279 quid
404 1238 546 1279 probarit.
575 1240 760 1277 Antonium,
773 1250 844 1270 cum
859 1240 958 1269 multa
972 1245 1075 1269 contra
1087 1249 1134 1269 so-

247 1282 362 1312 ciorum
370 1282 509 1319 salutem,
517 1283 615 1312 multa
621 1288 723 1313 contra
730 1283 890 1312 utilitatem
898 1282 1132 1323 provinciarum,

248 1330 277 1355 et
293 1325 402 1354 faceret
418 1331 447 1355 et
462 1325 615 1366 cogitaret,
628 1326 660 1355 in
675 1326 781 1356 mediis
794 1327 858 1365 ejus
874 1325 992 1365 injuriis
1004 1331 1033 1355 et
1048 1325 1132 1366 cupi-

248 1368 393 1398 ditatibus
408 1378 489 1399 mors
504 1369 658 1409 oppressit.
683 1369 734 1398 Tu
750 1369 837 1406 mihi,
854 1368 940 1409 quasi
956 1369 1020 1407 ejus
1031 1368 1134 1398 omnia

247 1410 326 1440 facta
351 1416 442 1451 atque
468 1412 592 1442 consilia
613 1418 732 1442 senatus
756 1412 948 1452 populusque
975 1411 1134 1441 Romanus

249 1452 395 1494 [judiees]
413 1454 646 1495 comprobarint,
668 1455 711 1485 ita
725 1455 774 1485 M.
789 1454 919 1485 Antonii
940 1454 1080 1494 exemplo
1095 1454 1135 1483 is-

248 1496 307 1526 tius
324 1497 481 1527 audaciam
498 1498 643 1528 defendis.

290 1539 398 1570 XCII.
430 1540 477 1571 At
492 1541 573 1571 idem
596 1541 666 1571 fecit
688 1540 839 1572 Sacerdos.
864 1540 1032 1570 Hominem
1047 1539 1135 1570 inno-

246 1588 363 1612 centem
379 1588 408 1612 et
417 1584 538 1614 summa
553 1584 713 1624 prudentis
724 1584 885 1624 praeditum
901 1583 1038 1613 nominas
1051 1594 1059 1612 :
1085 1582 1137 1612 sed

247 1630 315 1654 tum
330 1624 411 1655 idem
426 1626 529 1657 fecisse
544 1627 599 1656 erit
615 1627 844 1663 existimandus,
856 1627 880 1656 si
893 1626 997 1656 eodem
1011 1625 1135 1655 consilio

247 1667 357 1698 fecerit.
396 1669 480 1699 Nam
505 1680 599 1710 genus
615 1670 819 1701 aestimationis
838 1669 939 1710 ipsum
959 1679 977 1699 a
991 1679 1041 1698 me
1056 1678 1136 1698 nun-

246 1721 341 1751 quam
356 1716 400 1742 est
414 1712 652 1754 reprehensum:
677 1713 728 1745 sed
746 1714 811 1753 ejus
831 1712 957 1754 aequitas
980 1717 1133 1742 aratorum
