1181 1902
187 40 248 69 324
371 39 421 69 IN
446 39 641 70 VERREM
666 39 725 71 IV.
749 39 833 70 CAP.
850 41 902 70 38.

175 125 248 158 sit?
263 124 370 155 Recita
385 125 592 155 testimonium
607 126 766 166 publicum
783 125 1008 167 Liparensium,
1023 123 1075 155 de-

184 167 255 198 inde
270 167 530 208 quemadmodum
546 168 688 199 Valentio
703 169 823 199 nummi
839 169 899 199 sint
913 168 985 198 dati.

229 212 469 244 (Testimonium
491 213 661 250 publicum5
691 214 837 251 quowmdo
860 213 994 241 solutam
1019 212 1071 247 sit,

471 264 508 283 m*
524 256 622 284 literis
632 256 788 294 publicis)

227 296 371 326 Etiamne
387 296 450 326 haec
466 303 529 326 tam
544 308 637 337 parva
652 298 766 335 civitas,
780 305 843 327 tani
858 297 962 337 procul
973 308 991 327 a
1006 306 1072 326 ma-

184 340 274 370 nibus
290 339 350 369 tuis
366 345 456 379 atque
468 350 485 369 a
501 347 659 380 conspectu
672 347 798 377 remota,
815 341 950 379 sejuncta
965 350 982 369 a
997 339 1073 370 Sici-

184 383 236 419 lis,
262 383 293 412 in
309 382 408 412 insula
423 382 538 412 inculta
550 383 694 424 tenuique
707 383 814 423 posita,
828 383 985 413 cumulata
1004 382 1070 411 aliis

183 426 244 456 tuis
262 425 428 463 majoribus
450 426 579 464 injuriis
603 426 634 455 in
655 426 711 456 hoc
731 437 853 466 quoque
873 425 1071 456 frumentario

181 479 301 508 genere,
318 468 428 508 praedae
439 455 494 498 tibi
511 474 539 498 et
555 469 683 509 quaestui
699 469 776 499 fuit.
771 478 782 491 ν
807 469 912 506 Quam
928 474 961 498 tu
974 474 1069 498 totam

181 512 313 541 insulani
339 511 459 541 cuidam
489 517 611 541 tuorum
643 512 803 547 sodalium,
835 512 911 541 sicut
944 511 1068 551 aliquod

179 554 410 589 munusculum,
422 553 616 587 condonatas,
628 556 666 584 ab
682 555 738 584 hac
748 555 838 584 etiam
854 555 918 584 haee
933 554 1069 583 frumen-

179 598 255 627 taria
270 598 364 631 lucra,
382 604 539 637 tamquam
556 608 574 626 a
589 598 824 634 mediterraneis,
842 598 1040 638 exigebantur
1054 598 1068 626 ?

180 641 301 680 ltaque,
318 640 372 680 qui
388 646 431 669 tot
446 640 533 669 annis
545 641 657 679 agellos
673 650 753 677 suos,
770 647 839 670 ante
856 647 883 670 te
895 646 1066 681 praetorem,

178 683 325 713 redimere
340 693 358 712 a
371 683 475 722 piratis
491 683 638 720 solebant,
659 683 752 713 iidem
768 684 879 724 seipsos
894 694 912 713 a
927 689 955 713 te
970 682 1067 723 pretio

180 726 322 766 imposito
337 726 539 755 redemerunt.

222 768 423 799 XXXVIII.
449 768 534 805 Quid
549 778 640 808 ergo
633 769 646 789 ⁹
670 779 688 798 a
703 768 905 805 Tissensibus,
921 779 1068 809 perparva

177 819 207 842 et
217 812 301 842 tenui
313 811 442 846 civitate,
457 811 508 840 sed
519 811 686 841 aratoribus
696 811 944 849 laboriosissimis,
962 812 1067 852 fruga-

177 854 360 894 lissimisque
386 853 571 891 hominibus,
602 864 702 884 nonne
726 855 806 894 plus,
830 855 907 885 lucri
930 854 1065 890 nomine,

177 898 313 938 eripitur,
325 907 419 937 quam
431 902 581 936 quantum
591 897 737 927 frumenti
747 898 870 927 omnino
881 897 1063 927 exararant?

176 940 216 971 ad
231 951 306 981 quos
325 946 358 969 tu
378 939 582 969 decumanum
606 940 798 980 Diognetum
814 940 983 970 Veneriiun
1004 940 1063 969 rni-

174 984 250 1021 sisti,
267 992 381 1013 novum
396 992 491 1022 genus
506 983 671 1023 publicani..
695 983 769 1019 Cur,
783 984 839 1013 hoc
855 989 985 1019 auctore,
1003 993 1063 1013 non

174 1027 285 1057 Romae
300 1036 422 1066 quoque
437 1026 513 1055 servi
528 1025 642 1066 publici
664 1026 702 1055 ad
722 1026 878 1066 vectigalia
893 1026 1034 1056 accedant
1047 1028 1062 1056 ἶ)

173 1070 269 1100 Anno
296 1068 426 1098 secundo
453 1068 608 1098 Tissenses
632 1068 690 1099 HS
710 1069 794 1099 XXI
821 1069 898 1099 lucri
919 1069 990 1099 dare
1014 1079 1063 1099 co·-

174 1118 289 1153 guntur
304 1111 412 1141 inviti:
438 1111 524 1141 tertio
546 1121 625 1141 anno
648 1121 706 1142 cm
725 1121 783 1142 el.)
803 1112 993 1143 medimnum
1008 1111 1062 1141 tri-

176 1156 227 1186 tici
251 1154 328 1184 lucri
351 1154 506 1194 Diognoto
527 1154 659 1184 Venerio
678 1154 749 1184 dare
771 1155 864 1185 coacti
885 1161 964 1185 sunt.
998 1154 1060 1186 Hic

173 1198 358 1238 Diognotus,
379 1197 433 1237 qui
448 1208 485 1227 ex
506 1197 635 1238 publicis
656 1197 850 1237 vectigalibus
873 1204 957 1228 tanta
976 1198 1060 1228 lucra

175 1242 257 1279 facit,
274 1240 420 1270 vicarium
436 1240 557 1270 nullum
573 1240 675 1277 habet,
697 1241 773 1270 nihil
792 1241 916 1270 omnino
936 1241 1056 1281 peculii.

174 1285 240 1315 vos
256 1284 346 1313 etiam
362 1293 442 1312 nunc
458 1282 604 1319 dubitate,
627 1283 651 1313 si
666 1283 803 1331 potesti52
816 1290 919 1313 utrum
936 1290 1055 1313 tantum

171 1337 335 1357 numerum
351 1325 441 1356 tritici
456 1326 606 1356 Venerius
621 1326 773 1366 apparitor
795 1326 880 1356 istius
897 1326 953 1356 sibi
973 1337 1056 1356 acce-

170 1371 258 1412 perit
276 1379 314 1399 an
330 1368 401 1399 huic
417 1369 557 1408 exegerit.
581 1369 688 1409 Atque
707 1369 771 1399 haec
787 1379 824 1399 ex
842 1369 964 1410 publico
984 1369 1055 1400 Tis-

169 1413 302 1444 sensium
318 1411 489 1441 testimonio
504 1412 680 1451 cognoscite.

284 1457 330 1489 (T
330 1456 526 1484 &stimonium
536 1456 694 1503 stublicftm
715 1455 929 1492 Tissensium.)

212 1498 360 1529 Obscure.
375 1497 502 1536 judices,
515 1504 624 1538 praetor
638 1497 701 1538 ipse
716 1497 901 1528 decumanus
917 1503 971 1535 est,
982 1508 1052 1528 cum

167 1544 232 1582 ejus
255 1540 439 1581 apparitores
465 1540 654 1570 frumentum
683 1551 700 1570 a
723 1540 894 1570 civitatibus
917 1541 1051 1581 exigant,

167 1584 310 1627 pecunias
324 1583 484 1623 imperent,
501 1583 655 1623 aliquanto
666 1583 754 1623 plus
746 1583 803 1623 ipsi
814 1583 890 1613 lucri
901 1583 1050 1621 auferant,

167 1638 260 1670 quam
278 1633 426 1667 quantum
446 1627 559 1666 populo
581 1626 722 1655 Romano
737 1625 933 1656 decumarum
954 1626 1052 1656 nomi-

167 1682 206 1702 ne
231 1668 331 1699 daturi
352 1670 449 1699 sunt?
474 1668 552 1698 Haec
573 1668 697 1709 aequitas
715 1668 746 1698 in
763 1674 816 1698 tuo
836 1669 962 1709 imperio
980 1669 1050 1703 fuit,

167 1715 231 1746 haec
247 1711 382 1755 praetoris
399 1710 541 1751 dignitas,
560 1717 593 1742 ut
608 1721 706 1742 servos
721 1711 866 1743 Venerios
881 1711 1052 1742 Siculorum
