1181 1902
196 119 248 151 IN
272 118 514 151 CAECILIUM
537 118 685 151 DIVIN.
709 118 794 150 CAP.
814 119 862 151 13.
922 118 980 150 121

87 205 186 244 diane,
202 215 308 237 verum
324 205 416 237 etiam
430 206 560 236 libenter
574 205 767 247 studioseque
781 205 917 236 audiant.
941 204 981 236 In

87 259 151 290 quo
174 249 199 279 si
221 255 251 279 te
272 249 408 279 multum
432 255 541 279 natura
562 249 740 288 adjuvaret3
765 249 790 280 si
814 249 937 290 optimis
963 259 982 279 a

85 292 217 333 pueritia
228 292 394 333 disciplinis
409 299 501 333 atque
516 292 630 322 artibus
647 292 822 329 studuisses,
842 297 872 322 et
885 292 917 322 in
933 291 980 322 his

85 335 288 371 elaborasse&
313 335 337 366 si
351 335 452 366 literas
468 335 589 365 Graecas
600 335 744 372 Athenis,
761 345 821 366 non
835 335 979 375 Lilybaei,

83 376 210 408 Latinas
226 378 347 416 Romae,
363 388 424 409 non
439 378 471 408 in
487 378 601 415 Sicilia,
618 378 790 414 didicisses;
815 385 917 408 tamen
933 389 981 409 es-

82 426 128 451 set
149 431 309 462 magnum,
332 427 449 452 tantam
470 431 604 458 causam,
626 427 690 451 tam
712 427 927 462 exspectatam,
950 427 981 452 et

81 463 241 505 diligentia
251 465 405 506 consequi,
419 470 448 495 et
459 465 608 495 memoria
619 464 790 505 complecti,
804 471 833 495 et
845 464 980 495 oratione

82 516 244 548 exponere,
261 513 290 538 et
306 518 377 538 voce
392 513 422 538 et
436 508 550 538 viribus
565 507 723 538 sustinere.

125 550 265 581 Fortasse
276 550 367 589 dices,
385 551 471 589 Quid
483 552 497 581 Ρ
513 561 584 591 ergo
598 550 663 581 haec
678 550 710 580 in
725 555 754 581 te
766 555 837 581 sunt
849 550 952 580 omnia
963 552 978 582 ?

80 593 211 624 Utinam
231 594 356 635 quidem
381 594 499 624 essent!
523 600 746 632 verumtamen,
768 599 803 624 ut
823 603 886 623 esse
908 604 979 634 pos-

80 642 158 674 sent,
179 646 292 678 magno
312 637 412 668 studio
432 637 510 668 mihi
530 647 549 668 a
568 636 699 678 pueritia
717 642 762 667 est
777 637 977 667 elaboratum.

81 679 177 717 Quod
198 680 223 710 si
242 690 298 721 ego
317 681 393 717 haec,
415 686 538 722 propter
551 680 798 721 magnitudinem
818 689 922 710 rerum
942 690 978 710 ac

79 722 303 762 difficultatem,
325 724 445 765 assequi
467 733 528 754 non
552 724 651 765 potui,
676 723 730 764 qui
753 724 785 753 in
809 723 894 753 omni
914 723 978 754 vita

79 765 158 796 nihil
179 766 264 797 aliud
286 767 354 808 egi;
379 777 472 809 quam
493 767 584 808 longe
603 773 637 798 tu
658 772 688 797 te
703 768 740 797 ab
755 766 803 797 his
819 767 908 797 rebus
923 767 978 797 ab·

79 819 144 839 esse
163 809 319 848 arbitrare,
341 820 416 851 quas
431 820 493 841 non
508 810 600 841 modo
615 815 704 840 antea
719 819 879 851 nunquam
895 809 977 850 cogi-

79 852 162 891 tasti,
185 853 238 883 sed
256 863 295 883 ne
315 863 397 884 nunc
417 853 554 895 quidem,
578 863 650 884 cum
674 853 707 883 in
727 863 777 884 eas
798 852 976 894 ingrederis,

78 905 149 936 quae
165 902 194 926 et
209 902 332 937 quantae
348 896 419 935 sint,
436 896 581 938 suspicari
596 903 681 938 potes
693 898 707 927 ?

122 939 224 969 XlII.
249 939 329 980 Ego,
346 940 412 981 qui,
428 940 505 971 sicut
519 950 625 970 omnes
640 940 750 978 sciunt,
767 940 799 970 in
814 939 880 970 foro
891 938 978 979 judi-

78 981 192 1023 ciisque
211 983 255 1013 ita
275 994 384 1021 verser,
406 990 441 1013 ut
462 983 599 1022 ejusdem
620 983 716 1014 aetatis
737 989 791 1013 aut
809 993 899 1013 nemo
922 989 977 1013 aut

78 1026 169 1067 pauci
189 1026 292 1067 plures
307 1036 412 1057 causas
427 1026 637 1062 defenderint;
662 1032 691 1057 et
712 1026 766 1067 qui
786 1036 877 1056 omne
898 1032 977 1056 tem-

79 1079 150 1110 pus,
173 1069 256 1110 quod
275 1069 353 1100 mihi
367 1071 405 1100 ab
421 1070 591 1100 amicorum
613 1070 740 1111 negotiis
760 1069 860 1107 datur,
882 1069 913 1099 in
928 1069 977 1100 his

78 1112 187 1143 studiis
216 1113 432 1154 laboribusque
462 1123 652 1150 consumam,
683 1123 746 1154 quo
775 1112 907 1153 paratior
936 1112 977 1143 ad

79 1166 171 1186 usum
195 1155 356 1194 forensem,
380 1156 588 1205 promtiorque
612 1166 675 1187 esse
700 1156 835 1197 possim;
860 1162 974 1193 tamen,

78 1198 122 1229 ita
137 1198 220 1230 Deos
240 1199 318 1230 1111111
338 1199 430 1230 velim
450 1200 608 1240 propitios,
630 1206 677 1237 ut,
699 1210 770 1230 cum
794 1199 876 1229 illius
898 1205 977 1229 tem-

78 1242 160 1283 poris
174 1242 252 1272 mihi
267 1243 351 1274 venit
364 1243 396 1273 in
411 1250 557 1282 mentem,
575 1253 636 1284 quo
647 1223 707 1281 die,
724 1242 814 1273 citato
825 1252 886 1280 reo,
899 1242 978 1272 mihi

79 1284 243 1316 dicendum
270 1286 319 1324 sit,
349 1295 412 1317 non
438 1286 538 1317 solum
568 1296 761 1317 commoveor
787 1285 902 1324 animo,
925 1284 978 1316 sed

78 1328 171 1359 etiam
186 1334 250 1360 toto
265 1340 388 1371 corpore
402 1329 605 1371 perhorresco.

122 1371 199 1402 Jam
220 1382 303 1404 nunc
327 1379 428 1403 mente
458 1379 488 1404 et
512 1373 694 1413 cogitatione
718 1371 879 1414 prospicio,
907 1382 978 1413 quae

81 1421 150 1446 tum
179 1415 280 1446 studia
307 1416 481 1453 hominum,
509 1416 564 1457 qui
589 1426 752 1447 concursus
777 1415 874 1446 futuri
896 1416 978 1452 sint;

81 1464 231 1500 quantam
250 1459 506 1500 exspectationem
526 1459 707 1500 magnitudo
724 1458 833 1499 judicii
851 1459 889 1489 sit
904 1459 981 1489 alla-

80 1507 171 1538 tura3
195 1508 343 1544 quantam
367 1503 542 1533 auditorum
565 1502 798 1533 multitudinem
819 1502 856 1533 C.
873 1501 980 1533 verris

82 1544 210 1575 infamia
236 1546 440 1582 concitatura3
464 1551 612 1587 quantam
636 1545 767 1586 denique
791 1545 979 1575 audientiam

82 1588 211 1619 orationi
225 1598 301 1619 meae
316 1589 497 1630 improbitas
512 1589 594 1620 illius
609 1589 726 1619 factura
741 1589 788 1619 sit.
812 1588 893 1626 Quae
908 1598 981 1619 cum

81 1631 190 1672 cogito,
204 1632 270 1671 jam
285 1642 367 1663 nunc
381 1633 486 1681 timeo,
503 1632 663 1673 quidnam,
676 1642 731 1673 pro
746 1631 910 1662 offensione
924 1631 983 1662 ho-

81 1675 202 1704 minum
218 1675 272 1716 qui
286 1675 355 1705 illi
346 1675 462 1706 mimici
482 1675 653 1716 infensique
676 1680 758 1711 sunt,
781 1681 810 1705 et
825 1680 982 1716 exspecta-

81 1717 162 1748 tione
177 1718 328 1760 omnium,
342 1724 371 1749 et
385 1718 597 1761 magnitudine
607 1728 722 1757 rerum,
735 1718 864 1759 dignum
878 1717 980 1759 eloqui

81 1761 205 1802 possim.

81 1826 86 1832 .
124 1803 187 1878 Tour
192 1804 304 1836 horum
319 1805 397 1837 nihil
416 1806 540 1847 metuiS‚
560 1806 640 1838 nihil
653 1805 778 1847 cogitas,
799 1804 877 1836 nihil
895 1803 982 1835 labo-

124 1850 136 1882 (
187 1852 245 1887 at.)
262 1858 346 1881 von.
360 1858 387 1880 1.
