1181 1902
193 158 235 187 50
281 155 372 186 PRO
396 153 561 186 ROSCIO
585 152 818 184 AMERINO.
843 152 926 184 CAP.
946 152 1004 183 16.⁷

196 242 251 283 qui
266 242 374 272 odisset
390 251 461 272 eum
477 241 540 271 sine
554 240 655 277 causa,
675 249 768 280 quem
786 238 966 280 procrearat.
1001 238 1048 269 At
1063 239 1090 270 is

197 285 323 326 quidem
346 285 404 314 fuit
430 284 569 314 omnium
594 282 861 313 constantissimus.
900 281 985 321 Ergo
1008 282 1088 312 illud

195 329 261 367 jam
277 328 470 368 perspicuum
485 326 617 367 profecto
633 332 686 363 est,
706 325 730 355 si
751 335 849 365 neque
868 334 971 354 amens
990 330 1086 365 pater,

198 381 296 411 neque
311 371 445 411 perditus
460 370 540 400 filius
555 369 657 406 fuerit,
674 379 771 408 neque
787 368 847 398 odii
863 377 984 397 causam
994 368 1084 408 patri,

198 424 297 454 neque
313 414 428 444 sceleris
437 413 499 442 filio
514 412 615 442 fuisse.

242 457 317 487 XV.
342 457 462 494 Nescio,
476 455 586 496 inquit,
598 465 666 496 quae
678 465 767 484 causa
782 453 843 483 odii
858 453 948 483 fuerit
962 464 969 482 :
994 452 1087 485 fuisse

197 500 302 530 odium
318 500 473 539 intelligo;
499 499 571 538 quia
591 504 689 533 antea,
710 507 779 527 cum
801 497 876 526 duos
897 496 973 526 filios
992 496 1087 528 habe-

198 548 255 579 ret,
280 543 369 572 illum
395 543 536 577 alterum,
561 541 615 582 qui
638 546 776 570 mortuus
801 546 856 577 est,
881 549 982 569 secum
1002 540 1087 570 omni

199 591 334 627 tempore
349 586 467 615 volebat
483 595 566 619 esse;
590 585 672 614 hunc
694 583 725 612 in
747 583 860 623 praedia
883 582 993 612 rustica
1012 583 1088 613 rele-

198 629 294 670 garat.
319 628 411 666 Quod
428 628 540 658 Erucio
556 627 707 657 accidebat
722 626 753 655 in
768 626 852 655 mala
869 625 1090 666 nugatoriaque

199 672 398 708 accusatione,
414 671 495 701 idem
516 670 593 699 mihi
616 680 673 699 usu
697 669 778 699 venit
798 669 829 698 in
854 669 944 698 causa
961 669 1088 709 optima.

201 715 271 753 Ille,
296 714 449 755 quomodo
475 714 588 744 crimen
615 712 861 743 commenticium
887 711 1089 750 confirmaret,

201 768 262 788 non
274 757 463 788 inveniebat:
489 767 555 797 ego,
573 766 618 786 res
633 761 696 785 tam
712 756 791 785 leves
804 754 866 795 qua
881 755 995 785 ratione
1007 754 1092 785 infir-

201 811 284 831 mem
300 811 334 830 ac
349 800 477 836 diluam7
491 799 618 840 reperire
633 809 694 828 11011
709 809 843 838 possum.

246 843 332 881 Quid
347 844 401 879 ais,
418 843 537 873 Eruci?
561 842 623 872 Tot
638 841 762 882 praeclia,
783 847 845 870 tam
865 841 1003 881 pulchra,
1027 847 1091 872 tam

202 887 366 923 fructuosa,
383 887 453 917 Sex.
468 885 595 915 Roscius
607 885 669 914 filio
685 895 750 919 5110,
767 884 957 924 relegationis
972 895 1006 915 ac
1022 895 1093 925 sup-

203 930 286 971 plicii
313 929 420 969 gratia,
448 928 572 959 colenda
598 939 632 958 ac
658 927 771 957 tuenda
795 927 982 958 tradiderat?
1006 928 1093 965 Quid

203 973 282 1003 hoc?
307 972 555 1008 patresfamilias,
576 971 630 1011 qui
649 971 757 1000 liberos
779 970 903 1007 habent,
925 971 1092 1010 praesertim

204 1016 341 1046 homines
354 1015 435 1045 illius
450 1014 574 1051 ordinis,
592 1024 629 1043 ex
644 1013 816 1053 municipiis
831 1013 999 1050 rusticanis,
1016 1023 1093 1044 non-

204 1069 243 1089 ne
255 1058 477 1099 optatissimum
493 1056 549 1087 sibi
563 1062 672 1098 putant
684 1067 756 1093 esse,
774 1056 850 1086 filios
862 1067 930 1086 suos
945 1056 987 1086 rei
1002 1056 1093 1086 fami-

204 1102 272 1132 liari
295 1102 429 1131 maxime
454 1100 573 1137 servire,
596 1105 625 1129 et
646 1099 677 1129 in
701 1099 821 1139 praediis
844 1099 975 1129 colendis
995 1110 1094 1140 operae

205 1145 375 1186 plurimum
405 1144 558 1184 studiique
587 1144 786 1173 consumere?
831 1142 885 1171 An
915 1143 1095 1174 amandarat

204 1189 286 1219 hunc
299 1188 350 1225 510,
361 1193 397 1217 ut
408 1192 483 1217 esset
498 1187 529 1216 111
541 1196 624 1227 agro,
641 1196 675 1215 ac
690 1184 902 1216 tantummodo
918 1186 1047 1216 aleretur
1056 1185 1096 1216 ad

205 1232 310 1261 villam
321 1231 335 1260 ἱ)
368 1236 402 1260 ut
428 1229 593 1260 commodis
619 1229 760 1259 omnibus
785 1234 897 1259 careret
910 1230 924 1258 Ρ
959 1228 1045 1266 Quid
1070 1229 1096 1260 si

203 1280 330 1311 constat,
352 1275 435 1304 hunc
455 1283 515 1302 non
536 1272 627 1302 modo
647 1271 778 1302 colendis
793 1271 912 1312 praediis
928 1271 1096 1312 praefuisse,

204 1318 256 1347 sed
277 1317 363 1348 certis
378 1316 492 1353 fundis,
509 1322 593 1356 patre
609 1315 688 1353 vivo,
704 1314 765 1344 frui
781 1315 903 1344 solitum
919 1325 981 1345 esse
992 1316 1006 1344 P
1031 1315 1096 1345 Ta.

203 1370 314 1391 menne
329 1361 393 1390 haec
407 1365 521 1389 attenta
532 1359 603 1395 vita,
621 1365 650 1388 et
670 1357 831 1391 rusticana,
848 1358 989 1397 relegatio
1005 1364 1098 1399 atque

204 1403 378 1434 amandatio
409 1402 612 1443 appellabitur
626 1404 639 1432 ἓ
677 1401 783 1437 Vides,
810 1400 914 1438 Eruci,
943 1407 1094 1441 quantum

204 1447 294 1477 distet
316 1445 537 1486 argumentatio
558 1450 610 1474 tua
633 1446 670 1474 ab
692 1455 722 1474 re
741 1444 806 1484 ipsa
821 1450 912 1484 atque
927 1454 945 1473 a
961 1444 1095 1475 veritate.

205 1489 299 1527 Quod
314 1488 529 1519 consuetudine
544 1494 643 1528 patres
658 1487 784 1524 faciunt,
801 1487 842 1522 id,
860 1486 946 1527 quasi
969 1497 1095 1526 novum,

204 1532 414 1573 reprehendis:
429 1531 510 1572 quod
520 1530 729 1561 benevolentia
739 1530 784 1566 fit,
795 1530 825 1559 id
836 1530 904 1559 odio
914 1530 1028 1560 factum
1041 1531 1098 1561 cri-

205 1576 330 1605 minaris
342 1587 349 1605 :
375 1575 457 1615 quod
467 1574 588 1604 honoris
598 1574 688 1604 causa
697 1580 782 1613 pater
792 1573 854 1603 filio
870 1583 924 1603 suo
942 1574 1097 1612 concessit,

204 1618 237 1648 id
248 1629 319 1648 011111
329 1618 469 1659 supplicii
479 1617 568 1647 causa
578 1617 680 1647 fecisse
690 1617 771 1646 dicis.
797 1616 908 1657 Neque
919 1616 982 1646 haec
993 1622 1026 1646 tu
1038 1626 1100 1647 non

205 1661 350 1701 intelligis
363 1672 372 1697 ;
397 1661 449 1691 sed
464 1671 560 1701 usque
575 1671 620 1696 οο,
634 1660 717 1700 quod
733 1670 852 1699 arguas,
869 1668 929 1688 non
945 1660 1049 1696 habes,
1062 1665 1099 1690 ut

206 1714 268 1734 non
290 1704 382 1734 modo
402 1704 457 1734 tibi
482 1711 585 1734 contra
610 1713 664 1733 nos
686 1702 849 1733 dicendum
872 1708 970 1742 putes,
990 1713 1097 1733 verum

207 1747 299 1778 etiam
315 1753 417 1777 contra
432 1757 533 1777 rerum
551 1753 704 1782 naturam,
724 1751 887 1786 contraque
907 1746 1099 1776 consuetudi-

209 1799 280 1821 nem
295 1790 468 1828 hominum,
485 1796 648 1830 contraque
663 1789 819 1830 opiniones
834 1788 983 1818 omnium.

254 1833 347 1865 XVI.
372 1833 418 1863 At
433 1833 526 1869 enim,
543 1843 613 1863 cum
629 1832 705 1862 duos
728 1832 805 1862 filios
819 1832 954 1869 haberet,
971 1832 1099 1863 alterum
