1181 1902
176 75 240 106 358
350 75 402 107 IN
426 75 622 108 VERREM
647 78 706 108 IV.
731 77 814 108 CAP.
836 77 887 113 71.

175 160 290 192 civitati
316 161 415 199 solvit,
443 168 563 193 tantum
588 162 730 201 detraxit,
755 168 906 204 quantum
930 171 1065 192 commo-

176 204 252 234 dum
268 204 346 241 fuit;
371 205 460 242 nulli,
477 206 558 246 quod
574 206 711 236 debitum
728 213 781 243 est,
798 205 936 236 reddidit.

221 248 346 278 LXXI.
369 248 419 278 Ac
439 249 573 289 primum
592 249 648 280 hoc
663 260 700 279 ex
720 255 748 279 te
764 259 885 290 quaero:
912 247 991 288 [ιω]
1016 246 1065 277 cui

175 291 332 331 publicani
357 301 394 321 ex
416 291 583 332 Carpinatii
602 292 695 322 literis
715 293 825 332 gratias
841 297 988 331 egerunt:
1012 300 1064 330 pe-

176 333 267 364 cunia
282 334 414 374 publica,
432 345 469 364 ex
485 335 588 365 aerario
603 341 735 376 erogata,
753 346 789 365 ex
801 334 997 374 vectigalibus
1011 343 1066 373 po-

176 376 243 417 puli
270 377 404 407 Romani
428 377 466 406 ad
499 378 663 408 emendum
692 378 881 408 frumentum
908 376 1064 413 attributa,

175 419 307 449 fueritne
326 420 381 450 tibi
397 420 550 461 quaestui?
574 421 770 462 pensitaritne
793 420 847 450 tibi
862 420 948 449 binas
967 425 1065 449 cente-

177 462 295 492 simas?
328 463 426 493 Credo
450 469 479 493 te
505 470 709 504 negaturum:
735 464 831 504 turpis
858 463 939 492 enim
966 468 1009 491 est
1036 467 1066 491 et

177 506 345 546 periculosa
361 506 514 536 confessio.
539 507 622 536 Mihi
639 512 740 537 autem
758 507 813 536 hoc
823 505 1005 546 perarduum
1022 510 1067 534 est

177 548 404 579 demonstrare:
439 550 550 590 quibus
581 550 661 580 enim
689 549 813 579 testibus
828 552 840 580 ἓ
874 547 1065 589 publicanis?

176 592 295 621 tractati
316 592 477 622 honorifice
501 598 592 622 sunt:
621 594 771 622 tacebunt.
797 592 906 621 Literis
930 600 1034 621 eorum
1050 591 1064 620 ?

176 634 293 665 decreto
314 635 550 665 decumanorum
574 642 696 665 remotae
711 641 790 665 sunt.
815 636 887 672 Quo
902 645 951 664 me
972 633 1066 673 igitur

175 680 317 708 vertam?
346 678 426 708 Rem
454 684 516 708 tam
546 679 729 719 improbam,
756 678 868 708 crimen
894 683 986 707 tant-<e
1009 686 1065 706 au-

175 720 279 758 daciae‚
307 727 459 762 tantaeque
484 721 693 761 impudentiae‚
714 727 835 761 propter
856 720 989 760 inopiam
1007 725 1065 749 tes-

174 763 253 793 tium
278 774 312 793 ac
340 764 508 802 literarum,
534 764 762 804 praetermittam
777 766 791 794 ἓ
838 764 910 793 Non
941 762 1063 799 faciam,

172 807 309 845 judiees:
335 812 403 836 utar
418 812 501 836 teste.
526 807 626 844 Quo?
651 807 687 836 P.
710 806 815 836 Vettio
842 806 981 842 Chilone,
1008 805 1064 834 ho-

175 850 259 879 mine
279 849 423 889 equestris
439 849 551 879 ordinis
571 849 782 879 honestissimo
801 856 892 889 atque
912 847 1065 878 ornatissi-

175 902 238 929 mo,
256 892 309 933 qui
324 892 373 922 isti
387 893 430 922 ita
445 893 560 923 amicus
576 898 605 922 et
620 893 801 922 necessarius
817 898 871 929 est,
889 897 934 928 ut,
947 891 1066 921 etiamsi

176 935 222 965 vir
245 937 343 965 bonus
365 945 425 965 non
447 942 532 973 esset,
553 941 666 973 tamen,
690 935 772 976 quod
793 942 896 965 contra
910 935 1002 964 istum
1018 933 1065 963 di-

174 984 265 1016 ceret,
282 989 372 1018 grave
388 978 558 1014 videretur3
581 979 624 1008 ita
638 978 684 1008 vir
701 980 798 1008 bonus
813 984 867 1016 est,
884 984 929 1013 ut,
946 976 1064 1007 etiamsi

175 1021 401 1052 inimicissimus
421 1022 470 1052 isti
491 1027 577 1060 esset,
603 1027 705 1052 tamen
721 1022 786 1061 ejus
801 1020 971 1051 testimonio
987 1019 1067 1050 credi

174 1070 335 1105 oporteret.

217 1107 401 1137 Admiratur
420 1113 450 1137 et
470 1113 633 1148 exspectat,
656 1107 803 1149 quidnam
824 1107 947 1138 Vettius
967 1106 1064 1136 dictu-

173 1161 225 1181 rus
241 1151 288 1181 sit.
313 1150 402 1180 Nihil
417 1151 495 1181 dicet
510 1162 547 1181 ex
563 1157 715 1191 tempore:
741 1151 817 1180 nihil
834 1161 869 1180 ex
887 1150 942 1180 sua
957 1150 1065 1180 volun-

174 1199 254 1229 tate3
279 1193 367 1231 nihil,
394 1200 428 1223 ut
445 1194 472 1224 ei
494 1194 643 1224 utrumvis
662 1194 781 1224 licuisse
804 1193 949 1224 videatur.
974 1193 1064 1223 Misit

174 1236 206 1267 in
223 1236 357 1267 Siciliam
373 1237 472 1266 literas
493 1237 532 1266 ad
547 1236 770 1277 Carpinatium,
788 1247 858 1266 cum
877 1242 952 1266 esset
965 1235 1064 1275 magi-

174 1286 234 1310 ster
250 1279 414 1320 scriptume,
431 1286 460 1310 et
480 1281 545 1319 ejus
560 1280 707 1310 societatis
727 1279 970 1320 publicanorum,
988 1289 1064 1319 quas

175 1333 231 1363 ego
252 1322 419 1363 Syracusis,
442 1323 524 1363 apud
550 1322 772 1363 Carpinatium,
793 1323 824 1352 in
846 1322 1001 1352 literarum
1018 1321 1063 1351 al-

174 1365 305 1395 latarum
318 1366 414 1403 libris,
431 1366 552 1403 Romae,
569 1366 600 1395 in
616 1366 770 1396 literarum
788 1366 962 1402 missarum,
979 1364 1063 1404 apud

174 1409 355 1449 magistrum
372 1408 526 1447 Tullium,
543 1409 724 1438 familiarem
736 1415 836 1444 tuum,
848 1408 969 1437 inveni:
994 1407 1063 1447 qui-

175 1452 233 1482 bus
249 1462 285 1482 ex
302 1451 395 1481 literis
415 1451 637 1493 impudentiam
653 1451 866 1489 foenerationis,
886 1461 1000 1491 quaeso,
1012 1460 1062 1480 co-

175 1501 319 1534 gnosmte.

174 1538 304 1571 (Litcrae
330 1539 428 1568 missae
443 1538 482 1567 L.
505 1539 611 1575 Vettii,
634 1539 672 1568 L.
696 1539 835 1574 Servilii,
861 1537 897 1567 C.
914 1536 1060 1574 Antistii,

490 1583 738 1620 magistrorum.)

217 1622 332 1653 Praesto
356 1634 386 1653 se
410 1624 464 1653 tibi
489 1624 531 1654 ait
550 1624 690 1654 futurum
714 1623 847 1659 Vettius,
870 1629 899 1653 et
922 1623 1061 1652 observa·

172 1671 288 1703 turum,
305 1667 565 1707 quemadmodum
578 1667 706 1697 rationes
721 1667 759 1696 ad
774 1666 913 1696 aerarium
929 1665 1037 1695 referas
1049 1674 1059 1699 ς

172 1714 219 1748 ut,
235 1708 260 1740 si
275 1709 353 1740 hanc
368 1719 406 1740 ex
421 1710 533 1741 foenore
544 1711 657 1751 populo
669 1711 828 1751 pecuniam
839 1718 900 1739 non
912 1707 1060 1745 retuleris,
