1181 1902
280 67 333 99 IN
356 66 554 99 VERREM
579 66 625 97 11.
642 66 726 98 CAP.
743 67 795 102 47.
925 66 985 97 199

88 162 196 184 eorum
219 154 370 190 omnium,
395 154 450 196 qui
469 154 507 184 de
529 154 598 193 jure
619 153 700 184 civili
722 152 838 183 consuli
861 151 980 188 solent·

87 207 185 237 quam
199 197 290 237 plena
304 203 396 238 atque
411 197 519 227 referta
533 196 728 231 Chelidoni33
752 207 770 226 a
780 206 841 236 qua
855 195 983 226 muliere

87 249 161 270 cum
177 246 239 270 erat
252 240 293 270 ad.
310 250 381 270 eum
397 246 534 277 ventum,
551 246 580 269 et
595 240 626 269 in
643 249 747 269 aurem
764 240 830 277 ejus
845 238 980 269 insusur-

89 288 201 319 ratum,
219 283 292 313 alias
302 284 458 313 revocabat
474 293 533 319 eos,
550 282 628 312 inter
637 292 713 322 quos
722 283 787 321 jam
799 282 980 319 decreverat,

87 324 304 367 decretumque
324 327 483 361 mutabam
507 326 581 356 alias
601 325 678 355 inter
698 325 772 355 alios
797 325 980 354 contrarium

85 368 154 398 sine
183 369 248 398 ulla
271 369 415 409 religione
442 369 632 406 decernebat,
657 379 692 398 ac
717 367 865 408 proximis
888 368 980 408 paulo

85 417 157 441 ante
172 411 350 442 decreverat.

133 453 217 484 Hinc
242 454 288 484 illi
311 455 449 485 homines
471 460 567 491 erant,
584 454 638 495 qui
653 454 745 484 etiam
760 454 880 484 ridiculi
895 453 980 484 inve-

87 497 250 527 niebantur
265 508 302 528 ex
318 497 439 528 dolore:
464 508 595 539 quorum
612 497 663 528 alii
679 501 727 531 (ut
735 497 877 534 audistis)
887 506 980 537 nega-

88 541 163 570 bant
186 540 361 570 mirandum
386 551 459 577 esse,
475 543 528 581 jus
552 548 613 571 tam
641 550 776 581 nequam
802 551 864 570 esse
886 540 979 570 verri-

86 592 184 613 num:
207 583 260 613 alii
275 583 366 614 etiam
381 584 549 625 frigidiores
565 590 650 613 erant
664 594 673 619 ;
698 583 761 620 scd,
778 583 851 624 quia
865 589 977 613 stoma-

87 626 266 664 chabantur,
289 627 407 657 ridiculi
433 627 613 657 videbantur
636 637 710 663 esse,
738 636 809 656 curn
834 626 978 657 Sacerdo-

87 674 151 699 tem
166 671 408 707 exsecrabantur,
419 670 474 711 qui
484 680 599 700 verrem
612 675 675 699 tam
691 679 824 710 nequam
839 669 978 710 reliquis-

85 718 140 742 set.
164 712 245 750 Quae
259 723 316 753 ego
331 723 391 743 non
407 723 676 743 commemorarem
689 716 801 753 (neque
816 712 897 742 enim
910 722 978 752 per-

86 755 182 785 facete
196 755 287 793 dicta,
309 766 407 797 neque
421 767 510 797 porro
530 756 586 786 hac
601 755 756 785 severitate
770 755 864 795 digna
879 766 910 784 su
916 761 975 791 nt),

86 798 146 828 nisi
168 808 219 829 vos
241 799 319 829 illud
337 799 446 829 vellem
469 798 628 835 recordari,
644 798 730 829 istius
752 798 921 839 nequitiam
947 804 977 828 et

85 840 280 882 iniquitatem
296 848 363 872 tum
378 842 410 872 in
426 853 476 872 ore
491 842 587 882 vulgi,
602 848 694 882 atque
709 841 741 871 in
762 841 977 872 communibus

84 885 262 925 proverbiis,
275 895 337 915 esse
352 892 510 916 versatam.

130 927 275 958 XLVII.
309 928 348 958 In
372 929 493 969 plebem
514 939 584 959 vero
600 928 786 965 Romanam,
804 933 909 958 utrum
925 938 976 957 su-

85 971 222 1011 perbiam
247 970 331 1012 prius
355 981 534 1008 memorem,
559 981 598 1001 an
623 971 856 1002 crudelitatem?
903 970 976 1001 Sine

85 1013 179 1044 dubio
190 1014 351 1044 crudelitas
365 1014 484 1055 gravior
496 1021 540 1045 est
551 1022 643 1055 atque
654 1015 790 1045 atrocior.
815 1014 976 1045 Oblitosne

84 1056 178 1097 igitur
192 1057 247 1087 hos
263 1058 376 1098 putatis
388 1068 461 1093 esse,
475 1057 736 1098 quemadmodum
752 1058 790 1088 sit
802 1057 856 1087 iste
868 1057 974 1087 solitus

83 1100 175 1140 virgis
190 1101 312 1141 plebem
322 1101 496 1131 Romanam
507 1100 683 1131 concidere?
700 1111 794 1141 quam
806 1110 870 1130 rem
883 1100 975 1130 etiam

82 1143 224 1174 tribunus
247 1144 344 1184 plebis
365 1144 397 1174 in
420 1144 562 1174 concione
585 1143 657 1184 egit,
681 1154 752 1174 cum
777 1154 860 1180 eum,
881 1153 974 1184 quem

82 1185 174 1226 virgis
189 1186 244 1217 iste
270 1187 426 1225 ceciderat
447 1187 479 1217 in
494 1167 687 1228 prospectu’m
710 1186 817 1227 populi
840 1186 975 1217 Romani

81 1229 245 1269 produxit:
270 1231 358 1269 cujus
382 1231 424 1261 1ei
445 1230 660 1271 cognoscendae
681 1230 792 1260 faciam
813 1230 898 1260 vobis
919 1240 974 1260 suo

82 1278 218 1313 tempore
232 1279 420 1313 potestatem.

125 1316 275 1357 Superbia
290 1327 360 1347 vero
375 1328 438 1358 qua
454 1316 557 1354 fuerit,
574 1317 643 1358 quis
658 1317 803 1358 ignorat?
828 1316 976 1358 quemad-

80 1358 157 1389 dum
180 1359 430 1390 istenuissimum
453 1371 607 1401 quemque
629 1361 831 1397 contemserit,
847 1360 975 1400 despex-

82 1403 148 1439 erit,
164 1402 296 1433 liberum
316 1414 378 1434 esse
393 1414 553 1445 nunquam
568 1404 690 1434 duxerit
703 1406 716 1434 Ρ
742 1404 778 1434 Ρ.
800 1403 974 1434 Trebonius

81 1445 161 1476 viros
180 1446 275 1476 bonos
290 1452 320 1476 et
333 1447 473 1478 honestos
488 1447 658 1487 complures
673 1447 743 1477 fecit
763 1447 916 1477 haeredes:
941 1447 973 1477 in

81 1488 130 1519 his
144 1488 215 1519 fecit
230 1499 320 1519 suum
335 1490 489 1520 libertum.
522 1490 554 1520 Is
574 1493 617 1520 A.
638 1490 829 1520 Trebonium
848 1490 973 1520 fratrem

80 1530 230 1562 habuerat
243 1533 455 1574 proscriptum.
478 1533 520 1564 Ei
535 1543 606 1563 cum
622 1539 746 1563 cautum
762 1533 863 1571 vellet,
880 1533 974 1574 scrip-

83 1574 133 1613 sit,
150 1581 185 1605 ut
199 1575 332 1606 haeredes
344 1577 492 1615 jurarent,
509 1587 540 1607 se
555 1583 721 1613 curaturos,
734 1582 780 1615 ut,
798 1587 836 1607 ex
851 1575 905 1607 sua
919 1587 973 1607 cu-

79 1617 192 1659 jusque
206 1625 302 1659 parte,
319 1629 357 1649 ne
371 1620 474 1650 minus
489 1619 652 1649 dimidium
667 1619 706 1650 ad
720 1620 764 1649 A.
782 1619 973 1650 Trebonium

82 1660 208 1691 fratrem
223 1661 312 1691 inum
328 1663 529 1704 proscriptum
545 1663 723 1703 perveniret.
762 1662 904 1693 Libertus
921 1663 974 1701 ju·-

82 1709 130 1734 rat
142 1715 150 1734 :
175 1705 274 1734 caeteri
285 1704 417 1736 haeredes
428 1706 541 1736 adeunt
552 1705 591 1736 ad
604 1706 732 1736 Verrem
744 1717 752 1736 ε
777 1705 896 1743 docent,
912 1715 974 1735 non

81 1752 218 1787 oportere
233 1758 264 1779 se
275 1749 397 1788 jurare:
425 1749 554 1780 facturos
571 1759 642 1787 esse,
659 1749 743 1790 quod
757 1754 861 1780 contra
874 1748 975 1789 legem
