1181 1902
39 0 1181 107 fi——N

498 332 679 364 ORATIO
704 333 750 364 ΙΙ.

245 428 354 467 PRO
385 428 492 466 SEX.
520 428 717 466 ROSCIO
744 427 1007 466 AMERINO.

566 533 686 560 -Φ-

448 610 800 643 ARGUMENTUM.

220 685 259 719 L.
267 687 354 718 Sulla
362 688 406 717 II.
415 687 455 725 Q.
464 687 592 718 Metello
601 687 682 718 Coss.
692 687 823 717 Erucius
831 686 899 717 Sex.
909 685 1069 724 Roscium,

220 731 407 771 municipem
428 731 625 768 Amerinum,
648 731 781 771 equitem
800 731 989 766 Romanum,
1002 740 1072 770 par-

221 773 318 803 ricidii
336 784 421 803 reum
438 774 520 814 apud
532 774 579 804 M.
592 774 759 811 Fannium,
777 774 977 809 Qumis-Morem
989 774 1071 802 iuter

222 818 359 846 Sic-arios
376 816 408 849 (i.
423 827 447 846 e.
466 827 535 846 eum
552 823 723 857 praetorem,
741 817 788 846 cui
804 816 860 846 hoc
872 816 977 845 datum
995 821 1069 853 erat,

218 865 254 888 ut
270 869 304 889 eo
320 870 410 896 anno,
428 860 452 889 si
471 860 550 900 quis,
568 866 726 900 tamquam
740 859 872 895 sicariis,
890 859 1067 895 deferretur,

217 901 255 932 de
271 903 306 932 eir
322 912 352 932 re
368 903 564 943 quaestionem
580 902 715 939 haberet,
738 913 771 932 ac
790 901 951 940 judicaret)
974 901 1065 937 fecit;

218 955 351 985 eumque
366 946 408 975 ita
423 946 583 983 accusavit,
600 951 635 975 ut
650 946 760 976 diceret
781 955 902 975 causam
924 945 950 974 ei
970 944 1067 974 male-

216 987 277 1017 ficii
293 988 473 1029 suscipiendi
489 988 591 1024 fuisse,
608 988 754 1028 primum,
772 988 876 1018 odium
892 987 996 1027 patris,
1010 987 1065 1027 qui

217 1036 247 1060 et
267 1032 305 1060 ab
327 1041 389 1061 sese
410 1031 498 1060 illum
520 1031 709 1067 amandarat,
727 1037 756 1061 et
770 1031 801 1060 in
820 1030 934 1071 praedia
954 1030 1065 1060 rustica

178 1102 182 1103 ⁷
215 1073 374 1114 relegarat,
391 1083 488 1114 neque
505 1084 640 1114 unquam
657 1074 741 1103 domi
761 1084 823 1103 suae
842 1074 1008 1108 habuerat;
1033 1079 1064 1103 et

214 1116 272 1146 hoc
287 1117 430 1157 amplius,
442 1117 632 1147 exhaeredare
643 1117 732 1146 iHum
748 1117 779 1146 in
792 1116 893 1146 animo
905 1116 1063 1146 habuerat.

215 1159 265 1189 M.
283 1160 419 1196 Tullius,
441 1169 557 1189 annum
579 1165 645 1190 tum
667 1170 758 1199 agens
780 1159 875 1189 aetatis
896 1159 1061 1199 septimum

215 1208 245 1232 et
260 1202 448 1239 vicesimum,
466 1203 613 1232 Roscium
629 1203 684 1233 hac
700 1203 832 1232 oratione
847 1202 990 1232 defendit.
1024 1202 1063 1232 In

214 1245 276 1285 qu&
292 1245 355 1275 haec
371 1245 432 1275 fere
447 1245 545 1286 capita
560 1246 736 1286 complexus
752 1251 804 1275 est.
838 1245 992 1281 Primum,
1009 1246 1064 1274 ab·
1155 1251 1156 1265 ¹

213 1287 333 1318 horrere
348 1299 366 1317 a
381 1288 458 1318 tanti
470 1288 586 1318 sceleris
598 1288 752 1318 atrocitate
764 1288 857 1318 vitam
874 1290 944 1318 Sex.
958 1288 1063 1318 Roscii
1155 1295 1156 1301 ¹

212 1330 421 1361 honestissime
436 1337 527 1371 atque
547 1331 739 1371 integerrime
756 1337 958 1361 transactam:
982 1331 1063 1371 patri

212 1379 314 1404 autem
331 1384 453 1404 causam
469 1374 586 1404 nullam
607 1374 709 1411 fuisse,
724 1385 777 1404 cur
792 1384 863 1404 eum
879 1374 948 1404 odio
968 1373 1061 1404 habe-

212 1422 267 1454 ret,
285 1423 376 1457 atque
392 1416 581 1446 exhaeredare
596 1417 695 1447 vellet.
728 1417 822 1454 Quod
838 1427 907 1446 vero
923 1427 994 1447 eum
1015 1417 1059 1447 rei
1156 1450 1157 1453 Ἴ

211 1459 329 1490 rusticae
344 1466 557 1500 praeposuerat,
574 1459 605 1489 id
618 1469 678 1489 non
689 1460 780 1489 modo
796 1469 855 1490 non
872 1459 933 1489 odii
944 1470 979 1489 ac
994 1470 1061 1489 ma·
1156 1477 1157 1504 χ

210 1501 390 1541 levolentiae‚
408 1503 459 1533 sed
481 1503 571 1532 etiam
593 1503 704 1533 amoris
725 1509 753 1533 et
774 1503 991 1532 benevolentiae
1006 1513 1061 1543 pa-

209 1550 314 1582 ternae,
325 1546 476 1585 singulare
489 1546 695 1575 testimonium
708 1545 863 1576 exstitisse.
879 1545 1062 1576 Incredibile

210 1598 283 1626 esse,
301 1589 357 1618 hoc
372 1589 485 1619 crimen
501 1589 532 1618 in
557 1599 744 1629 quemquam
761 1588 898 1619 humanit
913 1588 1010 1629 specie
1025 1599 1061 1619 ac

209 1630 307 1671 figura
322 1631 484 1671 praeditum
495 1631 598 1661 cadere
614 1632 757 1672 potuisse,
769 1632 838 1669 nisi,
856 1638 1017 1672 tamquam
1029 1642 1064 1662 ea

209 1684 278 1715 quae
304 1675 397 1705 oculis
424 1681 599 1711 cernuntur7
626 1685 765 1715 expressa
791 1675 907 1705 sceleris
936 1674 1062 1714 vestigia

209 1723 379 1747 exstarent:
408 1718 583 1747 facultatem
608 1718 738 1759 denique
765 1717 939 1758 perficiendi
963 1717 1059 1747 male.-

208 1760 267 1790 ficii
283 1761 400 1791 nullam
422 1760 532 1790 Roscio
553 1760 654 1798 fuisse,
672 1762 726 1802 qui
742 1771 841 1801 neque
862 1761 971 1791 Romae
987 1766 1054 1790 tum

206 1803 322 1841 fuisset,
343 1814 413 1834 cum
435 1803 528 1835 credes
553 1802 631 1835 facta
655 1804 815 1843 diceretur,
833 1813 932 1844 neque
952 1803 1052 1833 ullum
