1181 1902
218 109 280 139 256
389 108 439 139 IN
463 108 659 140 VERREM
684 108 749 140 ΙΙΙ.
772 108 856 140 CAP.
880 107 930 139 46:

216 194 300 224 domi
315 205 377 224 suae
388 194 531 225 facillime
546 205 615 225 cum
631 195 757 236 adeptus
772 200 858 231 esset
875 193 1058 234 amplissime
1070 201 1107 223 ac

216 238 511 277 magnificentissime
537 239 650 278 gessit?
674 239 727 279 qui
752 238 898 278 oppidum
921 247 981 267 non
1006 235 1105 265 maxi-

219 290 318 317 mum,
344 281 487 310 maximis
507 291 543 311 ex
564 282 692 322 pecunia
707 282 762 311 suit
784 281 855 311 locis
879 279 1104 315 communibus,

220 323 474 364 monimentisque
490 324 662 355 decoravit?
687 325 772 363 cujus
788 324 825 354 de
845 323 959 353 meritis
979 323 1010 352 in
1026 331 1106 351 rem-

219 366 374 406 publicam
387 366 667 403 Thermitanorum,
682 367 858 407 Siculosque
870 366 1034 400 universos,
1047 364 1107 393 fuit

222 418 305 438 aenea
319 409 424 438 tabula
439 409 500 439 fixa
516 410 659 440 Thermis
674 410 705 440 in
727 410 821 446 curi-21,
843 409 874 439 in
899 409 962 449 qua
987 407 1108 448 publice

222 457 286 481 crat
307 451 344 481 de
363 451 456 490 hujus
477 452 628 483 beneficiis
651 453 796 493 scriptum
816 458 844 482 ct
865 451 1018 481 incisum?
1041 460 1109 490 quae

222 495 338 531 tabula,
356 501 421 524 tum
443 495 569 535 imperio
584 502 636 525 tuo
658 496 787 531 revulsa,
813 505 895 525 nunc
910 505 929 524 a
942 504 991 524 me
1007 500 1108 523 tamen

222 537 378 577 deportata
398 543 452 573 est,
469 544 503 568 nt
519 548 622 568 omnes
641 539 734 577 hujus
748 539 875 568 honores
890 538 967 567 inter
984 546 1063 573 suos,
1081 542 1111 566 et

223 580 468 620 amplitudinem,
491 588 611 622 possent
626 592 811 622 cognoscere.
844 581 939 610 Estne
962 579 1022 616 hic,
1044 578 1109 619 qui,

223 623 306 663 apud
323 623 379 653 Cn.
398 624 592 664 Pompeium,
605 625 804 654 clarissimum
818 624 928 659 virum,
942 633 1011 653 cum
1025 632 1112 651 aceu-

225 672 306 695 satus
322 672 407 703 esset,
425 667 518 707 quod,
535 674 657 707 propter
673 668 708 697 C.
727 667 821 697 Marii
836 666 1072 696 familiaritatem
1083 670 1113 694 et

224 708 402 749 hospitium,
419 716 522 739 contra
537 710 755 750 rempublicam
772 710 896 740 sensisse
911 719 981 739 eum
997 706 1112 737 inimici

224 759 253 781 et
265 760 448 782 accusatores
465 753 529 791 ejus
549 753 691 789 dicerent
705 763 774 783 cum
787 753 884 801 inagis
900 751 1046 782 invidioso
1056 749 1113 780 cri-

225 794 319 831 mine,
345 805 438 835 quam
460 806 529 825 vero
552 802 766 844 arces—sereturg
791 796 832 825 ita
853 806 871 825 a
892 796 949 825 C.n
967 792 1115 833 Pompeio

226 837 382 867 absolutus
398 844 452 872 est„
473 844 508 868 ut
532 839 563 868 in
580 849 614 868 eo
628 839 694 879 ipso
715 838 830 877 judicio
851 838 1016 878 Pompeius
1031 837 1127 866 hunc-

227 879 357 919 hospitio
373 891 426 909 suo
439 880 651 921 dignissimum
664 882 829 911 statueret?
852 881 894 911 ita
909 890 997 921 porro
1008 879 1116 909 lauda»-

228 929 277 952 tns
293 922 494 963 defensusque
509 926 547 954 ab
563 925 705 954 omnibus
721 925 841 961 Siculis,
868 930 902 953 ut
923 923 1002 953 idem
1021 922 1116 952 Pom-

227 965 314 1005 peius
335 975 394 995 non
411 968 448 996 ab
464 966 587 997 homine
603 968 713 1005 solum,
736 967 786 997 sed
810 967 901 997 etiam
924 978 942 996 a
963 963 1118 1006 provincial

228 1008 302 1045 total,
316 1019 346 1038 se
361 1008 453 1048 hujus
465 1010 653 1040 absolutione
668 1011 743 1040 inire
755 1011 883 1050 gratiam
899 1009 1115 1039 arbitraretur?

231 1051 401 1089 Postremo,
418 1058 500 1082 estne
515 1053 575 1090 hic,
588 1053 641 1094 qui
657 1059 685 1083 et
696 1053 834 1083 animum
850 1053 880 1082 in
896 1051 1117 1092 rempublicam

227 1094 335 1125 habuit
359 1095 519 1133 ejusmodi,
541 1102 570 1126 et
596 1102 714 1126 tantum
737 1096 911 1126 auctoritate
941 1094 1022 1135 apud
1049 1104 1117 1124 suos

230 1137 308 1169 cives
324 1137 433 1177 potuit,
452 1143 486 1168 ut
501 1139 654 1178 perficeret
668 1139 698 1169 in
715 1138 817 1169 sicilia
833 1139 924 1174 solus,
937 1143 966 1167 te
978 1146 1116 1178 praetore,

229 1179 311 1219 quod
327 1190 387 1209 non
403 1181 493 1211 modo
510 1181 629 1212 Siculus
639 1192 739 1219 nemo,
757 1182 807 1211 sed
823 1192 860 1211 ne
876 1181 978 1211 Sicilia
993 1180 1118 1220 quidem

228 1228 302 1260 tota,
319 1223 483 1263 potuisset;
508 1231 543 1254 nt
559 1235 596 1254 ex
616 1225 727 1265 oppido
750 1224 893 1254 Thermis
914 1223 1034 1253 nullum
1058 1222 1119 1262 sig-

230 1275 317 1301 num⁷
340 1266 459 1295 nullum
482 1274 706 1304 ornamentum„
729 1268 805 1297 nihil
821 1278 858 1297 ex
875 1277 967 1302 sacro,
984 1265 1061 1295 nihil
1082 1265 1120 1295 de

229 1308 362 1348 publico,
390 1309 570 1349 attingeres3
604 1321 673 1340 cum
704 1310 868 1350 prasertim
900 1314 997 1339 essent
1020 1308 1120 1338 multa

228 1351 383 1391 praeclara,
401 1357 429 1381 et
445 1358 477 1381 tu
494 1353 596 1382 omnia
611 1353 824 1393 concupisses?

273 1394 415 1434 Denique
430 1405 511 1424 nunc
526 1395 604 1431 vide,
627 1396 701 1436 quid
722 1396 798 1426 inter
823 1402 862 1432 te,
887 1396 973 1434 cnjus
996 1394 1119 1424 nomine

228 1437 310 1476 apud
327 1437 442 1467 Siculos
454 1438 516 1467 dics
532 1438 598 1468 festi
611 1440 773 1478 agitantur,
786 1445 814 1468 et
825 1439 967 1478 pra‘clara
976 1438 1029 1467 illa
1042 1437 1119 1466 Ver-

230 1489 280 1511 rea
296 1479 493 1515 celebrantur,
517 1481 565 1511 cui
581 1487 686 1511 statum
703 1482 812 1511 Romae
827 1488 905 1511 stant
927 1481 1085 1515 inauratae,
1102 1491 1120 1509 a

231 1522 387 1552 communi
410 1523 530 1559 Sicilia»,
553 1524 812 1564 quemadmodum
836 1524 1015 1564 inscriptum
1037 1523 1120 1552 vide-

230 1574 310 1600 mus,
328 1565 425 1600 datm
450 1566 529 1603 vide,
542 1566 680 1607 inquam,
698 1568 771 1608 quid
784 1567 860 1597 inter
876 1575 916 1603 te,
934 1573 962 1596 et
977 1566 1058 1596 hunc
1071 1566 1119 1595 Si-

232 1608 348 1643 culum,
366 1608 418 1647 qui
432 1610 483 1639 abs
500 1616 528 1639 te
544 1615 597 1646 est,
611 1617 737 1650 patrono
750 1611 870 1646 sicilia«,
887 1610 1116 1645 condemnatus,

230 1650 355 1680 intersit.
381 1650 475 1681 Hunc
499 1652 632 1683 civitates
657 1664 693 1683 ex
719 1656 749 1683 δι
743 1653 819 1683 cilia
840 1652 1010 1693 permultae,
1036 1651 1118 1681 testi-

233 1693 335 1722 monio
359 1703 423 1729 suo,
440 1695 700 1736 legationibusque
716 1698 754 1726 ob
771 1707 836 1726 eam
853 1706 915 1725 rem
933 1695 1041 1731 missis,
1062 1704 1119 1734 pu-

231 1735 522 1774 l)licelaud·1nt.te‚
536 1739 673 1768 omnium
690 1740 861 1769 Siculorum
873 1744 1048 1778 patronum
1058 1746 1121 1766 una

232 1778 419 1811 Mamertina
431 1780 545 1819 civitas,
563 1781 641 1812 socia
656 1782 808 1813 furtorum
825 1793 858 1813 ac
873 1781 1060 1822 ssawitioruu-
1048 1790 1056 1802 =
1071 1785 1122 1810 tu-
