1181 1902
283 42 335 74 IN
358 40 555 75 VERREM
578 41 620 74 V.
643 41 728 74 0³1».
751 43 802 73 24.
921 43 984 74 409

96 127 160 170 lpse
176 129 267 160 enim‘
277 135 424 171 tyrannus
439 139 499 161 non
515 129 686 160 discedebat
699 129 839 170 longius:
863 128 984 159 Archa-

93 172 221 212 gathum
238 179 266 203 et
281 180 452 213 argentum,
474 173 506 203 in
521 172 626 203 lectica
641 174 765 211 cubans,
782 171 820 202 ad
838 182 922 202 mare
936 173 984 203 in-

93 215 139 245 fra
154 215 312 256 oppidum,
326 217 525 256 exspectabat.

133 258 236 296 Quem
249 268 426 288 concursum
439 259 470 288 in
480 258 591 299 oppido
600 258 715 288 factum
730 259 843 299 putatis
851 260 865 289 ?
888 268 981 299 quem

90 301 276 332 clamorem?
287 311 377 342 quem
385 311 473 342 porro
478 302 583 331 fletum
590 302 772 332 mulierum?
785 302 838 342 qui
847 301 981 332 viderent

91 354 205 384 equum
227 344 398 383 Trojanum
413 344 632 381 introductum,
654 346 761 374 urbem
782 351 899 385 captam
918 355 980 374 esse

91 386 232 417 dicerent.
256 387 367 417 Efferri
379 386 458 426 [sine
470 387 579 428 thecis]
592 397 673 424 vasa,
685 388 857 427 extorqueri
872 388 931 417 alia
942 387 980 417 de

90 430 231 460 manibus
250 430 426 467 mulierum,
446 430 565 470 effringi
584 430 753 460 multorum
772 430 860 466 fores,
877 430 980 460 revelli

91 473 230 503 claustra.
264 472 350 510 Quid
364 473 445 503 enim
465 473 579 514 putatis
593 474 606 503 Ρ
630 479 714 502 scuta
729 472 753 502 si
769 473 891 513 quando
906 483 979 503 con-

89 516 252 556 quiruntur
267 526 285 545 a
299 516 423 556 privatis
437 516 469 546 in
484 516 565 546 bello
579 526 614 546 ac
632 516 780 552 tumultu,
800 522 901 545 tamen
922 516 979 546 ho-

89 559 186 589 mines
205 558 292 589 inviti
316 559 400 597 dant,
425 558 479 589 etsi
499 559 538 589 ad
558 559 686 588 salutem
702 568 896 589 communem
912 558 978 588 dari

89 602 222 632 sentiunt
232 612 241 637 ς
259 611 297 631 ne
313 612 404 642 quem
413 602 525 643 putetis
540 602 603 632 sine
612 601 748 631 maximo
759 601 861 631 dolore
871 611 979 641 argen-

89 650 157 675 tum
180 645 320 675 caelatum
336 645 437 682 domo,
455 645 537 686 quod
558 645 633 675 alter
653 645 790 685 eriperet,
807 644 977 685 protulisse.

89 687 206 718 Omnia
214 687 399 718 deferuntur.
424 687 576 728 Cybiratae
588 687 693 718 fratres
703 694 863 718 vocantur:
881 698 979 728 pauca

88 730 280 771 improbant:
298 741 366 771 quae
381 731 556 771 probarant,
567 731 603 760 iis
613 737 720 761 crustae
732 737 785 760 aut
795 731 978 761 emblemata

87 773 296 804 detrahuntur.
329 774 378 804 Sic
403 774 579 811 Haluntini,
601 774 732 804 excussis
758 773 882 811 deliciis,
906 783 976 804 cum

85 823 210 857 argento
224 827 302 856 puro
316 817 443 847 domum
459 822 654 847 reverterunt.

131 859 259 890 XXIV.
284 859 377 897 Quod
392 869 542 900 unquam,
557 860 684 899 judices,
700 859 879 899 hujusmodi
894 870 977 890 ever-

87 902 219 933 riculum
233 902 265 932 in
280 902 335 932 illa
355 902 510 943 provincia
524 902 609 933 fuit?
641 903 789 933 Avertere
808 903 925 943 aliquid
941 903 978 933 de

84 945 207 986 publico
216 955 310 986 quarn
320 945 528 975 obscurissime
537 956 590 986 per
598 946 810 986 magistratum
822 946 975 976 solebant:

84 989 175 1019 etiam
191 988 307 1029 aliquid
322 988 359 1018 de
374 988 490 1029 privato
500 998 722 1029 nonnunquam
733 989 848 1019 occulte
859 989 977 1019 aufere-

84 1032 177 1063 bant:
202 1037 232 1061 et
246 1031 291 1061 illi
302 1037 404 1061 tamen
416 1031 703 1062 condemnabantur.
727 1032 781 1069 Et,
793 1032 817 1062 si
829 1032 974 1072 quaeritis,

84 1078 134 1107 (ut
148 1074 211 1115 ipse
227 1074 265 1104 de
279 1084 329 1104 me
344 1074 514 1111 detraham)
535 1074 603 1105 illos
623 1085 678 1114 ego
699 1081 884 1105 accusatores
899 1083 975 1115 puto

83 1118 186 1156 fuisse,
203 1117 257 1158 qui
271 1117 447 1157 hujusmodi
461 1117 622 1147 hominum
637 1118 719 1147 furta
734 1117 835 1153 odore,
852 1123 905 1147 aut
920 1118 978 1147 ali-

84 1171 146 1202 quo
157 1160 261 1191 leviter
269 1170 370 1200 presso
381 1160 517 1201 vestigio,
530 1162 796 1201 persequebantur.
822 1161 906 1190 Nam
919 1171 974 1191 nos

84 1203 209 1245 quidem
224 1202 299 1244 quid
313 1203 441 1233 facimus
456 1203 487 1233 in
498 1203 606 1241 Verre,
623 1214 715 1244 quem
727 1204 759 1233 in
774 1204 839 1233 luto
854 1204 972 1234 voluta-

83 1254 150 1278 tum
160 1247 251 1276 totius
263 1246 393 1287 corporis
400 1246 534 1287 vestig-Iis
542 1246 714 1276 invenimus
725 1248 739 1276 Ρ
764 1246 973 1286 Permagnum

84 1296 138 1327 est,
164 1289 193 1319 in
216 1299 285 1319 eum
306 1289 403 1320 dicere
423 1289 550 1330 aliquid,
576 1289 641 1330 qui,
662 1289 845 1330 praeteriens,
866 1289 973 1320 lectica

82 1333 234 1375 paulisper
249 1332 395 1373 deposita,
411 1342 472 1362 non
487 1343 541 1373 per
555 1332 731 1373 praestigias,
745 1332 796 1362 sed
805 1332 906 1373 palam
917 1343 972 1373 per

83 1382 272 1418 potestatem,
297 1385 359 1406 uno
381 1375 519 1416 imperio,
544 1375 677 1406 ostiatim
700 1381 799 1406 totum
823 1375 971 1416 oppidum

83 1418 253 1459 compilarit
264 1420 278 1449 ?

126 1463 173 1492 At
187 1468 300 1499 tamen,
317 1466 352 1492 ut
366 1467 465 1502 posset
480 1472 510 1492 se
525 1461 623 1492 dicere
639 1461 756 1499 emisse,
773 1461 972 1502 Archagatho

76 1506 224 1547 imperat,
246 1510 281 1535 ut
302 1505 418 1545 aliquid
441 1504 512 1541 illis,
530 1515 661 1546 quorum
677 1510 835 1545 argentum
860 1504 970 1543 fuerat,

83 1548 328 1586 nummulorum,
345 1547 418 1578 dicis
433 1558 534 1585 causa,
550 1548 643 1578 daret.
676 1548 797 1578 Invenit
812 1548 972 1588 Archaga-

83 1592 154 1623 thus
179 1601 301 1632 paucos‚
323 1591 376 1631 qui
402 1591 514 1621 vellent
537 1591 688 1631 accipere.
711 1591 759 1621 his
778 1590 870 1620 dedit.
908 1590 972 1621 Eos

83 1644 225 1669 nummos
240 1639 341 1664 tamen
357 1633 412 1664 iste
423 1633 620 1674 Archagatho
631 1644 691 1664 non
701 1634 840 1664 reddidit.
864 1633 973 1664 Voluit

76 1679 193 1710 -Romae
213 1682 312 1717 petere
332 1677 565 1719 Archagathus:
591 1677 649 1708 Cn.
664 1677 818 1708 Lentulus
838 1676 974 1708 Marcel-

127 1721 247 1757 (Orat.)
271 1728 354 1750 vor..
373 1728 396 1750 1.
698 1722 717 1750 *2
733 1729 755 1750 x
