1181 1902
159 55 219 86 164
340 53 391 83 IN
414 51 610 83 VERREM
635 51 682 83 ΙΙ.
706 50 790 82 ΟΑΡ.
809 51 859 82 11.

161 151 232 172 cum
247 139 357 176 caeteri,
380 138 434 179 qui
448 144 514 168 tum
530 137 562 168 in
578 137 681 169 Sicine
691 137 819 179 negotiis
833 137 943 168 Dionis
957 137 1050 167 inter-

162 184 309 218 fuissent;
333 192 404 212 cum
423 192 476 222 per
498 192 548 212 eos
565 181 645 222 ipsos
664 181 738 219 dies,
762 191 815 221 per
834 190 910 221 quos
928 190 1051 210 causam

164 227 225 257 Dio
244 225 365 263 diceret,
389 224 566 265 reperiretur
586 224 727 265 pecunias
747 224 887 254 sumsisse
906 229 1051 260 mutuas;

163 269 288 300 nomina
303 279 358 298 sua
373 268 515 308 exegisse,
527 267 640 308 praedia
652 267 837 303 vendidisse3
855 276 925 296 cum
938 267 1053 296 tabulae

163 313 298 343 virorum
312 313 462 342 bonorum
477 310 700 351 proferrentur;
724 320 806 347 cum,
823 310 877 350 qui
891 309 1052 350 pecuniam

165 355 261 386 Dioni
282 354 440 390 dederunt,
469 354 601 384 dicerent
627 364 657 383 se
680 354 745 392 jam
772 359 839 383 tum
864 352 996 390 audisse,
1019 362 1054 382 eo

167 408 310 429 nummos
326 397 416 435 sumi,
440 403 474 426 ut
488 396 578 427 Verri
598 396 761 432 darentur3
784 406 855 426 cum
870 395 971 433 amici,
987 395 1057 425 hos-

168 442 255 482 pites,
279 440 398 481 patroni
413 439 532 477 Dionis,
548 439 686 470 homines
700 438 914 477 honestissimi,
930 438 994 468 haec
1009 448 1059 468 ea-

168 485 239 515 dem
259 494 291 514 se
305 483 424 513 audisse
439 482 580 513 dicerent.
614 482 745 522 Opinor,
766 492 837 512 cum
856 482 921 511 haec
941 481 1058 518 fierent,

170 534 237 557 tum
253 537 305 557 vos
319 525 472 563 audiretis,
496 525 573 556 sicut
587 525 714 555 audistis
727 536 735 554 :
760 530 827 554 tum
842 534 932 554 causa
947 524 996 564 agi
1016 524 1062 554 vi-

172 570 301 600 deretur.
339 569 388 599 Sic
400 579 418 599 a
429 578 479 598 me
490 574 560 598 sunt
575 574 641 598 acta
656 567 758 597 omnia
772 568 870 608 priore
884 566 1011 605 actione,
1027 572 1064 597 ut

172 613 204 643 iu
228 612 405 643 criminibus
427 611 568 641 omnibus
591 610 712 640 nullum
736 616 822 647 esset,
846 610 878 639 in
898 620 960 650 quo
980 609 1064 650 quis-

174 665 267 696 quam
292 656 424 685 vestrum
445 659 623 695 perpetuam
645 653 865 683 accusationem
889 652 1063 693 requireret.

175 699 265 739 Nego
288 709 350 728 esse
371 697 541 737 quidquam
565 707 583 726 a
607 696 732 726 testibus
755 696 882 733 (lictum,
906 695 989 736 quod
1010 700 1064 725 aut

175 743 308 772 vestrum
323 740 456 780 cuipiam
468 746 543 770 esset
553 741 728 778 obscurum,
740 745 793 769 aut
804 739 986 779 cujusquam
998 748 1065 768 ora-

176 784 248 814 toris
264 783 468 823 eloquentiam
483 787 638 823 quaereret.

220 827 283 857 XI.
301 826 426 856 Etenim
442 825 483 855 sic
498 836 547 855 me
561 825 663 865 ipsum
678 824 772 864 egisse
786 823 934 854 memoria
948 823 1066 861 tenetis,

177 875 213 899 ut
232 870 263 899 in
283 869 409 899 testibus
428 867 647 908 interrogandis
662 867 766 897 omnia
780 867 906 897 crimina
920 876 1069 907 propone-

177 923 254 949 rem,
278 918 307 942 et
331 911 524 951 explicarem,
549 916 594 948 ut,
618 920 689 940 cum
709 920 773 940 rem
795 915 890 940 totam
912 909 945 939 in
968 909 1070 940 medio

178 954 411 996 proposuissem,
446 959 514 984 tum
547 953 678 993 denique
707 958 814 983 testem
842 953 1069 992 interrogarem.

180 999 290 1038 Itaque
305 1007 365 1027 non
380 997 471 1027 modo
486 1007 549 1035 vos,
566 996 677 1036 quibus
689 1001 733 1026 est
741 995 954 1034 judicandum,
970 1001 1071 1025 nostra

180 1041 308 1072 crimina
325 1040 442 1078 tenetis,
466 1039 519 1070 sed
538 1039 630 1069 etiam
649 1039 781 1079 populus
797 1039 956 1069 Romanus
976 1044 1071 1068 totam

180 1083 400 1114 accusationem
426 1092 608 1123 causamque
634 1081 793 1122 cognovit:
823 1081 942 1111 tametsi
967 1080 1009 1111 ita
1035 1081 1072 1111 de

180 1137 249 1157 meo
264 1127 341 1157 facto
356 1126 474 1165 loquor,
498 1125 585 1166 quasi
600 1134 655 1165 ego
674 1124 752 1154 illud
767 1124 836 1154 meir
850 1124 1005 1155 voluntate
1019 1134 1074 1164 po-

180 1170 252 1207 tius,
276 1179 370 1210 quam
391 1168 490 1198 vestra
511 1167 624 1207 injuria
638 1167 786 1197 adductus
800 1167 933 1197 fecerim.
971 1167 1072 1197 Inter-

182 1212 322 1253 posuistis
341 1217 556 1249 accusatorem,
579 1210 644 1251 qui,
668 1220 739 1240 cum
763 1220 818 1250 ego
838 1210 915 1239 mihi
939 1210 965 1240 C
989 1215 1018 1239 et
1039 1209 1072 1239 X

182 1255 246 1285 dies
261 1255 338 1285 solos
353 1254 385 1284 in
401 1253 536 1284 Siciliam
550 1252 761 1294 postulassem,
778 1254 803 1283 (J
820 1258 849 1283 et
864 1253 953 1283 VIII
969 1253 1027 1282 sibi
1040 1252 1074 1282 in

183 1298 337 1328 Achaiam
348 1297 522 1338 postularet.
557 1296 681 1326 Menses
695 1295 773 1325 mihi
787 1301 847 1325 tres
862 1305 933 1325 cum
948 1295 1076 1336 eripuis-

183 1341 253 1371 setis
268 1341 307 1370 ad
322 1339 475 1380 agendum
490 1339 624 1369 maxime
639 1338 801 1379 appositos,
817 1338 970 1379 reliquum
986 1348 1077 1368 orrme

185 1393 306 1424 tempus
329 1383 421 1421 hujus
441 1382 514 1412 anni
533 1392 583 1412 me
601 1382 686 1412 vobis
705 1381 902 1412 remissurum
926 1381 1074 1421 putinstis3

185 1433 231 1464 ut,
245 1436 316 1456 cum
331 1425 412 1455 horis
432 1425 539 1455 nostris
554 1434 608 1455 nos
619 1434 752 1455 essemus
767 1424 825 1462 usi,
841 1431 886 1462 tu,
903 1424 982 1454 binis
996 1424 1082 1454 ludis·

186 1468 379 1510 interpositis,
403 1467 632 1508 quadragesimo
647 1473 715 1508 post
729 1467 778 1497 die
792 1467 1005 1507 responderes3
1025 1467 1077 1498 de-

186 1512 258 1543 inde
277 1512 320 1542 ita
334 1518 454 1551 tempus
474 1510 643 1548 duceretur,
666 1516 701 1540 ut
715 1521 733 1540 a
749 1510 798 1540 Μ’
816 1509 981 1540 Glabrione
1000 1521 1077 1551 prze-

187 1561 262 1592 tore,
278 1560 308 1585 et
319 1565 337 1584 a
348 1553 461 1594 magna
474 1559 559 1595 parte
574 1554 684 1584 horum
696 1552 849 1592 judicum,
865 1552 904 1583 ad
918 1559 1077 1594 praetorem

187 1598 284 1628 alium
295 1597 473 1638 judicesque
487 1597 562 1627 alios
576 1596 757 1627 veniremus.

231 1640 309 1671 Haec
332 1639 356 1670 si
377 1650 433 1680 ego
447 1649 508 1669 non
528 1639 690 1675 vidissenn
714 1639 740 1670 si
754 1649 804 1670 me
818 1648 879 1669 non
894 1649 999 1670 omnes
1014 1639 1077 1670 noti

186 1682 344 1724 ignotique
358 1682 556 1720 monuissent,
578 1682 611 1712 id
625 1682 686 1723 agi,
702 1682 734 1712 id
748 1681 882 1722 cogitari,
898 1682 930 1712 in
946 1692 981 1713 eo
995 1683 1080 1715 labo-

186 1726 257 1765 rari,
281 1731 315 1757 ut
341 1736 386 1756 res
408 1726 440 1756 in
466 1725 543 1757 illud
570 1731 690 1767 tempus
716 1725 907 1765 rejiceretur;
932 1725 1030 1761 credo,
1054 1726 1078 1756 si
