1216 1907
183 69 225 99 22
357 69 449 101 PRO
473 70 511 100 P.
527 68 739 108 QUINTIO.
756 69 840 100 CAP.
860 70 907 101 19.

179 154 291 194 judicis
302 156 505 186 consolabitur
518 158 532 187 Ρ
557 156 645 187 Vixit
659 156 740 187 enim
756 166 874 196 semper
893 153 1006 185 inculte
1026 159 1073 184 ata

182 209 243 238 que
258 198 399 229 horride:
424 199 533 230 natura
544 199 620 230 tristi
636 211 670 230 ac
686 199 838 230 recondita
852 198 932 228 fuit:
957 207 1017 227 non
1033 196 1072 226 ad

183 241 339 280 solarium,
357 252 417 272 non
432 243 464 272 in
486 244 614 283 Campo,
630 253 691 273 non
709 243 741 272 in
762 241 917 279 conviviis,
938 245 1073 272 versatus

182 290 245 314 est:
271 284 302 314 id
314 295 346 316 et
330 285 385 325 it,
403 292 438 315 ut
453 286 564 316 amicos
580 285 779 322 observantia,
797 296 861 315 rem
877 282 1075 325 parcimonia,

182 327 331 358 retineret.
360 328 535 369 Antiquam
558 329 648 359 officii
671 329 817 359 rationem
840 327 958 365 dilexit,
984 326 1072 365 cujus

183 370 324 410 splendor
339 372 437 402 omnis
454 372 500 402 his
511 372 647 402 moribus
662 372 816 402 obsolevit.
839 371 897 408 At,
914 370 939 400 si
953 370 985 399 in
1001 379 1074 399 cau-

185 413 217 443 sa
240 414 305 453 pari
320 414 469 445 discedere
484 415 606 445 inferior
627 415 788 453 videretur,
805 420 907 444 tamen
922 417 998 443 esset
1011 421 1073 441 non

186 456 377 487 mediocriter
392 458 658 498 conquerendum:
684 468 776 496 nunc,
792 457 824 487 in
840 456 930 487 caus&
941 455 1077 496 superio-

184 509 228 537 re,
245 509 283 530 ne
298 506 333 530 ut
353 511 407 541 par
423 501 548 541 quidem
568 501 617 539 sit,
640 501 793 541 postulat3
818 500 991 530 inferiorern
1012 507 1076 528 esse

183 552 246 572 sese
260 543 385 583 patitur,
407 543 557 574 duntaxat
578 555 673 584 usque
688 554 734 581 eo,
756 553 805 581 ne,
822 553 893 573 cum
911 541 1009 579 bonis,
1025 541 1074 570 fa-

185 585 249 622 ma,
266 586 456 627 fortunisque
467 587 622 625 omnibus,
639 588 709 617 Sex.
727 587 758 617 N
761 586 828 617 aevii
840 584 998 627 cupiditati
1009 594 1077 615 eru-

185 627 362 670 delitatique
373 629 510 660 dedatur.

228 672 324 702 XIX.
356 672 468 711 Docui,
494 673 577 721 quod
602 672 737 714 primum
760 672 911 713 pollicitus
934 680 1015 707 sum,
1036 669 1078 700 C·

185 714 321 755 Aquilli,
338 726 459 746 causan]
475 716 611 753 omnino,
628 727 681 746 cur
696 716 804 756 postul‘
798 720 871 752 iret,
885 724 946 744 non
960 713 1075 743 fuisse·
1065 735 1076 749 ‚

186 757 270 797 quod
291 768 390 798 neque
410 760 538 799 pecunia
563 759 748 789 debebatur:
774 764 813 795 et,
827 758 852 788 si
874 757 1009 787 maxime
1023 756 1076 786 de-

184 801 317 839 beretur,
334 802 531 832 commissum
543 802 620 831 nihil
632 812 705 839 esse,
719 812 812 842 quare
827 801 865 831 ad
880 800 970 830 istam
985 798 1077 829 ratio-

184 852 255 873 nem
271 845 486 884 perveniretur.
508 845 644 875 Attende
658 855 751 881 nunc,
765 855 802 874 ex
818 843 913 874 edicto
928 842 1075 883 praetoris,

184 887 265 917 bona
278 887 313 916 P.
330 887 453 925 Quintii
468 888 612 928 possideri
628 888 713 917 nullo
728 887 819 917 modo
834 886 975 927 potuisse.
1014 885 1078 915 Re-

183 929 244 959 cita
259 930 411 960 edictum:
438 933 460 948 “
478 931 555 969 Qui,
572 930 771 961 fraudationis
793 940 894 967 causa,
917 927 1077 958 latitant-'²

184 972 258 1002 Non
268 980 312 1003 est
326 973 351 1003 is
364 973 531 1011 Quintius:
556 974 614 1004 nisi
630 974 655 1004 si
664 974 796 1011 latitant,
809 972 863 1013 qui
872 972 910 1002 ad
920 971 1077 1011 negotium

183 1025 286 1053 suum,
303 1016 405 1046 relicto
417 1023 620 1057 procuratore,
636 1016 878 1057 proficiscuntur.
903 1016 925 1032 ‘⁶
943 1014 1002 1044 Cui
1014 1014 1078 1044 hae-

183 1068 229 1088 res
239 1068 300 1089 non
311 1060 475 1090 exstabit.’'
500 1060 550 1090 Ne
566 1060 591 1090 is
606 1059 742 1100 quidem.
767 1061 789 1077 “
800 1058 877 1097 Qui,
893 1057 991 1088 exsilii
1006 1067 1078 1087 cau-

182 1101 227 1139 sa,
245 1102 344 1132 solum
360 1103 514 1133 verterit.”
538 1102 611 1140 Quo
627 1109 761 1143 tempore
777 1101 931 1132 existimas
953 1105 1078 1140 oportu-

182 1143 251 1181 isse,
270 1145 301 1174 N
304 1145 371 1183 aevi,
387 1147 543 1176 absentem
558 1145 724 1183 Quintium
740 1144 874 1181 defendi,
885 1149 939 1174 aut
949 1152 1078 1184 quomo-

183 1186 242 1218 do.
235 1189 248 1210 Ῥ
272 1193 352 1225 tum,
369 1199 440 1219 cum
456 1189 643 1230 postulabas,
657 1194 692 1218 ut
705 1190 785 1218 bona
796 1187 986 1228 possideres?
1011 1186 1043 1215 N
1046 1195 1079 1216 e-

182 1239 235 1259 mo
250 1231 357 1261 affuit:
382 1241 480 1272 neque
491 1232 573 1262 enim
583 1231 746 1272 quisquam
758 1231 892 1261 divinare
906 1234 1034 1270 poterat,
1047 1233 1079 1258 te

184 1274 434 1312 postulaturum:
459 1284 558 1315 neque
574 1284 763 1315 quemquam
785 1273 933 1304 attinebat
946 1271 979 1301 id
993 1282 1080 1302 recu-

183 1326 259 1353 sare,
277 1317 359 1357 quod
374 1323 496 1358 praetor,
517 1327 579 1348 non
594 1317 671 1356 fieri,
688 1317 740 1348 sed
761 1327 799 1348 ex
814 1316 910 1347 edicto
925 1325 980 1346 suo
1000 1314 1077 1353 fieri,

181 1358 320 1397 jubebat.

227 1402 292 1440 Qui
314 1402 397 1433 locus
419 1403 513 1443 igitur
533 1402 664 1433 absentis
688 1401 871 1432 defendendi
890 1400 1078 1441 procuratori

183 1444 301 1484 primus
316 1446 405 1476 datus
420 1448 488 1477 est?
513 1446 595 1476 Cum
610 1445 816 1486 proscribebas
829 1447 843 1475 ’ἓ
867 1444 952 1484 Ergo
967 1443 1074 1474 affuit:

184 1497 245 1517 non
261 1498 366 1528 passus
376 1494 438 1519 est:
463 1490 582 1519 libellos
593 1489 701 1528 dejecit
717 1489 787 1518 Sex.
804 1487 978 1528 Alphenus.
1011 1486 1077 1524 Qui

183 1530 301 1571 primus
317 1538 379 1561 erat
394 1531 484 1562 officii
500 1532 623 1572 gradus,
646 1537 780 1561 servatus
796 1537 840 1561 est
854 1541 872 1560 a
886 1534 1079 1570 procuratore

183 1584 306 1604 summa
321 1585 391 1604 cum
410 1575 578 1615 diligentia.
614 1575 794 1612 Videamus,
811 1584 880 1614 quae
894 1573 1003 1603 deinde
1018 1572 1079 1602 sint

182 1623 351 1647 consecuta.
378 1618 546 1648 Hominem
560 1618 595 1647 P.
610 1617 733 1655 Quintii
745 1616 946 1657 deprehendis
964 1615 996 1645 in
1019 1625 1078 1656 pu-

182 1659 281 1690 blico:
306 1661 422 1690 conaris
441 1661 608 1691 1111111000το
633 1671 694 1691 11011
710 1660 824 1701 patitur
838 1659 1020 1699 Alphenus:
1046 1658 1076 1688 vi

181 1702 237 1732 tibi
246 1703 374 1734 adimit.
388 1711 484 1741 curat,
492 1710 527 1734 ut
538 1703 666 1734 domum
677 1703 837 1734 reducatur
846 1702 885 1732 ad
896 1701 1074 1740 Quintium.

181 1745 246 1778 Hic
266 1756 389 1788 quoque
416 1757 536 1778 summe
558 1752 674 1778 constat
697 1745 898 1788 procuratoris
919 1743 1077 1786 diligentis
