1181 1902
185 95 249 125 262
359 96 409 127 IN
434 97 630 128 VERREM
656 97 721 127 ΠΙ.
746 97 829 127 CAP.
854 95 905 124 53.

185 180 280 211 istum
296 180 441 221 defertur,
464 188 492 213 et
507 183 593 213 istius
607 193 691 213 more
707 182 864 213 deciditur.
888 179 1076 210 'roreumata

185 233 257 254 sane
277 231 349 254 nota
363 236 398 255 ac
413 227 543 266 pretiosa
558 227 745 256 auferuntur.
772 224 945 254 Herc-dotus
967 223 1076 252 Romae

184 273 248 297 erat
261 279 269 297 ε
295 269 366 298 satis
377 271 504 309 putabat
520 280 549 299 se
565 269 602 299 ad
619 269 739 299 comitia
751 274 886 308 tempore
901 272 1075 298 venturum,

185 309 211 339 si
225 310 321 350 pridie
334 312 470 342 venisset.
498 313 569 349 Iste,
584 323 621 342 ne
636 318 689 342 aut
701 312 759 341 alio
771 320 884 346 mense,
898 319 932 338 ac
944 308 989 338 fas
1001 313 1076 344 erat,

184 353 306 383 comitia
321 354 514 392 haberentur,
527 362 580 385 aut
594 355 749 385 Herodoto
761 353 900 395 praesenti
920 352 1014 381 honos
1025 350 1078 380 ad-

184 394 330 426 imeretur
343 397 399 434 (id,
412 398 494 439 quod
510 399 565 429 iste
575 409 634 428 non
645 399 812 433 laborabat,
824 394 1008 427 Climachias
1019 393 1079 422 mi·-

185 438 268 469 nime
289 441 434 478 volebat),
452 442 612 482 excogitat,
630 441 707 474 (dixi
725 439 931 479 jamdudumg
956 447 1017 466 non
1034 443 1078 465 est

185 481 278 512 homo
293 484 407 513 acutior
422 485 596 525 quisquam,
614 495 668 514 nec
677 483 749 520 fuit)
760 482 920 522 excogitat,
937 481 1076 520 inquam,

186 526 448 565 quemadmodum
463 538 566 558 mense
581 528 633 557 illo
644 526 780 567 legitimo
796 524 917 556 comitia
932 524 1080 553 haberen-

186 573 246 604 tur,
264 578 318 599 nec
334 576 435 600 tamen
450 570 623 601 Herodotus
639 570 740 600 adesse
754 574 863 610 posset.

227 611 286 641 Est
302 614 486 643 consuetudo
503 614 686 649 Siculorum,
704 619 940 651 caeterorumque
956 610 1078 639 (J'raeco-

184 664 266 691 rum,
284 656 366 695 quod
376 667 445 687 suos
454 657 517 687 dies
529 666 706 697 mensesque
716 665 879 696 congruere
889 653 995 683 volunt
1005 661 1076 681 cum

185 697 256 727 solis
270 698 413 740 lunaeque
428 700 554 736 ratione,
573 706 608 730 ut
629 708 862 739 nonnunquam,
885 696 909 726 si
929 694 1004 736 quid
1019 694 1080 724 dis-

185 746 296 781 crepet,
310 742 446 772 eximant
461 753 559 773 unum
575 743 709 783 aliquem
722 742 814 779 diem,
828 746 881 770 aut
893 743 1078 774 (summum)

186 783 328 821 biduum,
346 796 383 815 ex
399 795 519 821 mense;
545 796 620 826 quos
636 786 681 815 illi
694 787 889 823 εξαιρεσιμους
904 782 967 811 dies
982 780 1081 810 nomi-

184 833 279 856 nant:
304 827 377 857 item
390 838 612 869 nonnunquam
624 838 685 858 uno
695 828 743 857 die
758 826 926 866 longiorem
942 833 1079 854 mensem

184 869 311 907 faciunt,
329 877 382 901 aut
397 871 499 902 biduo.
525 873 605 909 Quae
620 871 674 901 iste
690 881 760 900 cum
771 869 967 909 cognovisset,
981 877 1077 896 novus

184 913 365 953 astrologum
383 915 436 955 qui
453 924 512 944 non
529 920 592 944 tam
610 914 675 944 coeli
691 913 849 947 rationem„
874 921 967 952 quam
984 909 1080 940 caelati

185 956 303 995 argenti
318 956 450 994 duceret,
465 957 558 987 eximi
571 959 670 996 jubet,
684 967 745 987 non
761 956 841 985 diem
854 965 891 984 ex
902 963 1015 989 mense,
1027 951 1079 982 sed

186 1008 225 1028 ex
240 1008 320 1029 anno
341 1010 439 1030 unum
456 1000 712 1041 dimidiatumque
727 1008 879 1034 mensem3
904 997 960 1027 hoe
975 995 1079 1033 modo,

186 1047 232 1077 ut,
257 1053 318 1082 quo
335 1043 384 1072 die
400 1045 497 1077 (verbi
513 1043 614 1079 causa)
642 1053 704 1073 esse
719 1047 869 1083 oporteret
890 1040 964 1070 Idus
980 1039 1082 1069 Janu-

185 1084 274 1121 arias,
291 1095 326 1115 eo
342 1086 390 1116 die
411 1086 561 1117 Calendas
578 1086 707 1117 Martias
722 1084 937 1126 proscriberet:
962 1083 1080 1122 ita-que

181 1127 227 1165 fit,
242 1129 386 1159 omnibus
402 1130 610 1160 recusantibus
624 1136 653 1159 et
668 1128 869 1170 plorantibus.
894 1126 968 1156 Dies
981 1125 1005 1154 is
1018 1130 1081 1154 erat

185 1170 340 1210 legitimus
361 1173 489 1203 comitiis
509 1173 677 1209 habendis3
703 1182 737 1202 eo
753 1171 844 1201 modo
865 1169 999 1200 sacerdos
1016 1167 1080 1198 Cli-

185 1214 319 1244 machias
331 1215 521 1246 renuntiatus
537 1222 588 1246 est.

230 1257 416 1295 Herodotus,
433 1269 504 1289 cum
520 1259 622 1289 Roma
638 1257 807 1293 revertitur,
829 1256 935 1286 diebus
955 1258 1003 1287 (ut
1018 1254 1082 1294 ipse

185 1301 328 1340 putabat)
345 1301 519 1342 quindecim
535 1308 605 1332 ante
620 1301 752 1338 comitia‚
769 1299 895 1330 offendit
910 1308 979 1328 eum
996 1306 1083 1326 men-

185 1353 261 1380 sem,
290 1344 343 1384 qui
366 1346 559 1386 consequitur
576 1354 712 1375 mensem
733 1343 927 1377 comitialem,
953 1339 1082 1371 comitiis

185 1387 252 1425 jam
268 1387 379 1418 abhinc
391 1388 515 1429 triginta
529 1388 635 1418 diebus
650 1387 770 1417 habitis.
794 1385 885 1415 Tunc
901 1383 1082 1424 Cephaledi-

187 1429 252 1459 tani
267 1429 463 1461 decreverunt
472 1431 695 1461 intercalarium
709 1429 803 1460 XLV
818 1428 881 1458 dies
896 1428 1035 1467 longunu
1047 1431 1083 1455 ut

188 1472 298 1512 reliqui
315 1483 431 1504 menses
446 1475 478 1504 in
495 1485 581 1504 suam
598 1474 744 1503 rationem
760 1477 987 1502 reverterentur.
1013 1468 1082 1498 Hoc

188 1514 214 1544 si
228 1516 336 1546 Romae
352 1516 416 1546 fieri
431 1524 541 1557 posset,
555 1523 632 1548 certe
642 1515 743 1557 aliqua
754 1514 867 1545 ratione
880 1512 1083 1553 expugnasset

187 1557 254 1595 iste,
271 1564 306 1588 ut
321 1559 383 1589 dies
395 1559 490 1590 XLV
506 1561 584 1590 inter
598 1560 684 1590 binos
704 1558 791 1588 ludos
815 1557 1001 1593 tollerentur,
1027 1564 1081 1595 per

189 1611 266 1642 quos
281 1602 359 1632 solos
368 1602 520 1641 judicium
537 1603 602 1633 fieri
617 1608 725 1643 posset.

233 1644 328 1674 LIII.
353 1645 374 1675 J
378 1655 428 1675 am
440 1657 521 1683 vero,
535 1656 669 1676 censores
681 1642 940 1686 quemadmodum
956 1642 988 1671 in
1005 1639 1081 1670 Sici-

188 1686 242 1724 lia,
264 1687 320 1717 isto
341 1695 478 1729 praetore‚
505 1689 595 1719 creati
619 1689 689 1725 sint,
715 1697 813 1728 operae
828 1686 960 1727 pretium
976 1690 1019 1713 est
1034 1693 1083 1714 co-.

191 1740 342 1770 gnoscere.
357 1731 415 1762 Ille
425 1732 507 1762 enim
524 1737 567 1762 est
582 1731 775 1772 magistratus
787 1728 869 1770 apud
884 1728 1012 1764 Siculos,
1029 1725 1083 1766 qui

192 1773 422 1815 diligentissime
438 1775 602 1806 mandatur
621 1786 639 1806 a
650 1774 774 1815 populo,
791 1778 913 1813 propter
923 1771 1002 1801 hanc
1013 1779 1085 1800 cau-
