1181 1902
208 170 299 204 PRO
322 170 488 204 ROSCIO
509 170 746 203 AMERINO.
770 170 898 207 CAP.7·
959 172 1003 203 43

112 270 146 292 re
160 257 272 290 audio:
297 268 372 299 quas
393 257 565 289 inimicitias
587 257 612 288 si
637 263 701 288 tam
719 268 823 288 cavere
846 257 1004 299 potuisset,

115 312 222 352 quam
218 306 352 331 metuere
361 302 485 338 solebat
497 301 617 331 viveret.
642 302 752 341 Neque
767 301 860 339 enim,
874 301 1002 340 judices,

115 343 227 384 injuria
242 345 416 374 metuebat.
441 354 510 373 nam
527 344 607 373 duo'
599 344 648 374 1sti
664 344 783 374 suntT.
800 344 903 374 Roscii
916 346 1005 384 (quo-

117 398 187 419 rum
213 387 298 418 alteri
314 386 455 428 Capitoni
469 397 635 427 cognomen
656 392 720 422 est3
745 387 812 423 iste,
840 387 893 427 qui
908 387 1003 425 adest,

118 431 256 471 Magnus
271 436 407 467 vocatur)
422 429 559 460 homines
574 409 723 469 ejusmodi
736 441 743 459 :
769 429 843 459 alter
858 430 1006 470 plurima-

117 484 187 504 rum
203 473 375 514 palmarum
391 479 477 503 vetus
499 483 532 503 ac
554 472 663 503 nobilis
686 472 834 512 gladiator
854 473 1003 508 habetur;

117 517 167 547 hic
182 522 284 546 autem
299 525 396 556 nuper
417 525 447 545 se
470 516 508 545 ad
529 526 599 545 eum
619 515 761 546 lanistam
782 515 927 545 contulit:
952 515 1007 555 qui

118 570 200 595 cum,
224 564 293 588 ante
314 558 392 588 hanc
413 569 562 599 pugnam,
584 559 641 588 tiro
662 564 737 588 esset
759 558 875 588 serenti
865 571 893 595 1,
919 558 1006 588 facile

116 602 218 644 ipsum
234 601 413 642 magistrum
429 602 536 631 scelere
551 601 737 642 audaciaque
752 601 913 642 superavit.

162 644 241 675 VII.
266 644 362 682 Nam,
379 655 450 674 curn
465 644 513 674 hic
534 645 604 675 Sex.
622 644 751 675 Roscius
766 649 841 674 esset
856 643 1003 681 Ameriae,

119 687 160 718 Τ
176 693 279 718 autem
294 687 349 717 iste
365 687 492 719 Roscius
512 688 642 722 Romaee.
667 697 737 717 cum
762 686 810 717 hic
831 686 911 717 filius
933 687 1006 717 assi-

118 730 222 761 duus
215 740 246 760 m
264 730 384 770 praediis
402 736 488 767 esset,
508 741 640 771 cumque
660 741 701 766 se,
721 730 875 760 voluntate
901 729 1006 770 patris,

118 773 162 803 rei
184 773 326 803 familiari
346 773 476 814 vitaeque
500 774 617 805 rusticae
641 773 789 808 dedissem
824 773 879 803 iste
903 778 1004 802 autem

118 816 260 856 frequens
272 816 380 846 Romae
392 822 467 846 esset
479 827 492 852 ;
513 816 658 847 occiditur
669 816 708 846 ad
719 817 841 846 balneas
852 815 1006 846 Palatinas

119 859 235 890 rediens
251 869 268 888 a
283 859 366 889 coena
382 860 452 890 Sex.
469 859 606 890 Roscius.
630 860 725 900 Spero
740 870 778 889 ex
792 859 849 889 hoc
865 859 930 899 ipso
944 868 1006 889 non

120 911 182 932 esse
198 903 372 939 obscurum,
388 902 426 932 ad
439 912 531 942 quem
549 902 678 943 suspicio
687 902 828 932 maleficii
837 902 985 942 pertineat
996 913 1005 931 ι

118 955 225 975 verum
240 944 282 982 id,
307 945 389 985 quod
405 945 503 975 adhuc
519 951 563 976 est
582 945 793 986 suspiciosum,
816 945 874 974 nisi
891 944 1008 985 perspi-

121 997 213 1018 cuum
229 998 274 1017 res
290 988 356 1028 ipsa
370 987 483 1026 fecerit,
496 988 578 1018 hunc
588 988 710 1020 affinem
721 988 818 1028 culpae
830 987 1006 1027 judicatote.

163 1030 271 1061 Occiso
307 1032 376 1062 Sex.
408 1031 529 1070 Roscio,
556 1031 673 1072 primus
702 1031 863 1061 Ameriam
888 1030 1010 1060 nuntiat

119 1073 249 1104 Mallius
275 1073 404 1104 Glaucia
429 1074 567 1115 quidam,
593 1074 685 1104 homo
705 1074 815 1112 tenuis,
837 1073 1008 1111 libertinus,

119 1116 211 1147 cliens
227 1122 258 1147 et
276 1116 433 1147 familiaris
455 1117 540 1147 istius
563 1117 603 1148 T.
628 1117 749 1147 Roscii:
775 1123 804 1146 et
819 1116 940 1146 nuntiat
954 1116 1009 1146 do-

118 1169 218 1197 mum,
235 1169 296 1190 non
311 1160 377 1195 filii,
394 1160 445 1190 sed
461 1159 500 1191 T.
518 1160 685 1200 Capitonis,
701 1159 837 1190 inimici:
869 1165 910 1197 et,
937 1169 1008 1189 cum

118 1209 187 1243 post
201 1202 305 1232 horam
323 1203 454 1243 primam
470 1204 564 1233 noctis
582 1203 695 1233 occisus
710 1209 796 1239 esset,
813 1202 913 1243 primo
928 1202 1010 1232 dilu-

119 1246 188 1275 culo
203 1246 328 1276 nuntius
343 1246 392 1276 hic
406 1246 568 1276 Ameriam
583 1246 674 1276 venit.
705 1245 821 1275 Decem
842 1245 922 1274 horis
937 1255 1009 1275 noc-

119 1288 216 1318 turnis
235 1299 286 1318 sex
302 1295 332 1319 et
346 1289 569 1330 quinquaginta
582 1289 680 1318 milh'a
692 1299 837 1329 passuum
848 1287 925 1318 cisiis
940 1298 1009 1335 per-

120 1331 254 1368 volavit;
278 1341 338 1361 non
357 1332 449 1363 modo
468 1338 504 1364 ut
523 1338 702 1373 exoptatum
720 1331 843 1361 inimico
863 1331 1008 1361 nuntium

120 1374 237 1414 primus
263 1375 391 1413 afferret,
418 1375 469 1405 sed
496 1375 587 1405 etiam
613 1385 750 1405 cruorem
775 1373 890 1404 inimici
914 1384 1009 1414 quam

120 1417 370 1455 recentissimum,
387 1418 544 1460 telumque
565 1418 657 1462 paulo
679 1423 749 1448 ante
772 1428 788 1448 e
809 1426 931 1458 corpore
956 1427 1010 1447 ex-

120 1464 262 1497 tractum,
279 1460 456 1491 ostenderet.

165 1503 348 1541 Quatrffluo,
365 1515 426 1544 quo
446 1503 510 1535 haec
528 1509 611 1545 gesta
626 1509 708 1541 sunt,
725 1514 770 1534 res
782 1502 821 1533 ad
836 1503 1009 1543 Chrysogo-

122 1555 198 1575 num
212 1546 244 1576 in
259 1552 355 1577 castra
370 1548 408 1577 L.
422 1548 515 1577 Sullae
527 1548 700 1578 Volaterras
712 1546 865 1577 defertur·
889 1546 1010 1586 magni-

122 1588 196 1619 tudo
230 1589 366 1629 pecuniae
397 1590 506 1620 demon
495 1597 638 1620 stratur:
670 1590 789 1619 bonitas
824 1588 1009 1637 praediorum

122 1634 208 1665 (nam
234 1631 344 1662 fundos
368 1632 472 1663 decem
496 1640 525 1663 et
553 1641 611 1663 tres
631 1633 764 1673 reliquit,
790 1632 844 1673 qui
867 1632 1008 1661 Tiberim

121 1674 183 1704 fere
198 1685 301 1705 omnes
320 1681 476 1716 tangunt),
492 1676 584 1715 hujus
599 1676 702 1716 inopia
724 1681 753 1705 et
776 1674 906 1705 solitudo
927 1684 1010 1704 com-

122 1724 316 1748 memoratur.
351 1718 581 1756 Demonstrant‚
598 1729 668 1749 cum
683 1724 767 1759 pater
781 1718 920 1757 hujusce,
938 1718 1009 1747 Sex.

124 1759 263 1797 Roscius,
273 1761 365 1792 homo
377 1768 439 1791 tam
450 1762 624 1802 splendidus
635 1767 664 1791 et
675 1760 926 1801 gratiosus,nullo
935 1770 1010 1800 neg-

122 1802 183 1832 otio
203 1803 242 1833 sit
255 1804 379 1841 occisus,
397 1805 538 1844 perfacile
557 1805 650 1842 hunc,
672 1804 827 1835 hominem
851 1803 1008 1833 incautum

122 1851 151 1875 et
162 1846 319 1887 rusticum,
333 1853 362 1878 et
376 1847 486 1880 Romae
495 1848 646 1889 ignotum,
663 1847 700 1878 de
715 1846 816 1878 medio
832 1845 897 1877 tolli
911 1856 1007 1887 posse.
