1181 1902
0 0 1181 78 ῊΣΕῂΠ

179 129 221 160 86
272 128 362 160 PRO
386 126 553 160 ROSCIO
575 126 811 160 AMERINO.
828 128 979 160 CAP.53.

180 226 233 246 vos
255 214 446 246 adducantur
470 225 575 245 eorum
598 214 696 252 liberi,
712 224 844 256 quorum
866 217 947 246 bona
968 215 1072 247 veniea

180 264 273 294 runt;
307 264 419 295 cavete,
447 260 514 298 (per
532 258 615 288 Deos
633 257 820 288 immortales
835 259 859 295 ἔ)
879 258 1007 297 judices,
1030 270 1070 290 ne

180 311 270 338 nova,
286 308 315 332 et
330 302 428 331 multo
443 301 601 339 crudelior,
623 312 676 342 per
691 312 742 331 vos
757 301 933 342 proscriptio
954 301 1072 333 instau-
1155 324 1157 329 ·

181 350 247 374 rata
262 355 324 375 esse
339 344 484 374 videatur.
520 344 611 374 Illam
628 344 769 385 priorem,
787 355 856 384 quae
875 343 954 374 facta
974 351 1018 375 est
1037 345 1072 375 in
1154 341 1156 366 l

181 398 231 418 eos
246 387 300 428 qui
315 398 400 417 arma
409 398 513 428 capere
528 392 702 427 potuerunt,
724 393 827 417 tamen
842 392 962 417 senatus
978 388 1072 418 susci-

181 440 252 471 pere
270 430 378 467 noluit‚
401 440 439 461 ne
463 430 537 471 quid
561 430 668 467 acrius,
693 440 787 469 quam
809 440 893 460 more
918 431 1074 469 majorum

181 480 391 514 comparatum
414 479 468 509 est,
484 473 607 513 publico
628 472 751 503 consilio
766 473 881 503 factum
897 472 1050 503 videretur
1060 485 1070 504 ε

182 517 260 547 hanc
283 527 363 553 vero,
387 527 456 557 quae
477 516 515 546 ad
534 527 639 546 eorum
662 516 771 545 liberos
795 521 887 556 atque
906 516 1072 547 infantium

181 570 346 600 puerorum
370 559 556 589 incunabula
581 559 721 599 pertinet,
752 558 810 588 nisi
833 558 891 589 hoc
910 559 1025 597 judicio
1054 570 1075 589 a.
1153 565 1155 585 1

182 602 266 633 vobis
282 602 402 641 rejicitis
418 608 447 632 et
461 602 696 643 adspernamini,
714 601 822 637 videte,
836 604 903 642 (per
918 601 1000 632 Deos
1014 602 1075 632 im·
1153 638 1154 644 ¹
1175 586 1178 638 i

182 645 324 675 mortales
337 646 360 681 !)
388 656 481 686 quem
499 645 531 675 in
550 645 653 676 locum
676 644 897 685 rempublicam
911 651 1075 685 perventu-
1176 644 1177 650 ¹

179 698 246 719 ram
261 688 383 729 putetis.
1177 681 1181 726 i

228 732 378 762 Homines
393 731 551 772 sapientes,
569 736 598 761 et
612 730 670 762 ista
684 730 860 761 auctoritate
880 736 910 761 et
927 736 1076 772 potestate

182 774 335 815 praeditos,
353 775 415 815 qua
430 785 481 805 vos
494 774 573 811 estis,
585 785 622 804 ex
638 774 749 815 quibus
765 775 854 804 rebus
863 775 999 805 maxime
1013 785 1076 805 res-

183 818 307 858 publica
328 818 456 855 laborat,
472 817 508 847 iis
526 817 660 847 maxime
680 817 794 847 mederi
814 817 962 847 convenit.
997 818 1076 848 Ves-
1178 837 1180 854 1

184 862 267 891 trium
279 871 368 891 nemo
379 866 433 897 est,
450 860 524 901 quin
540 860 699 900 intelligat,
716 860 866 900 populum
882 860 1074 899 Romanum,
1152 868 1153 881 ¹
1179 869 1181 894 't

185 903 240 944 qui
252 903 407 944 quondam
422 903 453 933 in
466 904 565 933 hostes
579 903 750 933 lenissimus
762 903 1002 942 existimabatur,
1018 904 1078 934 hoc
1180 909 1181 921 ¹

185 952 321 986 tempore
336 946 499 976 domestica
509 946 683 976 crudelitate
698 946 843 976 laborare.
877 946 968 977 Hanc
979 946 1077 977 tollite
1151 962 1153 975 ‹

186 1000 224 1019 ex
240 989 371 1026 civitate,
384 990 519 1028 judices:
544 989 623 1019 hanc
642 989 706 1030 pati
721 989 814 1019 nolite
831 989 946 1020 diutius
963 989 995 1019 in
1017 989 1079 1020 hac

187 1032 343 1073 republica
358 1032 488 1068 versari3
512 1043 581 1073 quae
596 1042 656 1062 non
668 1032 759 1062 modo
770 1032 801 1061 id
817 1032 908 1062 habet
918 1032 950 1062 in
966 1043 997 1063 se
1010 1043 1078 1064 ma-

186 1076 220 1112 li,
245 1075 327 1116 quod
347 1081 392 1105 tot
414 1076 492 1106 cives
509 1075 691 1106 atrocissime
713 1075 845 1112 sustulit,
862 1085 968 1105 verum
984 1076 1078 1108 etiam

187 1118 362 1148 hominibus
384 1118 546 1149 lenissimis
568 1118 682 1149 ademit
702 1118 936 1149 misericordiam
952 1129 1078 1150 consue-

187 1162 293 1192 tudine
311 1162 584 1192 incommodorum.
619 1162 715 1199 Nam,
736 1171 807 1191 cum
831 1162 974 1191 omnibus
995 1162 1078 1193 horis

187 1205 304 1246 aliquid
325 1205 462 1235 atrociter
477 1205 541 1235 fieri
561 1204 709 1241 videmus,
726 1210 779 1234 aut
797 1204 961 1240 audimus;
985 1204 1081 1245 etiami

187 1248 241 1288 qui
257 1248 366 1278 natura.
380 1248 532 1278 mitissimi
547 1258 663 1285 sumus,
680 1247 853 1278 assiduitate
867 1247 1077 1280 molestiarum

187 1301 309 1322 sensum
325 1301 448 1322 omnem
462 1291 661 1322 humanitatis
675 1301 713 1322 ex
728 1290 838 1321 animis
852 1290 1032 1323 amittimus.
