1181 1902
304 56 355 87 IN
378 56 575 87 VERREM
602 57 660 88 IV.
685 57 769 88 CAP.
786 58 839 93 37.
958 59 1022 90 323

131 151 213 172 nem.
237 142 416 183 Cognoscite
440 152 534 181 nunc,
559 143 667 184 quanti
692 154 724 174 se
749 143 918 175 vendidisse
945 151 1027 176 retu-

135 185 213 216 lerit.

239 229 321 262 (Leoe
336 229 471 258 decumis
483 229 659 266 vendendis,
687 230 722 260 C.
748 231 842 260 Verre
852 237 919 270 pr.)

176 271 246 301 Hoc
269 272 391 301 nomine
410 271 516 301 videtis
537 272 628 302 tritici
646 273 783 303 medinm
805 282 863 304 cm
888 283 947 305 cro
966 283 1024 305 cm

132 314 171 345 de
195 314 292 355 capite
312 325 374 344 esse
394 314 507 351 demta,
529 325 598 355 quae
616 325 686 344 cum
703 315 740 345 de
764 316 870 356 populi
893 317 1027 347 Romani

133 358 226 393 victu,
243 357 280 387 de
296 357 489 398 vectigalium
505 357 614 394 nervis,
631 358 668 387 de
689 359 835 398 sanguine
851 359 1028 390 detraxisset

133 401 240 439 aerarii,
257 400 371 430 Tertiae
391 400 495 430 mimae
515 400 705 430 condonavit.
729 402 843 431 Utrum
866 402 1028 443 impuden-

132 443 193 474 tius
208 454 226 473 a
241 443 326 474 sociis
341 443 488 474 abstulit?
511 453 550 473 an
563 443 682 484 turpius
693 445 842 474 meretrici
857 445 964 476 dedit?
988 456 1028 476 an

132 486 301 527 improbius
321 487 436 527 populo
452 487 594 516 Romano
609 486 744 517 ademit?
769 497 807 517 an
823 488 966 518 audacius
982 494 1028 519 ta-

134 529 222 559 bulas
248 530 386 570 publicas
410 529 633 560 commutavit?
657 530 709 560 Ex
733 530 844 560 horum
872 532 1028 562 severitate

134 577 164 602 te
178 572 243 602 ulla
258 572 314 610 vis,
331 579 384 602 aut
398 573 463 602 ulla
477 572 609 613 largitio,
627 573 732 613 eripiet
743 573 758 602 ’ἓ
781 573 853 611 Sed,
871 574 895 603 si
911 574 1027 615 eripue-

133 614 185 652 rit,
210 625 271 645 non
295 615 451 656 intelligis,
470 615 546 651 haec,
563 626 633 656 quae
645 616 830 655 jamdudum
851 617 971 657 loquor,
989 617 1027 647 ad

133 658 226 688 aliam
242 659 440 699 quaestionem
456 664 547 700 atque
566 658 604 688 ad
619 659 776 699 peculatus
791 659 944 698 judicium
960 671 1028 701 per-

133 701 251 731 tinere?
275 702 385 742 Itaque
406 702 464 732 hoc
487 701 565 731 mihi
585 704 742 732 reservabo
760 712 855 742 genus
874 703 1027 744 integrum

133 749 232 774 totum
246 756 254 774 ε
278 744 316 774 ad
331 745 428 782 illam,
445 755 540 786 quam
550 745 679 784 institui,
697 755 818 776 causam
830 745 978 776 frumenti
993 757 1028 777 ac

134 786 333 817 decumarum
349 794 489 818 revertar.

177 830 243 868 Qui
258 841 329 861 cum
345 841 432 871 agros
446 830 598 861 maximos
610 841 644 861 ac
659 831 868 868 feracissimos,
881 843 935 873 per
950 832 1028 873 seip-

135 883 216 911 sum,
241 873 298 904 hoc
314 879 369 911 est,
388 885 442 915 per
464 874 653 915 Apronium,
670 874 798 904 Verrem
815 875 956 913 alterum,
976 875 1027 906 de-

134 916 351 957 popularetur,
343 928 350 935 ·
369 917 408 947 ad
417 917 547 947 minores
557 917 690 947 civitates
700 917 831 948 habebat
843 919 927 955 alios,
939 929 1027 960 quos,

135 965 295 1000 tamquam
311 970 409 997 canes,
426 960 615 997 immitteret,
628 971 761 1001 nequam
776 961 915 991 homines
930 969 960 992 et
970 962 1029 992 im-

134 1004 264 1043 probos;
289 1003 400 1043 quibus
424 1009 478 1033 aut
499 1003 690 1033 frumentum
710 1009 764 1034 aut
786 1004 948 1045 pecuniam
970 1015 1029 1046 pu-

134 1045 211 1075 blice
226 1047 352 1086 cogebat
366 1046 440 1076 dari.

178 1089 359 1119 XXXVII.
382 1089 425 1119 A.
442 1089 604 1120 Valentius
620 1095 674 1127 est,
691 1089 723 1120 in
742 1090 845 1121 Sicilia
859 1090 1026 1132 interpres;

135 1141 198 1173 quo
219 1132 275 1162 iste
289 1132 452 1173 interprete
469 1143 531 1163 non
547 1133 586 1163 ad
600 1133 739 1173 linguam
756 1134 907 1171 Graecam,
921 1134 974 1164 sed
988 1134 1028 1164 ad

135 1175 218 1205 furta
232 1181 262 1205 et
276 1175 402 1215 flagitia,
419 1176 465 1206 uti
480 1176 604 1206 solebat.
628 1176 680 1206 Fit
693 1177 839 1217 interpres
859 1177 919 1211 hic,
936 1177 1029 1207 homo

133 1218 208 1248 levis
233 1224 325 1259 atque
352 1228 453 1258 egens,
477 1225 609 1268 repente
621 1219 817 1250 decumanus.
849 1219 938 1250 Emit
961 1220 1027 1260 agri

136 1260 176 1291 Li
178 1262 322 1302 parensis,
338 1262 441 1292 miseri
456 1268 547 1303 atque
569 1262 678 1301 jejuni,
696 1263 838 1293 decumas
858 1263 949 1293 tritici
963 1273 1028 1293 me-

135 1304 250 1335 dimnis
266 1304 335 1334 DC.
360 1304 540 1346 Liparenses
559 1311 723 1335 vocantur.
747 1306 805 1346 ipsi
824 1306 957 1347 accipere
977 1306 1030 1336 de-

138 1357 254 1385 cumas,
281 1353 311 1378 et
336 1357 496 1378 numerare
519 1348 663 1379 Valentio
692 1355 842 1389 coguntur
867 1349 944 1380 lucri
971 1349 1029 1380 HS

137 1390 238 1420 XXX
247 1391 354 1420 millia.
371 1391 431 1421 Per
441 1391 523 1421 Deos
532 1391 735 1422 immortales!
750 1398 854 1422 utrum
864 1392 920 1423 tibi
929 1403 1031 1423 sumes

138 1433 177 1463 ad
192 1433 397 1464 defensionem
409 1436 423 1464 ?
447 1440 570 1465 tantone
584 1435 709 1465 minoris
724 1440 754 1465 te
768 1435 911 1466 decumas
926 1435 1031 1466 vendi-

138 1476 227 1515 disse,
248 1483 284 1507 ut
306 1477 345 1507 ad
364 1477 520 1507 medimna
543 1478 614 1515 DC,
636 1478 693 1508 HS
714 1477 814 1508 XXX
837 1479 935 1508 millia
954 1478 1032 1508 lucri

139 1520 242 1550 statim
258 1520 314 1550 sua
334 1521 488 1550 voluntate
509 1520 612 1551 civitas
633 1521 765 1557 adderet,
787 1521 846 1552 hoc
865 1528 919 1558 est,
941 1521 1032 1552 tritici

140 1563 332 1593 medimnum
354 1563 415 1593 duo
437 1563 559 1594 millia?
592 1574 642 1601 an,
667 1574 736 1594 cum
756 1574 869 1605 magno
889 1565 1032 1595 decumas

139 1605 334 1644 vendidisses,
343 1612 371 1637 te
383 1607 560 1648 expressisse
567 1608 605 1638 ab
617 1607 719 1638 invitis
729 1607 946 1648 Liparensibus
955 1608 1034 1639 hanc

143 1649 331 1690 pecuniam?

184 1691 245 1722 Sed
264 1692 340 1734 quid
361 1703 417 1733 ego
439 1703 476 1723 ex
497 1699 527 1724 te
547 1704 662 1735 quaero,
683 1694 758 1735 quid
779 1693 958 1725 defensurus
982 1693 1033 1731 sis,

141 1741 243 1775 ponus
258 1745 353 1776 quam
368 1746 547 1777 cognoscam
556 1747 594 1768 ex
604 1737 671 1779 ipsa
683 1737 814 1777 civitate,
825 1737 900 1778 quid
915 1742 1036 1778 gestum
