1181 1902
188 80 251 110 430
374 81 424 110 IN
449 80 644 111 VERREM
670 82 710 111 V.
733 81 816 111 Cap,
838 82 889 110 45.

187 165 305 195 violatae
329 166 492 206 religionis,
517 176 689 207 nomenque
712 166 749 196 P.
769 165 927 207 Scipionis,
944 165 1076 205 reliquit.

190 207 337 238 Hostium
364 209 470 249 spolia,
497 209 686 239 monimenta
715 209 944 249 imperatorum,
972 208 1079 238 decora

188 256 280 291 atque
303 258 481 282 ornamenta
506 252 661 290 fanorum,
692 252 827 292 posthac,
855 251 902 281 his
926 249 1080 291 praeclaris

187 293 363 324 nominibus
378 294 505 333 amissis,
527 295 559 324 in
573 294 775 325 instrumento
798 305 833 326 ae
847 293 1026 335 supellectili
1041 292 1078 323 C.

187 336 292 367 Verris
308 339 561 367 numerabuntur.

232 379 284 409 Tu
301 380 438 410 videlicet
453 381 534 410 solus
558 381 636 411 vasis
657 380 822 411 Corinthiis
837 379 993 410 delectaris
1006 380 1020 409 ἶ)
1044 383 1080 408 ω

188 422 271 452 illius
296 423 361 452 aeris
386 423 646 464 temperationem,
674 430 708 454 tu
732 433 858 464 operum
882 423 1078 458 lineamenta,

189 465 393 496 sollertissime
414 466 556 507 perspicis
570 469 583 497 Ρ
609 466 686 497 Haec
701 466 802 506 Scipio
817 466 869 496 ille
892 475 953 495 non
968 464 1081 494 intelli*

189 509 290 548 gebat,
307 508 399 538 homo
421 509 611 540 doctissimus
631 516 723 550 atque
744 508 1009 539 humanissimus?
1033 512 1079 544 tu,

190 551 255 581 sine
270 552 334 581 ulla
356 551 436 582 bona
458 558 533 589 arte,
553 553 616 583 sine
636 552 837 589 humanitate,
862 551 926 581 sine
946 549 1080 590 ingenio,

190 593 254 624 sine
273 594 378 632 literis,
403 595 547 636 intelligis
569 601 598 625 et
619 595 762 634 judicas?
785 595 877 631 Vide,
894 604 932 624 ne
954 594 1005 623 ille
1020 602 1082 622 non

190 637 290 667 solum
305 637 516 678 temperantia,
532 639 583 669 sed
599 639 690 669 etiam
706 637 916 678 intelligentia,
934 642 974 675 te,
991 641 1084 676 atque

191 680 274 718 istos,
299 680 353 721 qui
377 691 408 710 se
438 681 588 721 elegantes
617 681 677 711 dici
702 681 820 717 volunt,
847 679 959 710 vicerit.
984 679 1081 715 Nam,

190 723 274 764 quia,
291 733 386 764 quam
402 724 530 764 pulchra
542 730 650 761 essent,
668 723 867 763 intelligebat,
878 722 988 752 idcirco
1004 721 1083 751 exis-

191 766 331 804 timabat,
357 776 402 803 ea,
434 776 495 796 non
517 767 556 796 ad
582 766 743 797 hominum
772 766 938 803 luxuriem,
964 764 1015 795 sed
1044 763 1083 793 ad

192 814 335 840 ornatum
359 809 500 839 fanorum
524 815 616 850 atque
639 809 833 850 oppidorum,
852 819 914 838 esse
938 807 1027 845 facta,
1049 812 1085 836 ut

192 851 318 893 posteris
330 852 438 882 nostris
453 853 641 883 monimenta
656 852 794 893 religiosa
810 862 872 882 esse
883 851 1050 881 videantur.

238 894 344 925 XLV.
367 895 485 926 Audite
512 895 603 926 etiam
634 895 819 936 singularem
850 895 925 933 ejus,
953 893 1082 932 judices,

193 937 403 978 cupiditatem,
420 938 590 977 audaciam,
607 938 784 975 amentiam,
805 938 837 967 in
857 937 904 967 his
919 935 1085 977 praesertim

193 980 283 1011 sacris
305 981 488 1021 polluendis,
514 992 584 1023 quae
603 991 663 1012 non
686 981 778 1011 modo
798 981 940 1010 manibus
964 978 1085 1019 attingi,

194 1023 247 1054 sed
256 1034 295 1054 ne
307 1024 486 1064 cogitatione
498 1025 622 1066 quidem
638 1024 754 1061 violari,
768 1024 813 1054 fas
823 1023 890 1053 fuit.
914 1022 1085 1053 Sacrarium

198 1067 315 1097 Cereris
340 1073 383 1097 est
404 1067 487 1108 apud
508 1068 695 1106 Catinenses,
718 1067 824 1097 eadem
848 1065 1003 1106 religione,
1025 1064 1087 1105 qua

196 1110 317 1148 Romae,
339 1110 401 1151 qua
417 1110 450 1140 in
471 1111 582 1141 caeteris
608 1111 691 1147 locis,
708 1109 770 1151 qua
784 1119 878 1150 prope
892 1109 924 1138 in
940 1113 1002 1138 toto
1017 1109 1090 1137 orbe

196 1158 354 1183 terrarum.
382 1153 421 1183 In
443 1164 477 1184 eo
496 1153 622 1184 sacrario
637 1154 745 1183 intimo
760 1152 819 1182 fuit
834 1152 955 1192 signum
972 1150 1090 1181 Cereris

197 1196 435 1237 perantiquum;
453 1197 535 1237 quod
550 1197 617 1233 viri,
631 1206 691 1226 non
707 1196 799 1226 modo
815 1194 985 1235 cujusmodi
1001 1198 1087 1229 esset,

197 1239 250 1269 sed
270 1249 310 1269 ne
326 1249 389 1269 esse
404 1239 540 1280 quidem,
558 1239 711 1270 sciebant:
736 1238 836 1269 aditus
851 1238 932 1268 enim
948 1236 979 1266 in
995 1236 1026 1266 id
1042 1246 1088 1266 sa-

199 1282 330 1312 crarium
340 1292 401 1312 non
414 1288 458 1312 est
473 1283 563 1313 viris:
588 1292 671 1313 sacra
684 1293 739 1323 per
753 1282 895 1312 mulieres
910 1290 944 1311 ac
959 1279 1090 1320 virgines

198 1325 306 1355 confici
317 1325 422 1355 solent.
440 1325 509 1356 Hoc
524 1325 647 1366 signum
662 1331 753 1355 noctu
769 1325 847 1355 clam
863 1323 949 1354 istius
964 1322 1041 1353 servi
1052 1332 1090 1352 ex

199 1368 254 1398 illo
264 1367 487 1408 religiosissimo
496 1375 587 1410 atque
596 1368 806 1409 antiquissimo
816 1368 887 1397 fano
894 1366 1090 1397 sustulerunt.

201 1411 351 1441 Postridie
377 1411 542 1442 sacerdotes
566 1412 693 1449 Cereris,
717 1417 808 1452 atque
823 1410 905 1440 illius
924 1408 987 1438 fani
1012 1408 1091 1438 anti-

202 1454 290 1491 ststae,
312 1455 440 1493 majores
466 1460 552 1493 natu,
578 1456 713 1496 probatae
736 1465 770 1484 ac
796 1453 911 1484 nobiles
936 1451 1090 1488 mulieres),

202 1507 267 1528 rem
291 1497 330 1527 ad
352 1498 545 1537 magistratus
569 1508 637 1527 suos
661 1498 810 1527 deferunt.
834 1495 989 1526 Omnibus
1010 1504 1087 1524 acer-

201 1542 290 1579 bum,
302 1539 476 1581 indignum,
487 1541 661 1572 luctuosum
673 1540 803 1581 denique
815 1539 980 1570 videbatur.
1005 1537 1090 1566 Tum

203 1583 270 1621 iste,
286 1588 441 1624 permotus
457 1582 510 1614 illa
524 1584 677 1615 atrocitate
691 1583 815 1625 negotii,
831 1587 867 1612 ut
877 1583 915 1612 ab
932 1591 962 1611 se
975 1580 1092 1610 sceleris

203 1626 289 1657 istius
304 1626 433 1667 suspicio
453 1627 671 1665 demoveretur,
690 1627 742 1657 dat
762 1625 873 1666 hospiti
893 1634 946 1655 suo
970 1623 1092 1654 cuidam

204 1670 372 1710 negotium,
388 1675 423 1700 ut
442 1670 576 1711 aliquem
592 1670 745 1712 reperiret,
762 1679 853 1710 quem
869 1678 904 1698 ea
926 1667 1029 1697 fecisse
1043 1665 1091 1694 in-

204 1713 379 1749 simularet3
403 1712 547 1754 daretque
562 1724 696 1754 operam,
713 1719 747 1744 ut
767 1713 792 1743 is
808 1722 842 1742 eo
862 1710 987 1741 crimine
1002 1708 1089 1738 dam-

202 1761 334 1793 naretur,
352 1766 389 1786 ne
403 1755 467 1796 ipse
483 1763 557 1787 esset
573 1757 602 1787 in
619 1756 753 1787 crimine.
778 1756 840 1786 Res
856 1763 915 1784 non
932 1751 1090 1793 procrasti—
