1181 1902
175 60 236 90 168
359 59 410 91 IN
433 57 630 90 VERREM
654 58 701 90 ΙΙ.
724 58 807 90 CAP.
826 58 875 89 15.

171 145 309 176 instituta
323 146 485 185 majorum.
508 144 659 177 Omnium
672 150 715 175 est
726 143 896 175 communis
907 141 1059 179 inimicus,

173 189 227 228 qui
239 189 297 218 fuit
311 189 403 219 hostis
419 199 551 219 suorum.
591 188 693 218 Nemo
708 197 845 228 unquam
861 187 977 227 sapiens
992 196 1062 226 pro-

172 231 262 261 ditori
282 231 464 262 credendum
480 231 607 272 putavit.
646 231 717 271 Ipse
732 230 829 267 Sulla,
852 230 900 260 cui
915 229 1062 259 adventus

172 274 259 304 istius
274 275 461 315 gratissimus
476 284 538 304 esse
553 273 668 310 debuit,
685 274 723 302 ab
744 283 774 303 se
788 272 955 308 hominem,
972 276 1064 312 atque

173 318 212 347 ab
228 317 359 347 exercitu
372 327 437 354 suo,
453 317 599 347 removit:
624 315 792 346 Beneventi
808 325 869 345 esse
881 315 970 354 jussit
982 313 1064 354 apud

174 370 235 396 e05,
252 370 328 400 quos
344 360 404 390 suis
419 360 554 401 partibus
570 358 765 389 amicissimos
781 369 842 388 esse
856 357 1064 397 intelligebam

174 402 229 433 ubi
240 402 295 433 iste
306 413 433 433 summae
445 403 487 433 rei
502 412 659 442 causaeque
675 411 779 431 nocere
794 401 871 431 nihil
885 406 992 441 posset.
1024 399 1067 430 Ei

174 452 278 486 postea
297 446 422 486 praemia
437 451 538 475 tamen
553 445 716 475 liberaliter
736 444 860 474 tribuit:
883 445 963 473 bona
984 453 1069 484 qum-

175 488 248 518 dam
269 488 504 529 proscriptorum
519 487 551 517 in
571 498 643 527 agro
662 488 877 517 Beneventano
899 485 1068 526 diripienda

176 531 338 561 concessit:
368 531 476 561 habuit
504 531 661 567 honorem,
689 535 723 560 ut
748 529 905 570 proditori,
936 538 1009 566 non,
1032 534 1069 558 ut

177 574 285 611 amico,
309 574 411 604 fidem.
447 574 551 611 Nune,
581 573 721 613 quamvis
747 573 807 602 sint
832 571 982 609 homines,
1012 571 1067 612 qui

176 623 333 647 mortuum
350 618 406 647 Cn.
424 616 595 647 Carbonem
611 616 748 651 oder-inu
773 621 875 645 tamen
891 614 923 644 hi
944 614 1066 650 debent,

178 669 250 697 non,
274 660 349 701 quid
372 660 417 690 illi
441 659 572 690 accidere
594 658 754 695 voluerint,
779 658 830 688 sed
851 657 925 698 quid
945 657 1017 698 ipsis
1037 657 1070 687 in

178 702 233 732 tali
247 713 278 733 re
294 702 492 733 metuendum
515 702 563 738 sit,
589 702 728 742 cogitare.
763 700 935 731 Commune
955 706 999 730 est
1013 700 1071 730 hoc

178 746 308 783 malum,
342 745 512 776 communis
548 750 659 781 metuS,
697 753 858 774 commune
890 743 1071 784 periculum.

180 788 287 818 Nullae
302 794 372 819 sunt
387 788 561 819 occultiores
576 787 704 822 insidiae,
720 796 813 827 quam
830 797 882 823 eae,
899 797 968 826 quae
979 786 1075 815 latent

179 831 211 861 in
228 831 419 861 simulatione
434 830 534 868 officii,
551 835 604 860 aut
618 830 650 859 in
665 829 768 870 aliquo
784 829 1008 859 necessitudinis
1020 838 1075 858 no-

1145 832 1148 856 Ι

181 874 272 904 mine.
307 875 391 904 Nam
413 884 495 910 eum,
518 873 571 913 qui
592 873 693 913 palam
710 878 752 902 est
767 872 964 909 adversarius,
988 871 1076 901 facile
1145 862 1153 1223 x

1155 1699 1158 1711 0

1156 1713 1158 1732 ι

181 916 315 947 cavendo
339 917 432 947 vitare
457 916 570 957 possis:
596 916 652 946 hoc
675 925 744 945 vero
770 915 935 951 occultum,
959 914 1076 944 intesti-

182 970 270 996 num,
287 970 320 990 ac
332 959 529 989 domesticum
545 958 675 995 malum,
692 967 752 988 non
767 958 857 987 modo
872 967 933 987 non
949 956 1076 994 exsistit,

182 1013 289 1033 verum
313 1003 403 1033 etiam
424 1002 580 1043 opprimit,
605 1007 771 1042 antequam
794 1000 962 1042 prospicere
986 1005 1078 1041 atque

183 1046 340 1086 explorare
355 1046 498 1086 potueris.

226 1089 313 1119 Itane
329 1090 423 1119 vero?
440 1095 485 1125 tu,
503 1098 573 1118 cum
586 1092 716 1129 quaestor
731 1086 770 1117 ad.
786 1086 951 1117 exercitum
962 1085 1074 1117 missus

181 1131 231 1169 sis,
255 1137 353 1161 custos
378 1141 438 1161 non
463 1132 561 1161 solum
582 1131 729 1171 pecuniae,
753 1130 804 1160 sed
828 1130 919 1160 etiam
943 1130 1075 1160 consulis

181 1175 329 1215 particeps
340 1174 478 1204 omnium
494 1184 596 1204 rerum
612 1173 866 1214 consiliorumque
884 1172 996 1209 fueris;
1021 1172 1077 1202 ha-

184 1217 265 1248 bitus
289 1217 327 1247 sis
353 1217 385 1247 in
405 1217 534 1248 liberum
554 1217 631 1254 loco,
655 1216 732 1246 sicut
747 1226 812 1246 mos
828 1216 979 1254 majorum
1000 1215 1078 1245 ferc-

185 1261 257 1296 bat;
291 1266 413 1300 repente
442 1260 620 1300 relinquas?
653 1259 794 1289 deseras?
827 1259 865 1288 ad
894 1258 1078 1289 adversarios

185 1305 344 1333 transeas?
369 1303 399 1333 O
421 1303 536 1333 scelus!
562 1313 580 1332 0
595 1307 769 1342 portentum
789 1301 820 1331 in
842 1301 965 1331 ultimas
987 1307 1079 1331 terras

186 1345 409 1386 exportandum
423 1346 429 1375 !
456 1346 529 1375 Non
545 1345 625 1375 enim
638 1351 736 1385 potest
752 1355 786 1374 ea
798 1351 917 1380 natura,
934 1354 1003 1385 quae
1015 1350 1082 1374 tan-

187 1395 255 1419 tum
278 1389 395 1419 facinus
420 1388 615 1425 commiserit,
639 1388 695 1418 hoc
718 1397 779 1417 uno
800 1388 908 1417 scelere
929 1397 991 1417 esse
1011 1397 1083 1417 con-

189 1438 281 1462 tenta.
320 1432 450 1461 Necesse
468 1437 523 1467 est,
547 1441 666 1471 semper
680 1429 796 1471 aliquid
813 1429 961 1470 ejusmodi
976 1430 1085 1460 molia-

192 1481 260 1505 tur:
284 1485 401 1504 necesse
417 1480 471 1512 est,
494 1474 525 1504 in
543 1473 634 1503 simili
649 1473 774 1503 audacia
789 1473 976 1514 perfidiaque
989 1483 1085 1503 verse-

193 1523 253 1547 tur.
292 1518 400 1558 Itaque
415 1517 495 1547 idem
516 1517 581 1554 iste,
604 1527 695 1557 quem
712 1517 769 1546 Cn.
787 1516 949 1546 Dolabella
969 1522 1084 1556 postea,

194 1561 230 1591 C.
247 1561 395 1591 Malleolo
410 1560 516 1597 occiso,
537 1570 592 1600 pro
607 1565 754 1600 quaestore
765 1559 883 1596 habuit,
902 1558 998 1592 (haud
1013 1559 1085 1595 scio,

193 1613 232 1633 an
257 1604 354 1642 major
376 1603 466 1633 etiam
490 1603 554 1633 haec
578 1602 764 1633 necessitudo
786 1602 888 1639 fuerit,
914 1612 1008 1643 quam
1033 1602 1086 1632 illa

191 1647 349 1682 Carbonis,
371 1656 404 1676 ac
420 1647 488 1687 plus
501 1645 651 1685 judicium
670 1645 836 1675 voluntatis
858 1645 967 1681 valere,
991 1655 1085 1685 quam

189 1689 286 1727 sortis,
302 1689 421 1726 debeat)
446 1689 526 1719 idem
545 1689 577 1719 in
601 1689 658 1719 Cn.
673 1688 880 1725 Dolabellam,
898 1688 952 1729 qui
974 1687 1004 1717 in
1025 1689 1083 1720 Cn.

183 1733 354 1764 Carbonem
375 1732 445 1763 fuit.
482 1733 578 1769 Nam,
599 1742 669 1773 quae
689 1732 720 1762 in
742 1731 842 1773 ipsum
865 1731 1006 1762 valebant
1023 1731 1082 1764 cri-

1156 1734 1160 1902 ι
