1181 1902
320 51 369 83 IN
393 51 589 84 VERREM
614 52 654 83 V.
677 50 826 82 stip-59.
951 50 1014 79 443

129 137 191 168 una
207 148 276 169 cum
293 138 405 169 Libero
419 143 504 179 patre
519 138 601 179 apud
615 138 683 169 illos
698 137 802 168 eodem
815 141 877 167 erat
891 134 923 165 in
939 139 1016 164 tem-

130 181 180 221 plo
195 187 391 211 consecratus.

172 224 303 254 LVIII.
326 225 438 254 .Iovem
456 230 559 254 autem
582 223 799 264 Imperatorem
827 227 941 263 quanto
961 220 1017 250 ho«

130 276 201 296 nore
221 267 252 296 in
273 277 327 297 suo
344 268 458 307 templo
473 267 564 297 fuisse
579 267 776 302 arbitremini,
794 266 864 295 hine
880 264 1019 303 colligere

129 310 262 350 potestis,
280 310 303 340 si
324 310 469 340 recordari
486 310 649 345 volueritis,
666 309 781 350 quantit
797 308 939 348 religione
954 306 1021 336 fue-

129 352 168 382 rit
183 351 286 382 eadem
302 353 398 393 specie
412 359 503 393 atque
518 352 617 382 forma
632 353 751 392 signum
769 351 858 387 illud,
875 349 968 391 quod,
983 359 1020 379 cx

132 394 314 425 Macedonia
329 402 465 436 captum,
484 396 515 425 in
539 394 690 436 Capitolio
709 401 850 435 posuerat
871 392 1020 423 Flamini-

131 447 198 467 uuS.
223 438 347 468 Etenim
365 439 421 468 tria
436 438 609 468 ferebantur
627 438 658 467 in
679 439 750 468 orbe
765 444 912 467 terrarum
936 435 1023 476 signa

131 480 219 510 Jovis
236 481 429 522 Imperatoris
445 491 506 511 uno
522 482 551 510 in
575 491 683 521 genere
699 480 900 521 pulcherrime
916 478 993 509 facta
1007 488 1016 512 ;

132 533 229 553 unum
252 524 328 554 illud
344 524 590 561 Macedonicum,
612 523 694 564 quod
717 524 748 552 in
772 522 923 562 Capitolio
945 521 1021 551 vidi-

133 576 223 596 mus:
248 567 388 603 alterum,
410 567 442 597 in
465 567 555 596 Ponti
577 577 628 597 ore
646 572 674 596 et
689 566 858 606 angustiis3
884 565 1019 599 tertium,

132 609 213 648 quod
234 610 399 650 Syracusis,
421 615 491 639 ante
507 610 635 640 Verrem
653 615 824 650 praetorem,
844 608 911 637 fuit.
938 606 1022 636 Illud

132 652 325 683 Flamininus
340 653 381 683 ita
397 663 434 683 ex
451 653 513 682 aede
535 653 590 682 suit
610 653 742 688 sustulit,
759 658 794 682 ut
809 651 840 680 in
857 650 1020 691 CapitoliO,

131 695 188 725 hoc
203 701 258 731 est,
274 695 306 725 in
326 696 454 726 terrestri
477 695 628 725 domicilio
646 696 745 732 Jovis,
765 700 898 736 poneret.
926 693 1020 731 Quod

131 744 234 768 autem
257 744 300 768 est
320 738 358 768 ad
378 739 535 769 introitum
555 738 657 775 Ponti,
681 738 723 775 id,
747 748 817 769 cum
839 742 902 766 tam
923 736 1023 766 multa

132 791 170 811 ex
198 781 251 811 illo
273 781 351 811 mari
374 782 454 811 bella
478 781 661 818 emerserint,
686 787 749 812 tam
771 781 870 810 multa
885 790 974 820 porro
989 779 1019 808 in

132 823 268 854 Pontum
283 824 400 855 invecta
414 824 484 862 sint,
501 835 597 865 usque
612 824 651 854 ad
665 825 743 854 hanc
759 824 851 859 diem,
868 823 1022 863 integrum

132 866 373 908 inviolatumque
399 873 551 898 servatum
579 873 633 897 est.
674 868 743 897 Hoc
772 866 907 902 tertium,
939 865 1021 906 quod

134 916 197 939 erat
212 910 378 950 Syracusis,
398 910 480 951 quod
501 911 549 940 M.
568 910 745 945 Marcellus,
769 915 904 939 armatus
920 914 948 938 et
961 909 1022 938 vic-

133 957 190 988 tor,
208 953 344 988 videram
369 953 450 994 quod
465 953 602 993 religioni
618 958 820 989 concesserat;
845 951 925 992 quod
942 952 1022 981 cives

132 1001 224 1036 atque
238 996 344 1026 incolae
363 997 543 1037 Syracusani
566 997 671 1033 colere,
693 997 816 1026 advenae
840 1005 900 1024 non
922 995 1022 1024 solum

132 1038 237 1075 visere,
254 1049 359 1069 verum
376 1039 467 1069 etiam
483 1040 617 1070 venerari
638 1039 784 1076 solebant,
808 1038 839 1068 id
856 1038 966 1068 Verres
982 1048 1018 1068 ex

133 1082 247 1122 templo
261 1082 283 1111 J
286 1082 349 1112 ovis
364 1082 496 1112 sustulit.

176 1125 219 1155 Ut
234 1125 342 1165 saepius
358 1125 396 1155 ad
417 1125 465 1156 Μ.
482 1126 667 1156 Marcellum
683 1131 823 1161 revertar,
837 1125 964 1164 judices,
982 1124 1023 1154 sic

132 1167 292 1198 habetote:
316 1168 418 1209 plures
438 1179 500 1199 esse
522 1180 540 1199 a
561 1169 757 1210 Syracusanis
780 1168 866 1198 istius
889 1167 1021 1197 adventu

132 1209 225 1246 Deos,
245 1221 339 1252 quam
354 1211 477 1242 victoria
492 1212 633 1242 Marcelli
654 1212 804 1247 homines,
829 1210 1020 1240 desideratos.

134 1253 258 1283 Etenim
273 1254 324 1284 isse
338 1255 497 1295 requisisse
512 1255 621 1285 dicitur
636 1255 726 1285 etiam
743 1253 961 1284 Archimedem
984 1253 1021 1282 il-

132 1296 211 1334 lum,
227 1307 348 1327 summo
363 1298 483 1338 ingenio
499 1298 654 1328 hominem
671 1308 705 1328 ac
727 1297 886 1337 disciplina
900 1307 909 1332 ς
934 1306 1020 1326 eum-

132 1349 192 1379 que
218 1350 288 1370 cum
313 1341 446 1371 audisset
468 1341 671 1377 interfectum,
695 1340 874 1381 permoleste
897 1339 1019 1370 tulisse:

132 1382 187 1412 iste
202 1383 315 1419 onmia,
332 1394 401 1424 quae
416 1383 582 1425 requisivit,
599 1394 659 1414 non
672 1389 707 1413 ut
718 1388 858 1420 servaret,
869 1392 974 1412 verum
987 1389 1022 1411 ut

132 1431 308 1466 asportaret,
324 1426 489 1467 requisivit.

176 1467 267 1498 LIX.
301 1469 375 1499 Jam
406 1470 470 1507 illa,
501 1470 573 1511 quia
596 1470 707 1500 leviora
732 1469 926 1505 videbuntur,
953 1468 1021 1499 ideo

131 1512 308 1552 praeterib03
333 1513 415 1553 quod
431 1513 486 1543 iste
501 1523 619 1543 mensas
639 1512 804 1553 Delphicas
819 1523 835 1542 e
856 1522 1018 1547 marmore,

131 1560 259 1584 crateras
281 1565 318 1585 ex
340 1566 397 1586 aere
416 1556 644 1596 pulcherrimas,
662 1556 723 1586 vim
744 1555 912 1585 maximam
934 1564 1021 1584 vaso-

132 1606 200 1626 rum
218 1597 456 1634 Corinthiorum,
479 1609 517 1629 ex
539 1599 680 1629 omnibus
696 1598 810 1628 aedibus
826 1597 915 1628 sacris
930 1598 1022 1637 Syra-

131 1640 210 1670 cusis
224 1641 358 1671 abstulit.
383 1640 503 1682 Itaque,
516 1641 644 1681 judices,
657 1641 700 1680 hi,
712 1641 766 1682 qui
774 1641 917 1681 hospiteS,
931 1639 969 1669 ad
986 1650 1020 1669 ea

132 1692 200 1722 quae
215 1682 338 1714 visenda
347 1690 430 1720 sunt,
441 1684 549 1715 ducere
564 1685 672 1722 solent,
683 1690 712 1715 et
724 1683 960 1724 unumquidque
974 1692 1022 1711 os-

132 1725 263 1763 tendere,
293 1727 384 1767 (quos
407 1727 453 1758 illi
475 1733 668 1769 mystagogos
693 1726 815 1766 vocant)
846 1735 1020 1757 conversam
