<?xml version="1.0" encoding="UTF-8"?>
<!DOCTYPE html PUBLIC "-//W3C//DTD XHTML 1.0 Transitional//EN"
    "http://www.w3.org/TR/xhtml1/DTD/xhtml1-transitional.dtd">
<html xmlns="http://www.w3.org/1999/xhtml" xml:lang="en" lang="en">
 <head>
  <title>
</title>
<meta http-equiv="Content-Type" content="text/html;charset=utf-8" />
  <meta name='ocr-system' content='tesseract 3.04.00' />
  <meta name='ocr-capabilities' content='ocr_page ocr_carea ocr_par ocr_line ocrx_word'/>
</head>
<body>
  <div class='ocr_page' id='page_1' title='image "./operaern05ciceuoft_0241.png"; bbox 0 0 1181 1902; ppageno 0'>
   <div class='ocr_carea' id='block_1_1' title="bbox 261 65 977 127">
    <p class='ocr_par' dir='ltr' id='par_1_1' title="bbox 261 65 977 127">
     <span class='ocr_line' id='line_1_1' title="bbox 261 65 977 127; baseline 0 -5"><span class='ocrx_word' id='word_1_1' title='bbox 261 91 310 122; x_wconf 84' lang='lat' dir='ltr'>IN</span> <span class='ocrx_word' id='word_1_2' title='bbox 337 91 457 122; x_wconf 66' lang='lat' dir='ltr'>VEPR</span> <span class='ocrx_word' id='word_1_3' title='bbox 446 65 532 122; x_wconf 79' lang='grc' dir='ltr'>ΕΜ</span> <span class='ocrx_word' id='word_1_4' title='bbox 559 91 804 127; x_wconf 65' lang='lat' dir='ltr'>111.CAr-.17.</span> <span class='ocrx_word' id='word_1_5' title='bbox 914 93 977 123; x_wconf 74' lang='lat'>229</span> 
     </span>
    </p>
   </div>
   <div class='ocr_carea' id='block_1_2' title="bbox 70 177 979 1854">
    <p class='ocr_par' dir='ltr' id='par_1_2' title="bbox 77 177 979 950">
     <span class='ocr_line' id='line_1_2' title="bbox 87 177 975 219; baseline 0 -11"><span class='ocrx_word' id='word_1_6' title='bbox 87 180 178 214; x_wconf 73' lang='lat' dir='ltr'>esset,</span> <span class='ocrx_word' id='word_1_7' title='bbox 196 177 288 209; x_wconf 89' lang='lat' dir='ltr'>homo</span> <span class='ocrx_word' id='word_1_8' title='bbox 308 178 468 209; x_wconf 84' lang='lat' dir='ltr'><strong>deterrime</strong></span> <span class='ocrx_word' id='word_1_9' title='bbox 488 184 517 209; x_wconf 91' lang='lat' dir='ltr'>et</span> <span class='ocrx_word' id='word_1_10' title='bbox 532 178 804 218; x_wconf 88' lang='lat' dir='ltr'>impudentissime,</span> <span class='ocrx_word' id='word_1_11' title='bbox 828 179 975 219; x_wconf 86' lang='lat' dir='ltr'>quemad-</span> 
     </span>
     <span class='ocr_line' id='line_1_3' title="bbox 87 221 975 262; baseline 0.002 -12"><span class='ocrx_word' id='word_1_12' title='bbox 87 221 213 251; x_wconf 85' lang='lat' dir='ltr'>modum</span> <span class='ocrx_word' id='word_1_13' title='bbox 229 221 306 251; x_wconf 89' lang='lat' dir='ltr'>inter</span> <span class='ocrx_word' id='word_1_14' title='bbox 321 222 436 252; x_wconf 89' lang='lat' dir='ltr'>Siculos</span> <span class='ocrx_word' id='word_1_15' title='bbox 448 221 564 260; x_wconf 86' lang='lat' dir='ltr'>judices</span> <span class='ocrx_word' id='word_1_16' title='bbox 578 221 683 257; x_wconf 72' lang='lat' dir='ltr'>dares3</span> <span class='ocrx_word' id='word_1_17' title='bbox 701 232 770 252; x_wconf 89' lang='lat' dir='ltr'>cum</span> <span class='ocrx_word' id='word_1_18' title='bbox 787 222 975 262; x_wconf 83' lang='lat' dir='ltr'>imperatoris</span> 
     </span>
     <span class='ocr_line' id='line_1_4' title="bbox 84 264 975 304; baseline 0 -10"><span class='ocrx_word' id='word_1_19' title='bbox 84 264 190 304; x_wconf 88' lang='lat' dir='ltr'>populi</span> <span class='ocrx_word' id='word_1_20' title='bbox 212 264 345 294; x_wconf 83' lang='lat' dir='ltr'>Romani</span> <span class='ocrx_word' id='word_1_21' title='bbox 366 264 537 301; x_wconf 79' lang='lat' dir='ltr'>auctoritas,</span> <span class='ocrx_word' id='word_1_22' title='bbox 559 265 728 304; x_wconf 79' lang='lat' dir='ltr'>legatorum</span> <span class='ocrx_word' id='word_1_23' title='bbox 750 264 865 301; x_wconf 85' lang='lat' dir='ltr'>decem,</span> <span class='ocrx_word' id='word_1_24' title='bbox 891 275 975 295; x_wconf 86' lang='lat' dir='ltr'>sum-</span> 
     </span>
     <span class='ocr_line' id='line_1_5' title="bbox 84 307 975 347; baseline 0.001 -11"><span class='ocrx_word' id='word_1_25' title='bbox 84 317 205 337; x_wconf 87' lang='lat' dir='ltr'>morum</span> <span class='ocrx_word' id='word_1_26' title='bbox 232 307 403 344; x_wconf 86' lang='lat' dir='ltr'>hominum,</span> <span class='ocrx_word' id='word_1_27' title='bbox 428 307 570 347; x_wconf 77' lang='lat' dir='ltr'>dignitas,</span> <span class='ocrx_word' id='word_1_28' title='bbox 596 308 902 337; x_wconf 66' lang='lat' dir='ltr'>senatus-consultum</span> <span class='ocrx_word' id='word_1_29' title='bbox 927 308 975 338; x_wconf 87' lang='lat' dir='ltr'>in-</span> 
     </span>
     <span class='ocr_line' id='line_1_6' title="bbox 84 350 973 390; baseline 0.001 -10"><span class='ocrx_word' id='word_1_30' title='bbox 84 350 255 387; x_wconf 86' lang='lat' dir='ltr'>tercederet,</span> <span class='ocrx_word' id='word_1_31' title='bbox 279 351 366 390; x_wconf 90' lang='lat' dir='ltr'>cujus</span> <span class='ocrx_word' id='word_1_32' title='bbox 381 350 517 380; x_wconf 90' lang='lat' dir='ltr'>consulto</span> <span class='ocrx_word' id='word_1_33' title='bbox 537 350 572 380; x_wconf 91' lang='lat' dir='ltr'>P.</span> <span class='ocrx_word' id='word_1_34' title='bbox 588 350 732 390; x_wconf 76' lang='lat' dir='ltr'>Rupilius</span> <span class='ocrx_word' id='word_1_35' title='bbox 753 350 790 380; x_wconf 88' lang='lat' dir='ltr'>de</span> <span class='ocrx_word' id='word_1_36' title='bbox 811 350 914 381; x_wconf 82' lang='lat' dir='ltr'>decem</span> <span class='ocrx_word' id='word_1_37' title='bbox 929 351 973 381; x_wconf 88' lang='lat' dir='ltr'>le-</span> 
     </span>
     <span class='ocr_line' id='line_1_7' title="bbox 81 393 979 433; baseline 0 -10"><span class='ocrx_word' id='word_1_38' title='bbox 81 399 221 432; x_wconf 88' lang='lat' dir='ltr'>gatorum</span> <span class='ocrx_word' id='word_1_39' title='bbox 243 393 389 423; x_wconf 64' lang='lat' dir='ltr'>sententia</span> <span class='ocrx_word' id='word_1_40' title='bbox 403 394 484 433; x_wconf 83' lang='lat' dir='ltr'>leges</span> <span class='ocrx_word' id='word_1_41' title='bbox 499 393 530 423; x_wconf 91' lang='lat' dir='ltr'>in</span> <span class='ocrx_word' id='word_1_42' title='bbox 547 393 650 423; x_wconf 71' lang='lat' dir='ltr'>Sicilia</span> <span class='ocrx_word' id='word_1_43' title='bbox 665 394 878 428; x_wconf 76' lang='lat' dir='ltr'>constituerat:</span> <span class='ocrx_word' id='word_1_44' title='bbox 903 400 979 424; x_wconf 55' lang='lat' dir='ltr'>cum*</span> 
     </span>
     <span class='ocr_line' id='line_1_8' title="bbox 82 436 974 477; baseline 0.001 -11"><span class='ocrx_word' id='word_1_45' title='bbox 82 446 197 473; x_wconf 78' lang='lat' dir='ltr'>omneS,</span> <span class='ocrx_word' id='word_1_46' title='bbox 220 442 290 466; x_wconf 88' lang='lat' dir='ltr'>ante</span> <span class='ocrx_word' id='word_1_47' title='bbox 309 442 338 466; x_wconf 90' lang='lat' dir='ltr'>te</span> <span class='ocrx_word' id='word_1_48' title='bbox 356 442 527 477; x_wconf 66' lang='lat' dir='ltr'>praetorem,</span> <span class='ocrx_word' id='word_1_49' title='bbox 552 436 694 476; x_wconf 79' lang='lat' dir='ltr'>Rupilias</span> <span class='ocrx_word' id='word_1_50' title='bbox 714 437 794 476; x_wconf 86' lang='lat' dir='ltr'>leges</span> <span class='ocrx_word' id='word_1_51' title='bbox 815 442 844 466; x_wconf 90' lang='lat' dir='ltr'>et</span> <span class='ocrx_word' id='word_1_52' title='bbox 864 437 895 466; x_wconf 91' lang='lat' dir='ltr'>in</span> <span class='ocrx_word' id='word_1_53' title='bbox 917 448 974 467; x_wconf 82' lang='lat' dir='ltr'>cae-</span> 
     </span>
     <span class='ocr_line' id='line_1_9' title="bbox 81 479 973 518; baseline 0.001 -9"><span class='ocrx_word' id='word_1_54' title='bbox 81 479 151 509; x_wconf 86' lang='lat' dir='ltr'>teris</span> <span class='ocrx_word' id='word_1_55' title='bbox 171 480 259 510; x_wconf 86' lang='lat' dir='ltr'>rebus</span> <span class='ocrx_word' id='word_1_56' title='bbox 283 485 312 509; x_wconf 89' lang='lat' dir='ltr'>et</span> <span class='ocrx_word' id='word_1_57' title='bbox 335 479 365 508; x_wconf 92' lang='lat' dir='ltr'>in</span> <span class='ocrx_word' id='word_1_58' title='bbox 387 479 509 518; x_wconf 85' lang='lat' dir='ltr'>judiciis</span> <span class='ocrx_word' id='word_1_59' title='bbox 533 479 668 509; x_wconf 78' lang='lat' dir='ltr'>maxime</span> <span class='ocrx_word' id='word_1_60' title='bbox 688 479 914 515; x_wconf 71' lang='lat' dir='ltr'>observassent3</span> <span class='ocrx_word' id='word_1_61' title='bbox 939 486 973 510; x_wconf 91' lang='lat' dir='ltr'>tu</span> 
     </span>
     <span class='ocr_line' id='line_1_10' title="bbox 81 522 976 563; baseline 0.001 -12"><span class='ocrx_word' id='word_1_62' title='bbox 81 532 172 553; x_wconf 90' lang='lat' dir='ltr'>ausus</span> <span class='ocrx_word' id='word_1_63' title='bbox 187 533 217 552; x_wconf 91' lang='lat' dir='ltr'>es</span> <span class='ocrx_word' id='word_1_64' title='bbox 231 532 286 563; x_wconf 87' lang='lat' dir='ltr'>pro</span> <span class='ocrx_word' id='word_1_65' title='bbox 306 523 413 559; x_wconf 88' lang='lat' dir='ltr'>nihilo,</span> <span class='ocrx_word' id='word_1_66' title='bbox 436 533 498 563; x_wconf 86' lang='lat' dir='ltr'>prae</span> <span class='ocrx_word' id='word_1_67' title='bbox 519 522 572 552; x_wconf 65' lang='lat' dir='ltr'>tua</span> <span class='ocrx_word' id='word_1_68' title='bbox 587 522 701 562; x_wconf 66' lang='lat' dir='ltr'>praeda,</span> <span class='ocrx_word' id='word_1_69' title='bbox 725 528 768 552; x_wconf 88' lang='lat' dir='ltr'>tot</span> <span class='ocrx_word' id='word_1_70' title='bbox 788 532 833 552; x_wconf 84' lang='lat' dir='ltr'>res</span> <span class='ocrx_word' id='word_1_71' title='bbox 849 523 976 552; x_wconf 82' lang='lat' dir='ltr'>sanctis-</span> 
     </span>
     <span class='ocr_line' id='line_1_11' title="bbox 81 565 972 605; baseline 0.002 -11"><span class='ocrx_word' id='word_1_72' title='bbox 81 565 172 595; x_wconf 88' lang='lat' dir='ltr'>simas</span> <span class='ocrx_word' id='word_1_73' title='bbox 195 565 327 596; x_wconf 83' lang='lat' dir='ltr'>ducere?</span> <span class='ocrx_word' id='word_1_74' title='bbox 352 565 426 595; x_wconf 86' lang='lat' dir='ltr'>Tibi</span> <span class='ocrx_word' id='word_1_75' title='bbox 448 566 533 595; x_wconf 89' lang='lat' dir='ltr'>nulla</span> <span class='ocrx_word' id='word_1_76' title='bbox 552 565 601 595; x_wconf 89' lang='lat' dir='ltr'>lex</span> <span class='ocrx_word' id='word_1_77' title='bbox 626 565 711 595; x_wconf 84' lang='lat' dir='ltr'>fuit?</span> <span class='ocrx_word' id='word_1_78' title='bbox 734 565 820 595; x_wconf 89' lang='lat' dir='ltr'>nulla</span> <span class='ocrx_word' id='word_1_79' title='bbox 840 565 945 605; x_wconf 86' lang='lat' dir='ltr'>religio</span> <span class='ocrx_word' id='word_1_80' title='bbox 958 568 972 596; x_wconf 86' lang='lat'>?</span> 
     </span>
     <span class='ocr_line' id='line_1_12' title="bbox 80 608 972 648; baseline 0 -10"><span class='ocrx_word' id='word_1_81' title='bbox 80 608 183 638; x_wconf 88' lang='lat' dir='ltr'>nullus</span> <span class='ocrx_word' id='word_1_82' title='bbox 203 608 433 638; x_wconf 80' lang='lat' dir='ltr'>existimationis</span> <span class='ocrx_word' id='word_1_83' title='bbox 453 608 574 648; x_wconf 83' lang='lat' dir='ltr'>pudor?</span> <span class='ocrx_word' id='word_1_84' title='bbox 597 609 701 638; x_wconf 87' lang='lat' dir='ltr'>nullus</span> <span class='ocrx_word' id='word_1_85' title='bbox 718 608 824 646; x_wconf 85' lang='lat' dir='ltr'>judicii</span> <span class='ocrx_word' id='word_1_86' title='bbox 846 611 972 639; x_wconf 80' lang='lat' dir='ltr'>metus?</span> 
     </span>
     <span class='ocr_line' id='line_1_13' title="bbox 79 651 971 692; baseline 0 -11"><span class='ocrx_word' id='word_1_87' title='bbox 79 651 194 681; x_wconf 90' lang='lat' dir='ltr'>nullius</span> <span class='ocrx_word' id='word_1_88' title='bbox 221 651 302 692; x_wconf 87' lang='lat' dir='ltr'>apud</span> <span class='ocrx_word' id='word_1_89' title='bbox 329 657 358 681; x_wconf 90' lang='lat' dir='ltr'>te</span> <span class='ocrx_word' id='word_1_90' title='bbox 383 651 483 691; x_wconf 80' lang='lat' dir='ltr'>gravis</span> <span class='ocrx_word' id='word_1_91' title='bbox 508 651 694 682; x_wconf 84' lang='lat' dir='ltr'>auctoritas?</span> <span class='ocrx_word' id='word_1_92' title='bbox 718 651 839 680; x_wconf 88' lang='lat' dir='ltr'>nullum</span> <span class='ocrx_word' id='word_1_93' title='bbox 867 661 971 681; x_wconf 82' lang='lat' dir='ltr'>exem-</span> 
     </span>
     <span class='ocr_line' id='line_1_14' title="bbox 79 694 970 735; baseline -0.001 -11"><span class='ocrx_word' id='word_1_94' title='bbox 79 694 178 734; x_wconf 89' lang='lat' dir='ltr'>plum,</span> <span class='ocrx_word' id='word_1_95' title='bbox 196 694 277 734; x_wconf 88' lang='lat' dir='ltr'>quod</span> <span class='ocrx_word' id='word_1_96' title='bbox 293 695 378 735; x_wconf 86' lang='lat' dir='ltr'>sequi</span> <span class='ocrx_word' id='word_1_97' title='bbox 393 695 483 724; x_wconf 89' lang='lat' dir='ltr'>velles</span> <span class='ocrx_word' id='word_1_98' title='bbox 496 695 510 723; x_wconf 70' lang='grc' dir='ltr'>’ἓ</span> <span class='ocrx_word' id='word_1_99' title='bbox 533 695 663 730; x_wconf 83' lang='lat' dir='ltr'>Verum,</span> <span class='ocrx_word' id='word_1_100' title='bbox 680 700 715 724; x_wconf 90' lang='lat' dir='ltr'>ut</span> <span class='ocrx_word' id='word_1_101' title='bbox 729 694 846 723; x_wconf 84' lang='lat' dir='ltr'>institui</span> <span class='ocrx_word' id='word_1_102' title='bbox 861 694 970 731; x_wconf 79' lang='lat' dir='ltr'>dicere,</span> 
     </span>
     <span class='ocr_line' id='line_1_15' title="bbox 78 736 972 778; baseline 0.001 -12"><span class='ocrx_word' id='word_1_103' title='bbox 78 737 215 778; x_wconf 88' lang='lat' dir='ltr'>quinque</span> <span class='ocrx_word' id='word_1_104' title='bbox 232 737 397 776; x_wconf 87' lang='lat' dir='ltr'>judicibus,</span> <span class='ocrx_word' id='word_1_105' title='bbox 415 738 501 767; x_wconf 68' lang='lat' dir='ltr'>nulla</span> <span class='ocrx_word' id='word_1_106' title='bbox 516 737 593 777; x_wconf 77' lang='lat' dir='ltr'>lege,</span> <span class='ocrx_word' id='word_1_107' title='bbox 615 737 701 767; x_wconf 84' lang='lat' dir='ltr'>nullo</span> <span class='ocrx_word' id='word_1_108' title='bbox 717 736 865 773; x_wconf 86' lang='lat' dir='ltr'>instituto,</span> <span class='ocrx_word' id='word_1_109' title='bbox 884 737 972 767; x_wconf 62' lang='lat' dir='ltr'>nulla</span> 
     </span>
     <span class='ocr_line' id='line_1_16' title="bbox 78 780 969 821; baseline -0.001 -11"><span class='ocrx_word' id='word_1_110' title='bbox 78 780 233 821; x_wconf 73' lang='lat' dir='ltr'>religione,</span> <span class='ocrx_word' id='word_1_111' title='bbox 258 781 344 810; x_wconf 63' lang='lat' dir='ltr'>nulla</span> <span class='ocrx_word' id='word_1_112' title='bbox 367 786 456 817; x_wconf 85' lang='lat' dir='ltr'>sorte,</span> <span class='ocrx_word' id='word_1_113' title='bbox 481 791 518 811; x_wconf 85' lang='lat' dir='ltr'>ex</span> <span class='ocrx_word' id='word_1_114' title='bbox 542 780 667 810; x_wconf 80' lang='lat' dir='ltr'>libidine</span> <span class='ocrx_word' id='word_1_115' title='bbox 690 780 777 810; x_wconf 85' lang='lat' dir='ltr'>istius</span> <span class='ocrx_word' id='word_1_116' title='bbox 798 780 887 815; x_wconf 78' lang='lat' dir='ltr'>(latis,</span> <span class='ocrx_word' id='word_1_117' title='bbox 910 790 969 810; x_wconf 82' lang='lat' dir='ltr'>non</span> 
     </span>
     <span class='ocr_line' id='line_1_17' title="bbox 78 823 970 865; baseline -0.001 -12"><span class='ocrx_word' id='word_1_118' title='bbox 78 823 133 864; x_wconf 90' lang='lat' dir='ltr'>qui</span> <span class='ocrx_word' id='word_1_119' title='bbox 153 834 273 854; x_wconf 89' lang='lat' dir='ltr'>causam</span> <span class='ocrx_word' id='word_1_120' title='bbox 296 829 518 865; x_wconf 77' lang='lat' dir='ltr'>cognoscerent,</span> <span class='ocrx_word' id='word_1_121' title='bbox 541 823 592 853; x_wconf 85' lang='lat' dir='ltr'>sed</span> <span class='ocrx_word' id='word_1_122' title='bbox 608 823 672 863; x_wconf 88' lang='lat' dir='ltr'>qui,</span> <span class='ocrx_word' id='word_1_123' title='bbox 689 823 771 863; x_wconf 86' lang='lat' dir='ltr'>quod</span> <span class='ocrx_word' id='word_1_124' title='bbox 786 823 970 862; x_wconf 83' lang='lat' dir='ltr'>imperatum</span> 
     </span>
     <span class='ocr_line' id='line_1_18' title="bbox 78 866 966 906; baseline -0.001 -9"><span class='ocrx_word' id='word_1_125' title='bbox 78 872 164 903; x_wconf 86' lang='lat' dir='ltr'>esset,</span> <span class='ocrx_word' id='word_1_126' title='bbox 179 866 369 906; x_wconf 75' lang='lat' dir='ltr'>judicarent3</span> <span class='ocrx_word' id='word_1_127' title='bbox 394 877 428 897; x_wconf 92' lang='lat' dir='ltr'>eo</span> <span class='ocrx_word' id='word_1_128' title='bbox 449 866 497 897; x_wconf 83' lang='lat' dir='ltr'>die</span> <span class='ocrx_word' id='word_1_129' title='bbox 513 866 589 896; x_wconf 88' lang='lat' dir='ltr'>nihil</span> <span class='ocrx_word' id='word_1_130' title='bbox 605 872 707 897; x_wconf 86' lang='lat' dir='ltr'>actum</span> <span class='ocrx_word' id='word_1_131' title='bbox 723 872 787 901; x_wconf 77' lang='lat' dir='ltr'>est3</span> <span class='ocrx_word' id='word_1_132' title='bbox 804 866 906 896; x_wconf 82' lang='lat' dir='ltr'>adesse</span> <span class='ocrx_word' id='word_1_133' title='bbox 919 867 966 905; x_wconf 79' lang='lat' dir='ltr'>ju-</span> 
     </span>
     <span class='ocr_line' id='line_1_19' title="bbox 77 910 354 950; baseline 0.004 -11"><span class='ocrx_word' id='word_1_134' title='bbox 77 910 187 940; x_wconf 89' lang='lat' dir='ltr'>bentur</span> <span class='ocrx_word' id='word_1_135' title='bbox 202 910 354 950; x_wconf 79' lang='lat' dir='ltr'>postridie.</span> 
     </span>
    </p>

    <p class='ocr_par' dir='ltr' id='par_1_3' title="bbox 70 952 973 1815">
     <span class='ocr_line' id='line_1_20' title="bbox 120 952 971 991; baseline 0 -9"><span class='ocrx_word' id='word_1_136' title='bbox 120 952 233 983; x_wconf 87' lang='lat' dir='ltr'>XVII.</span> <span class='ocrx_word' id='word_1_137' title='bbox 260 953 421 984; x_wconf 86' lang='lat' dir='ltr'>Heraclius</span> <span class='ocrx_word' id='word_1_138' title='bbox 445 954 569 991; x_wconf 86' lang='lat' dir='ltr'>interea,</span> <span class='ocrx_word' id='word_1_139' title='bbox 591 963 661 984; x_wconf 89' lang='lat' dir='ltr'>cum</span> <span class='ocrx_word' id='word_1_140' title='bbox 683 963 788 983; x_wconf 87' lang='lat' dir='ltr'>omnes</span> <span class='ocrx_word' id='word_1_141' title='bbox 809 952 931 983; x_wconf 84' lang='lat' dir='ltr'>insidias</span> <span class='ocrx_word' id='word_1_142' title='bbox 952 964 971 983; x_wconf 86' lang='lat' dir='ltr'>a</span> 
     </span>
     <span class='ocr_line' id='line_1_21' title="bbox 76 996 972 1037; baseline 0 -12"><span class='ocrx_word' id='word_1_143' title='bbox 76 1002 203 1036; x_wconf 71' lang='lat' dir='ltr'>praetore</span> <span class='ocrx_word' id='word_1_144' title='bbox 218 996 346 1027; x_wconf 84' lang='lat' dir='ltr'>fortunis</span> <span class='ocrx_word' id='word_1_145' title='bbox 362 997 423 1027; x_wconf 87' lang='lat' dir='ltr'>suis</span> <span class='ocrx_word' id='word_1_146' title='bbox 437 997 501 1027; x_wconf 88' lang='lat' dir='ltr'>fieri</span> <span class='ocrx_word' id='word_1_147' title='bbox 517 997 641 1033; x_wconf 87' lang='lat' dir='ltr'>videret,</span> <span class='ocrx_word' id='word_1_148' title='bbox 662 997 741 1037; x_wconf 90' lang='lat' dir='ltr'>capit</span> <span class='ocrx_word' id='word_1_149' title='bbox 757 996 915 1026; x_wconf 78' lang='lat' dir='ltr'>consilium</span> <span class='ocrx_word' id='word_1_150' title='bbox 931 996 972 1026; x_wconf 81' lang='lat' dir='ltr'>dc</span> 
     </span>
     <span class='ocr_line' id='line_1_22' title="bbox 75 1039 973 1081; baseline 0 -12"><span class='ocrx_word' id='word_1_151' title='bbox 75 1040 243 1069; x_wconf 86' lang='lat' dir='ltr'>amicorum</span> <span class='ocrx_word' id='word_1_152' title='bbox 259 1046 288 1069; x_wconf 85' lang='lat' dir='ltr'>et</span> <span class='ocrx_word' id='word_1_153' title='bbox 306 1040 546 1081; x_wconf 86' lang='lat' dir='ltr'>propinquorum</span> <span class='ocrx_word' id='word_1_154' title='bbox 564 1040 721 1077; x_wconf 64' lang='lat' dir='ltr'>sententia,</span> <span class='ocrx_word' id='word_1_155' title='bbox 739 1049 799 1069; x_wconf 81' lang='lat' dir='ltr'>non</span> <span class='ocrx_word' id='word_1_156' title='bbox 815 1039 916 1069; x_wconf 77' lang='lat' dir='ltr'>adesse</span> <span class='ocrx_word' id='word_1_157' title='bbox 931 1040 973 1069; x_wconf 55' lang='lat' dir='ltr'>ad&gt;</span> 
     </span>
     <span class='ocr_line' id='line_1_23' title="bbox 73 1082 968 1124; baseline 0 -12"><span class='ocrx_word' id='word_1_158' title='bbox 73 1082 233 1121; x_wconf 85' lang='lat' dir='ltr'>judicium.</span> <span class='ocrx_word' id='word_1_159' title='bbox 260 1082 370 1123; x_wconf 91' lang='lat' dir='ltr'>Itaque</span> <span class='ocrx_word' id='word_1_160' title='bbox 386 1083 541 1124; x_wconf 78' lang='lat' dir='ltr'>Syracusis</span> <span class='ocrx_word' id='word_1_161' title='bbox 556 1083 610 1113; x_wconf 64' lang='lat' dir='ltr'>illa</span> <span class='ocrx_word' id='word_1_162' title='bbox 626 1088 711 1113; x_wconf 89' lang='lat' dir='ltr'>nocte</span> <span class='ocrx_word' id='word_1_163' title='bbox 723 1082 868 1123; x_wconf 81' lang='lat' dir='ltr'>profugit.</span> <span class='ocrx_word' id='word_1_164' title='bbox 894 1082 968 1120; x_wconf 88' lang='lat' dir='ltr'>Iste,</span> 
     </span>
     <span class='ocr_line' id='line_1_24' title="bbox 75 1126 970 1166; baseline -0.001 -11"><span class='ocrx_word' id='word_1_165' title='bbox 75 1131 193 1166; x_wconf 85' lang='lat' dir='ltr'>postero</span> <span class='ocrx_word' id='word_1_166' title='bbox 213 1126 261 1156; x_wconf 89' lang='lat' dir='ltr'>die</span> <span class='ocrx_word' id='word_1_167' title='bbox 281 1136 382 1163; x_wconf 86' lang='lat' dir='ltr'>mane,</span> <span class='ocrx_word' id='word_1_168' title='bbox 403 1136 474 1157; x_wconf 90' lang='lat' dir='ltr'>cum</span> <span class='ocrx_word' id='word_1_169' title='bbox 495 1126 594 1156; x_wconf 90' lang='lat' dir='ltr'>multo</span> <span class='ocrx_word' id='word_1_170' title='bbox 614 1126 775 1162; x_wconf 84' lang='lat' dir='ltr'>maturius,</span> <span class='ocrx_word' id='word_1_171' title='bbox 798 1135 891 1166; x_wconf 88' lang='lat' dir='ltr'>quam</span> <span class='ocrx_word' id='word_1_172' title='bbox 911 1135 970 1155; x_wconf 89' lang='lat' dir='ltr'>un-</span> 
     </span>
     <span class='ocr_line' id='line_1_25' title="bbox 75 1169 969 1209; baseline 0 -11"><span class='ocrx_word' id='word_1_173' title='bbox 75 1179 169 1209; x_wconf 85' lang='lat' dir='ltr'>quam</span> <span class='ocrx_word' id='word_1_174' title='bbox 194 1175 293 1206; x_wconf 88' lang='lat' dir='ltr'>antea,</span> <span class='ocrx_word' id='word_1_175' title='bbox 319 1170 505 1207; x_wconf 85' lang='lat' dir='ltr'>surrexisset,</span> <span class='ocrx_word' id='word_1_176' title='bbox 528 1169 645 1208; x_wconf 84' lang='lat' dir='ltr'>judices</span> <span class='ocrx_word' id='word_1_177' title='bbox 667 1169 751 1199; x_wconf 87' lang='lat' dir='ltr'>citari</span> <span class='ocrx_word' id='word_1_178' title='bbox 772 1169 869 1208; x_wconf 83' lang='lat' dir='ltr'>jubet.</span> <span class='ocrx_word' id='word_1_179' title='bbox 905 1169 969 1199; x_wconf 94' lang='lat' dir='ltr'>Ub1</span> 
     </span>
     <span class='ocr_line' id='line_1_26' title="bbox 75 1212 967 1252; baseline -0.001 -10"><span class='ocrx_word' id='word_1_180' title='bbox 75 1212 221 1252; x_wconf 89' lang='lat' dir='ltr'>comperit</span> <span class='ocrx_word' id='word_1_181' title='bbox 242 1212 420 1243; x_wconf 88' lang='lat' dir='ltr'>Heraclium</span> <span class='ocrx_word' id='word_1_182' title='bbox 442 1222 503 1242; x_wconf 90' lang='lat' dir='ltr'>non</span> <span class='ocrx_word' id='word_1_183' title='bbox 524 1212 637 1249; x_wconf 85' lang='lat' dir='ltr'>adesse,</span> <span class='ocrx_word' id='word_1_184' title='bbox 660 1222 764 1252; x_wconf 84' lang='lat' dir='ltr'>cogere</span> <span class='ocrx_word' id='word_1_185' title='bbox 785 1212 891 1252; x_wconf 84' lang='lat' dir='ltr'>incipit</span> <span class='ocrx_word' id='word_1_186' title='bbox 906 1222 967 1248; x_wconf 64' lang='grc' dir='ltr'>θος,</span> 
     </span>
     <span class='ocr_line' id='line_1_27' title="bbox 74 1255 971 1286; baseline 0 -2"><span class='ocrx_word' id='word_1_187' title='bbox 74 1260 108 1284; x_wconf 89' lang='lat' dir='ltr'>ut</span> <span class='ocrx_word' id='word_1_188' title='bbox 135 1256 290 1285; x_wconf 86' lang='lat' dir='ltr'>absentem</span> <span class='ocrx_word' id='word_1_189' title='bbox 318 1256 497 1286; x_wconf 90' lang='lat' dir='ltr'>Heraclium</span> <span class='ocrx_word' id='word_1_190' title='bbox 528 1256 772 1286; x_wconf 84' lang='lat' dir='ltr'>condemnarent.</span> <span class='ocrx_word' id='word_1_191' title='bbox 812 1255 865 1284; x_wconf 84' lang='lat' dir='ltr'>Illi</span> <span class='ocrx_word' id='word_1_192' title='bbox 895 1265 971 1284; x_wconf 77' lang='lat' dir='ltr'>eum-</span> 
     </span>
     <span class='ocr_line' id='line_1_28' title="bbox 74 1297 968 1337; baseline -0.001 -9"><span class='ocrx_word' id='word_1_193' title='bbox 74 1298 360 1335; x_wconf 86' lang='lat' dir='ltr'>commonefaciunt,</span> <span class='ocrx_word' id='word_1_194' title='bbox 382 1305 428 1337; x_wconf 88' lang='lat' dir='ltr'>ut,</span> <span class='ocrx_word' id='word_1_195' title='bbox 451 1299 476 1328; x_wconf 88' lang='lat' dir='ltr'>si</span> <span class='ocrx_word' id='word_1_196' title='bbox 495 1299 522 1329; x_wconf 90' lang='lat' dir='ltr'>ei</span> <span class='ocrx_word' id='word_1_197' title='bbox 542 1298 690 1335; x_wconf 85' lang='lat' dir='ltr'>videatur,</span> <span class='ocrx_word' id='word_1_198' title='bbox 711 1304 815 1328; x_wconf 88' lang='lat' dir='ltr'>utatur</span> <span class='ocrx_word' id='word_1_199' title='bbox 830 1297 968 1328; x_wconf 87' lang='lat' dir='ltr'>instituto</span> 
     </span>
     <span class='ocr_line' id='line_1_29' title="bbox 74 1341 968 1382; baseline 0 -11"><span class='ocrx_word' id='word_1_200' title='bbox 74 1351 140 1379; x_wconf 93' lang='lat' dir='ltr'>suo,</span> <span class='ocrx_word' id='word_1_201' title='bbox 157 1351 211 1371; x_wconf 88' lang='lat' dir='ltr'>nec</span> <span class='ocrx_word' id='word_1_202' title='bbox 227 1348 324 1382; x_wconf 85' lang='lat' dir='ltr'>cogat,</span> <span class='ocrx_word' id='word_1_203' title='bbox 346 1348 416 1372; x_wconf 84' lang='lat' dir='ltr'>ante</span> <span class='ocrx_word' id='word_1_204' title='bbox 431 1342 538 1372; x_wconf 87' lang='lat' dir='ltr'>horam</span> <span class='ocrx_word' id='word_1_205' title='bbox 554 1342 715 1378; x_wconf 86' lang='lat' dir='ltr'>decimam,</span> <span class='ocrx_word' id='word_1_206' title='bbox 732 1341 769 1372; x_wconf 88' lang='lat' dir='ltr'>de</span> <span class='ocrx_word' id='word_1_207' title='bbox 784 1342 907 1372; x_wconf 85' lang='lat' dir='ltr'>absente</span> <span class='ocrx_word' id='word_1_208' title='bbox 922 1351 968 1371; x_wconf 89' lang='lat' dir='ltr'>se-</span> 
     </span>
     <span class='ocr_line' id='line_1_30' title="bbox 74 1385 772 1426; baseline -0.001 -11"><span class='ocrx_word' id='word_1_209' title='bbox 74 1385 210 1415; x_wconf 88' lang='lat' dir='ltr'>cundum</span> <span class='ocrx_word' id='word_1_210' title='bbox 226 1391 404 1426; x_wconf 64' lang='lat' dir='ltr'>praesentem</span> <span class='ocrx_word' id='word_1_211' title='bbox 417 1385 561 1424; x_wconf 86' lang='lat' dir='ltr'>judicare.</span> <span class='ocrx_word' id='word_1_212' title='bbox 592 1385 772 1425; x_wconf 85' lang='lat' dir='ltr'>Impetrant.</span> 
     </span>
     <span class='ocr_line' id='line_1_31' title="bbox 78 1427 967 1469; baseline 0 -11"><span class='ocrx_word' id='word_1_213' title='bbox 78 1441 79 1445; x_wconf 51' lang='lat'>¹</span> <span class='ocrx_word' id='word_1_214' title='bbox 120 1428 240 1458; x_wconf 85' lang='lat' dir='ltr'>Interea</span> <span class='ocrx_word' id='word_1_215' title='bbox 260 1438 331 1458; x_wconf 88' lang='lat' dir='ltr'>sane</span> <span class='ocrx_word' id='word_1_216' title='bbox 346 1430 539 1469; x_wconf 82' lang='lat' dir='ltr'>perturbatus</span> <span class='ocrx_word' id='word_1_217' title='bbox 561 1434 589 1458; x_wconf 87' lang='lat' dir='ltr'>et</span> <span class='ocrx_word' id='word_1_218' title='bbox 610 1429 685 1469; x_wconf 89' lang='lat' dir='ltr'>ipse,</span> <span class='ocrx_word' id='word_1_219' title='bbox 708 1433 737 1457; x_wconf 91' lang='lat' dir='ltr'>et</span> <span class='ocrx_word' id='word_1_220' title='bbox 752 1428 817 1467; x_wconf 90' lang='lat' dir='ltr'>ejus</span> <span class='ocrx_word' id='word_1_221' title='bbox 833 1427 922 1458; x_wconf 89' lang='lat' dir='ltr'>amici</span> <span class='ocrx_word' id='word_1_222' title='bbox 938 1433 967 1458; x_wconf 91' lang='lat' dir='ltr'>et</span> 
     </span>
     <span class='ocr_line' id='line_1_32' title="bbox 76 1470 968 1512; baseline -0.001 -11"><span class='ocrx_word' id='word_1_223' title='bbox 76 1471 248 1508; x_wconf 54' lang='lat' dir='ltr'>consiliarii,</span> <span class='ocrx_word' id='word_1_224' title='bbox 271 1472 397 1502; x_wconf 85' lang='lat' dir='ltr'>moleste</span> <span class='ocrx_word' id='word_1_225' title='bbox 417 1472 493 1502; x_wconf 87' lang='lat' dir='ltr'>ferre</span> <span class='ocrx_word' id='word_1_226' title='bbox 514 1478 678 1512; x_wconf 69' lang='lat' dir='ltr'>coeperunt,</span> <span class='ocrx_word' id='word_1_227' title='bbox 701 1470 879 1501; x_wconf 84' lang='lat' dir='ltr'>Heraclium</span> <span class='ocrx_word' id='word_1_228' title='bbox 897 1481 968 1511; x_wconf 88' lang='lat' dir='ltr'>pro-</span> 
     </span>
     <span class='ocr_line' id='line_1_33' title="bbox 74 1514 966 1556; baseline -0.001 -11"><span class='ocrx_word' id='word_1_229' title='bbox 74 1515 197 1556; x_wconf 84' lang='lat' dir='ltr'>fugisse.</span> <span class='ocrx_word' id='word_1_230' title='bbox 223 1515 378 1545; x_wconf 85' lang='lat' dir='ltr'>Putabant</span> <span class='ocrx_word' id='word_1_231' title='bbox 393 1515 524 1545; x_wconf 89' lang='lat' dir='ltr'>absentis</span> <span class='ocrx_word' id='word_1_232' title='bbox 545 1515 783 1551; x_wconf 84' lang='lat' dir='ltr'>damnationem,</span> <span class='ocrx_word' id='word_1_233' title='bbox 799 1514 966 1555; x_wconf 81' lang='lat' dir='ltr'>praesertim</span> 
     </span>
     <span class='ocr_line' id='line_1_34' title="bbox 74 1557 967 1599; baseline -0.001 -11"><span class='ocrx_word' id='word_1_234' title='bbox 74 1564 168 1589; x_wconf 88' lang='lat' dir='ltr'>tantae</span> <span class='ocrx_word' id='word_1_235' title='bbox 191 1558 337 1599; x_wconf 85' lang='lat' dir='ltr'>pecuniae,</span> <span class='ocrx_word' id='word_1_236' title='bbox 362 1559 462 1588; x_wconf 89' lang='lat' dir='ltr'>multo</span> <span class='ocrx_word' id='word_1_237' title='bbox 481 1558 704 1588; x_wconf 82' lang='lat' dir='ltr'>invidiosiorem</span> <span class='ocrx_word' id='word_1_238' title='bbox 729 1557 803 1595; x_wconf 89' lang='lat' dir='ltr'>fore,</span> <span class='ocrx_word' id='word_1_239' title='bbox 827 1568 920 1598; x_wconf 87' lang='lat' dir='ltr'>quam</span> <span class='ocrx_word' id='word_1_240' title='bbox 942 1557 967 1587; x_wconf 88' lang='lat' dir='ltr'>si</span> 
     </span>
     <span class='ocr_line' id='line_1_35' title="bbox 74 1600 966 1643; baseline -0.002 -11"><span class='ocrx_word' id='word_1_241' title='bbox 74 1608 205 1643; x_wconf 66' lang='lat' dir='ltr'>praesens</span> <span class='ocrx_word' id='word_1_242' title='bbox 219 1601 381 1632; x_wconf 82' lang='lat' dir='ltr'>damnatus</span> <span class='ocrx_word' id='word_1_243' title='bbox 393 1607 477 1632; x_wconf 88' lang='lat' dir='ltr'>esset.</span> <span class='ocrx_word' id='word_1_244' title='bbox 509 1601 558 1631; x_wconf 91' lang='lat' dir='ltr'>Eo</span> <span class='ocrx_word' id='word_1_245' title='bbox 569 1601 738 1637; x_wconf 87' lang='lat' dir='ltr'>accedebat,</span> <span class='ocrx_word' id='word_1_246' title='bbox 755 1601 837 1641; x_wconf 84' lang='lat' dir='ltr'>quod</span> <span class='ocrx_word' id='word_1_247' title='bbox 850 1600 966 1639; x_wconf 81' lang='lat' dir='ltr'>judices</span> 
     </span>
     <span class='ocr_line' id='line_1_36' title="bbox 73 1644 964 1685; baseline -0.003 -10"><span class='ocrx_word' id='word_1_248' title='bbox 73 1655 90 1675; x_wconf 88' lang='lat' dir='ltr'>e</span> <span class='ocrx_word' id='word_1_249' title='bbox 101 1645 168 1685; x_wconf 88' lang='lat' dir='ltr'>lege</span> <span class='ocrx_word' id='word_1_250' title='bbox 183 1644 311 1685; x_wconf 63' lang='lat' dir='ltr'>Rupilia</span> <span class='ocrx_word' id='word_1_251' title='bbox 326 1644 390 1675; x_wconf 85' lang='lat' dir='ltr'>dati</span> <span class='ocrx_word' id='word_1_252' title='bbox 404 1655 464 1675; x_wconf 90' lang='lat' dir='ltr'>non</span> <span class='ocrx_word' id='word_1_253' title='bbox 481 1650 585 1680; x_wconf 76' lang='lat' dir='ltr'>erant3</span> <span class='ocrx_word' id='word_1_254' title='bbox 602 1645 700 1674; x_wconf 87' lang='lat' dir='ltr'>multo</span> <span class='ocrx_word' id='word_1_255' title='bbox 716 1644 806 1674; x_wconf 86' lang='lat' dir='ltr'>etiam</span> <span class='ocrx_word' id='word_1_256' title='bbox 823 1653 886 1673; x_wconf 83' lang='lat' dir='ltr'>rem</span> <span class='ocrx_word' id='word_1_257' title='bbox 902 1650 964 1673; x_wconf 79' lang='lat' dir='ltr'>tur-</span> 
     </span>
     <span class='ocr_line' id='line_1_37' title="bbox 72 1687 964 1729; baseline -0.002 -12"><span class='ocrx_word' id='word_1_258' title='bbox 72 1688 190 1729; x_wconf 87' lang='lat' dir='ltr'>piorem</span> <span class='ocrx_word' id='word_1_259' title='bbox 205 1694 234 1718; x_wconf 90' lang='lat' dir='ltr'>et</span> <span class='ocrx_word' id='word_1_260' title='bbox 244 1687 426 1728; x_wconf 81' lang='lat' dir='ltr'>iniquiorem</span> <span class='ocrx_word' id='word_1_261' title='bbox 441 1688 541 1718; x_wconf 89' lang='lat' dir='ltr'>visum</span> <span class='ocrx_word' id='word_1_262' title='bbox 553 1688 590 1718; x_wconf 86' lang='lat' dir='ltr'>iri</span> <span class='ocrx_word' id='word_1_263' title='bbox 601 1687 818 1728; x_wconf 83' lang='lat' dir='ltr'>intelligebant.</span> <span class='ocrx_word' id='word_1_264' title='bbox 844 1687 964 1727; x_wconf 90' lang='lat' dir='ltr'>Itaque,</span> 
     </span>
     <span class='ocr_line' id='line_1_38' title="bbox 73 1730 965 1779; baseline -0.003 -18"><span class='ocrx_word' id='word_1_265' title='bbox 73 1731 130 1761; x_wconf 92' lang='lat' dir='ltr'>hoc</span> <span class='ocrx_word' id='word_1_266' title='bbox 151 1731 226 1761; x_wconf 89' lang='lat' dir='ltr'>dum</span> <span class='ocrx_word' id='word_1_267' title='bbox 247 1731 394 1771; x_wconf 84' lang='lat' dir='ltr'>corrigere</span> <span class='ocrx_word' id='word_1_268' title='bbox 416 1732 493 1767; x_wconf 81' lang='lat' dir='ltr'>vult,</span> <span class='ocrx_word' id='word_1_269' title='bbox 515 1732 645 1772; x_wconf 82' lang='lat' dir='ltr'>apertior</span> <span class='ocrx_word' id='word_1_270' title='bbox 660 1731 725 1779; x_wconf 76' lang='lat' dir='ltr'>ejus</span> <span class='ocrx_word' id='word_1_271' title='bbox 740 1730 914 1770; x_wconf 70' lang='lat' dir='ltr'>cupiditas</span> <span class='ocrx_word' id='word_1_272' title='bbox 907 1740 965 1758; x_wconf 83' lang='lat' dir='ltr'>im-</span> 
     </span>
     <span class='ocr_line' id='line_1_39' title="bbox 70 1772 964 1815; baseline -0.001 -12"><span class='ocrx_word' id='word_1_273' title='bbox 70 1774 267 1815; x_wconf 81' lang='lat' dir='ltr'>probitasque</span> <span class='ocrx_word' id='word_1_274' title='bbox 287 1773 367 1804; x_wconf 86' lang='lat' dir='ltr'>facta</span> <span class='ocrx_word' id='word_1_275' title='bbox 388 1780 440 1805; x_wconf 85' lang='lat' dir='ltr'>est.</span> <span class='ocrx_word' id='word_1_276' title='bbox 474 1775 558 1805; x_wconf 85' lang='lat' dir='ltr'>Nun</span> <span class='ocrx_word' id='word_1_277' title='bbox 580 1774 640 1805; x_wconf 83' lang='lat' dir='ltr'>illis</span> <span class='ocrx_word' id='word_1_278' title='bbox 660 1774 796 1815; x_wconf 89' lang='lat' dir='ltr'>quinque</span> <span class='ocrx_word' id='word_1_279' title='bbox 812 1772 964 1812; x_wconf 83' lang='lat' dir='ltr'>judicibus</span> 
     </span>
    </p>

    <p class='ocr_par' dir='ltr' id='par_1_4' title="bbox 117 1819 703 1854">
     <span class='ocr_line' id='line_1_40' title="bbox 117 1819 703 1854; baseline 0.002 -9"><span class='ocrx_word' id='word_1_280' title='bbox 117 1819 223 1851; x_wconf 73' lang='lat' dir='ltr'>(orat.</span> <span class='ocrx_word' id='word_1_281' title='bbox 230 1824 240 1854; x_wconf 80' lang='grc'>)</span> <span class='ocrx_word' id='word_1_282' title='bbox 260 1827 280 1847; x_wconf 68' lang='lat' dir='ltr'>x</span> <span class='ocrx_word' id='word_1_283' title='bbox 286 1826 385 1847; x_wconf 87' lang='lat'>01.1.</span> <span class='ocrx_word' id='word_1_284' title='bbox 680 1827 703 1846; x_wconf 82' lang='lat' dir='ltr'>x</span> 
     </span>
    </p>
   </div>
  </div>
 </body>
</html>
