1181 1902
181 44 254 74 ⁶244
364 44 415 74 IN
440 42 636 76 VERREM
659 43 725 74 111.
749 44 832 75 CAP.
855 45 907 74 33.

191 139 272 170 pere,
296 129 391 170 pretio
410 129 521 160 habere
545 129 696 160 addictam
716 129 808 159 fidem
828 135 857 159 et
881 129 1077 170 religionem3

192 178 307 212 quanto
322 173 399 202 illud
414 173 601 213 flagitiosius,
617 173 795 213 improbius,
812 172 978 212 indignius,
995 182 1077 209 eum,

191 225 210 244 a
225 226 285 255 quo
301 216 459 256 pecuniam
478 217 516 246 ob
532 216 748 246 absolvendum
764 215 921 255 acceperis,
938 214 1079 245 condom-

191 258 283 287 nare!
309 264 343 288 ut
363 268 401 288 ne
421 259 599 299 praedonum
621 259 744 299 quidem
765 265 874 298 praetor
889 258 920 287 in
936 258 994 287 fide
1010 257 1079 287 reti„

191 300 290 331 nenda
296 302 543 331 consuetudinem
554 301 753 331 conservaret!
780 301 883 331 Scelus
895 306 938 330 est
949 300 1081 340 accipere

192 344 230 373 ab
247 354 296 373 reo
311 356 318 373 :
343 350 457 385 quanto
475 344 572 385 magis
587 345 625 374 ab
646 344 834 374 accusatore!
859 350 973 384 quanto
989 342 1080 373 etiam

193 386 363 417 sceleratius
379 388 416 417 ab
433 387 581 428 utroque!
608 387 716 417 Fidem
729 397 798 417 cum
813 387 1016 427 proposuisses
1031 396 1081 415 ve-

193 430 293 459 nalem
309 429 340 459 in
355 430 517 470 provincia,
535 430 629 460 valuit
644 429 726 470 apud
742 436 770 459 te
786 429 855 470 plus
871 430 906 467 is,
923 429 976 469 qui
991 438 1081 469 pecu-

193 471 276 502 niam
294 473 438 512 majorem
453 473 544 503 dedit.
569 472 729 502 Concedo:
755 472 877 502 forsitan
902 472 1011 512 aliquis
1027 471 1079 501 ali-

194 515 316 555 quando
333 515 481 554 ejusmodi
496 515 653 556 quidpiam
674 515 784 545 fecerit.
809 515 889 545 Cum
905 525 974 544 vero
989 514 1080 544 fidem

194 568 229 587 ac
244 558 419 598 religionem
435 564 520 588 tuam
538 559 603 598 jam
619 558 704 588 alteri
724 557 875 588 addictam
891 557 1017 598 pecunia
1033 568 1081 587 ac-

194 601 281 641 cepta
304 601 455 637 habueris,
479 608 546 642 post
571 601 709 631 eamdem
735 600 902 630 adversario
925 599 1081 630 tradideris

193 644 307 682 majore
330 644 479 684 pecuni2t3
508 650 675 684 utrumque
704 643 814 674 falles?
847 649 876 673 et
903 642 1000 673 trades
1030 642 1080 673 cui

193 687 297 717 voles?
321 693 350 717 et
370 687 408 725 ei,
432 697 523 728 quem
543 686 695 724 fefelleris,
720 696 758 716 ne
782 686 942 727 pecuniam
958 685 1081 727 quidem

193 729 297 760 reddes
312 731 325 760 ἓ

233 772 337 810 Quem
347 773 424 803 mihi
433 779 466 803 tu
478 773 628 810 Bulbum,
640 783 731 813 quem
745 773 914 809 Stalenum,
929 772 1010 812 quod
1023 781 1081 801 un-

193 826 287 855 quam
300 816 475 854 hujusmodi
485 822 654 846 monstrum
665 822 717 845 aut
727 815 899 856 prodigium
910 815 1082 845 audivimus

193 863 245 887 aut
261 858 404 896 vidimus,
421 859 474 899 qui
489 869 559 888 cum
574 869 624 888 reo
636 858 791 899 transigat,
804 864 871 898 post
881 868 949 888 cum
962 869 1082 888 accusa-

193 907 256 931 tore
271 901 411 932 decidat?
435 902 574 932 honestos
588 901 736 937 homines,
761 901 814 941 qui
832 911 953 930 causam
969 901 1081 939 notint,

193 944 322 984 ableget,
339 955 357 974 a
372 944 556 984 consilioque
571 944 728 974 dimittat?
751 944 815 984 ipse
833 944 912 974 solus
928 954 1011 973 reum
1029 945 1082 973 ab·-

194 987 339 1025 solutum,
356 998 374 1016 a
389 998 449 1028 quo
469 987 628 1028 pecuniam
647 987 802 1027 acceperit,
825 986 1013 1025 condemnet,
1030 997 1083 1027 pe-

195 1030 376 1070 cuniamque
386 1040 444 1060 non
458 1030 584 1060 reddat?
602 1030 697 1060 Hunc
708 1030 863 1060 hominem
871 1029 1010 1068 judicum
1023 1039 1082 1059 nu-

195 1083 280 1103 mero
294 1073 498 1104 habebimus?
522 1073 571 1102 hic
586 1073 710 1102 alteram
728 1072 880 1102 decuriam
905 1072 1083 1102 senatoriam

194 1115 291 1154 judex
307 1116 454 1146 obtinebit
467 1118 480 1146 Ρ
503 1116 552 1146 hic
564 1115 601 1146 de
610 1115 706 1156 capite
715 1115 809 1145 libero
822 1115 995 1154 judicabit?
1011 1115 1083 1145 huic

195 1158 347 1197 judicialis
363 1159 473 1189 tabella
488 1159 717 1188 committetur?
741 1168 834 1198 quam
847 1158 901 1188 iste
916 1168 977 1188 non
993 1158 1083 1188 modo

197 1200 273 1238 cera,
291 1212 395 1232 verum
412 1202 502 1232 etiam
515 1201 671 1241 sanguine,
685 1201 708 1231 si
721 1201 819 1231 visum
830 1201 896 1238 erit,
913 1201 1038 1231 notabit.

239 1244 407 1274 XXXIII.
431 1244 517 1282 Quid
532 1245 613 1275 enim
628 1244 737 1274 horum
753 1254 783 1273 se
799 1250 888 1284 negat
904 1244 1006 1274 fecisse
1017 1247 1030 1274 2³
1046 1244 1084 1274 il-

196 1287 250 1316 lud
263 1287 400 1317 videlicet
414 1298 523 1325 unum,
537 1287 618 1328 quod
634 1297 750 1317 necesse
762 1293 816 1324 est,
832 1287 992 1326 pecuniam
1002 1298 1084 1318 acce-

195 1330 283 1370 pisse
307 1330 425 1367 Quidni
448 1330 503 1360 iste
527 1331 639 1370 neget?
663 1329 709 1359 At
729 1340 819 1378 eques
835 1330 1005 1367 Romanus,
1031 1331 1084 1370 qui

197 1374 360 1413 Sopatrum
376 1372 522 1409 defendit,
535 1373 588 1414 qui
603 1372 744 1402 omnibus
757 1373 821 1413 ejus
836 1372 965 1402 consiliis
981 1374 1083 1403 rebus-

196 1426 256 1456 que
279 1416 425 1453 interfuit,
451 1415 491 1453 Q.
516 1415 684 1452 Minucius,
704 1416 822 1454 juratus
837 1414 908 1445 dicit
923 1416 1082 1456 pecuniam

196 1458 318 1488 datam:
340 1456 459 1497 juratus
475 1458 546 1488 dicit
561 1457 788 1488 Timarchidem
801 1458 922 1495 dixisse,
937 1459 1082 1497 majorem

195 1502 234 1531 ab
250 1501 470 1532 accusatoribus
491 1501 651 1542 pecuniam
671 1500 744 1530 dari.
778 1500 889 1530 Dicent
908 1501 964 1530 hoc
988 1501 1082 1531 siculi

194 1554 317 1574 omnes:
342 1544 441 1574 dicent
456 1554 561 1573 omnes
578 1544 791 1583 Halicyenses:
809 1543 886 1573 dicet
901 1543 991 1573 etiam
1007 1554 1084 1584 prae-

194 1593 326 1617 textatus
346 1587 464 1627 Sopatri
477 1587 568 1624 filius,
585 1587 649 1627 qui,
669 1587 707 1615 ab
727 1586 783 1615 isto
802 1586 924 1616 homine
940 1586 1083 1617 crudelis-

192 1630 280 1669 simo,
291 1635 375 1670 patre
390 1629 632 1660 innocentissimo
647 1629 836 1670 pecuniaque
845 1628 941 1670 patri-21
949 1629 1083 1670 privatus

193 1678 247 1702 est.

198 1717 200 1719 ’
235 1715 365 1755 Verum,
382 1715 406 1746 si
427 1715 465 1746 de
479 1715 609 1758 pecunia
624 1715 748 1746 testibus
769 1714 895 1755 planum
911 1713 1006 1745 facere
1022 1725 1082 1746 non
1154 1739 1157 1750 A

1050 1901 1102 1902 cccccc
1103 1829 1181 1902 A
