1181 1902
236 90 288 122 IN
311 90 508 124 VERREM
534 91 579 122 11.
603 91 687 123 Cn.
704 94 735 123 5.
868 91 930 127 157

41 176 73 209 id
87 176 259 215 consilium,
276 179 405 216 (metuo,
421 187 459 209 ne
474 177 549 220 quid
560 179 749 219 arrogantius
760 176 842 220 apud
854 178 931 209 tales

39 220 118 252 viros
132 220 234 251 videar
248 221 358 258 dicere)
374 231 412 251 ne
427 228 511 252 actor
529 221 654 262 quidem
675 228 718 252 est
738 222 774 260 is,
790 222 839 252 cui
859 231 931 252 reu-s

37 268 101 294 tam
121 273 242 301 nocenS,
267 269 330 294 tam
353 264 500 305 perditus,
522 269 585 294 tam
606 265 713 302 victus,
736 270 790 294 aut
813 265 932 295 occulte

36 306 158 347 surripi,
175 312 228 337 aut
248 306 376 348 impune
394 307 480 348 eripi,
502 307 604 348 possit.
629 307 689 338 His
704 317 758 347 ego
772 308 930 346 judicibus

37 358 98 379 non
120 351 266 390 probabo,
288 350 324 380 C.
344 350 473 380 Verrem
494 356 598 380 contra
617 350 698 390 leges
717 351 860 391 pecunias
880 360 930 380 ce-

34 391 136 434 pisse?
159 393 351 423 sustinebunt
371 393 445 423 tales
465 392 532 429 viri,
554 402 585 423 se
603 398 649 423 tot
668 393 866 431 senatoribus,
883 398 928 423 tot

35 435 189 476 equitibus
213 435 373 474 Romanis,
399 441 444 466 tot
469 435 658 487 civitatibus,
681 441 725 466 tot
750 436 929 466 hominibus

32 477 251 509 honestissimis
260 489 298 509 ex
310 484 374 509 tam
388 478 499 509 illustri
510 478 675 519 provincia,
686 485 730 509 tot
741 479 927 519 populorum

31 521 283 562 privatorumque
296 521 401 559 literis,
418 531 479 552 non
502 521 688 552 credidisse?
711 526 804 552 tantae
819 521 927 562 populi

30 563 168 595 Romani
194 564 344 595 voluntati
366 564 531 595 restitisse?
563 564 748 595 Sustineant.
781 564 927 605 Reperie-

31 617 114 645 mus,
137 607 163 637 si
183 607 276 637 istum
297 607 402 638 vivum
423 607 462 637 ad
485 607 569 637 aliud
588 607 740 646 judicium
762 607 929 648 perducere

30 650 209 691 poterimus,
226 650 338 691 quibus
352 651 528 691 probemus,
545 651 638 680 istum
654 650 686 680 in
702 649 855 692 quaestura
872 661 927 691 pe-

30 693 154 724 cuniam
170 693 338 734 publicam,
355 693 412 723 Cn.
427 693 560 724 Carboni
576 694 692 724 consuli
707 694 822 731 datam,
839 704 927 724 aver-

30 736 121 767 tisse:
145 736 257 777 quibus
271 736 519 777 persuadeamus,
535 737 628 767 istum
649 737 747 767 alieno
766 737 891 767 nomine
905 747 927 767 a

32 780 234 820 quaestoribus
254 779 389 816 urbanis,
407 780 489 820 quod
510 780 610 820 priore
629 779 745 811 actione
765 780 923 818 didicistis,

29 822 191 864 pecuniam
207 822 374 853 abstulisse.
397 823 511 861 Erunt,
520 822 581 864 ,qui
596 828 626 853 et
640 823 671 852 in
684 833 718 853 eo
731 833 853 864 quoque
867 833 925 852 au-

31 865 150 896 daciam
171 866 236 905 ejus
254 865 485 906 reprehendant,
508 866 591 907 quod
610 866 727 906 aliquot
747 865 924 896 nominibus

32 909 71 939 de
86 908 194 949 capite,
211 914 362 949 quantum
378 909 574 939 commodum
590 909 692 946 fuerit,
708 909 855 939 frumenti
870 908 924 939 de·

31 951 155 982 cumani
169 951 342 981 detraxerit.
366 951 467 981 Erunt
479 952 570 982 etiarn
581 951 717 989 fortasse,
727 952 854 990 judices,
867 951 923 992 qui

32 995 123 1025 illum
139 995 204 1034 ejus
218 994 394 1035 peculatum
410 995 457 1025 vel
473 995 617 1025 acerrime
631 995 847 1025 vindicandum
863 1006 923 1035 pu-

30 1043 108 1074 tent,
134 1037 216 1078 quod
241 1037 298 1067 iste
318 1037 367 1067 M.
393 1037 535 1068 Marcelli
555 1043 585 1068 et
603 1039 639 1068 P.
660 1038 801 1068 Africani
822 1038 922 1068 moni-

29 1086 146 1119 menta,
163 1091 243 1121 quae,
256 1081 390 1116 nomine,
403 1080 539 1117 illorum,
551 1091 583 1111 re
594 1080 675 1119 vera,
685 1081 792 1121 populi
805 1081 924 1111 Roma-

30 1124 76 1162 ni,
92 1129 122 1154 et
142 1129 227 1154 erant
247 1129 277 1154 et
295 1123 498 1162 habebantur,
521 1134 559 1153 ex
578 1123 656 1154 fanis
676 1124 920 1164 religiosissimis,

29 1177 68 1198 ex
83 1166 210 1197 urbibus
225 1166 374 1197 sociorum
388 1172 481 1208 atque
495 1167 673 1202 amicorum,
684 1176 747 1197 non
760 1167 922 1198 dubitave-

27 1210 68 1241 rit
83 1210 209 1240 auferre.

72 1253 114 1284 V.
138 1252 306 1283 Emerserit
321 1263 358 1284 ex
378 1254 533 1294 peculatus
554 1253 645 1284 etiam
663 1253 798 1294 judicio:
822 1253 922 1284 medi-

29 1301 111 1327 tetur
126 1296 163 1326 de
183 1296 311 1326 ducibus
325 1297 470 1333 hostium,
484 1307 560 1338 quos
575 1297 695 1338 accepta
705 1296 833 1338 pecunia
844 1297 922 1327 libe-

28 1339 126 1370 ravit:
151 1339 262 1376 videat,
279 1339 354 1380 quid
374 1339 412 1370 de
428 1340 489 1370 illis
508 1340 697 1381 respondeat,
718 1351 806 1381 quOS,
821 1340 854 1370 in
870 1351 919 1371 eo-

28 1392 99 1413 rum
114 1382 217 1412 locum
233 1382 379 1420 subditos,
398 1382 482 1413 domi
502 1393 565 1413 suae
584 1384 754 1414 reservavit.
778 1384 918 1422 Quaerat,

27 1435 90 1456 non
113 1426 223 1464 solum,
247 1425 508 1466 quemadmodum
532 1432 634 1456 nostro
656 1427 787 1464 crimini,
811 1436 919 1457 verum

27 1469 119 1499 etiam
132 1479 193 1509 quo
207 1475 295 1510 pacto
310 1479 372 1499 suae
387 1469 576 1508 confessioni,
592 1470 685 1510 possit
699 1470 822 1500 mederi.
846 1469 920 1500 Me-

26 1511 160 1550 minerit,
177 1522 219 1549 se,
241 1512 339 1553 priore
359 1512 485 1549 actione,
507 1513 638 1543 clamore
658 1513 764 1554 populi
782 1513 919 1544 Romani

24 1554 135 1585 infesto
146 1560 237 1596 atque
247 1555 370 1585 inimico
380 1556 557 1593 excitatum,
565 1556 735 1587 confessum
746 1567 819 1595 esse,
827 1556 920 1586 duces

26 1608 45 1628 a
60 1608 91 1628 se
109 1598 288 1639 praedonum
313 1598 409 1629 securi
432 1609 493 1629 non
518 1609 581 1629 esse
602 1609 776 1640 percussos3
800 1610 831 1630 se
850 1600 917 1638 jam

26 1646 95 1671 tum
110 1651 173 1671 esse
188 1641 329 1680 veritum,
345 1651 384 1672 ne
398 1642 455 1672 sibi
476 1642 595 1673 crimini
615 1642 749 1681 daretur,
767 1653 815 1673 eos
831 1644 869 1673 ab
886 1652 918 1672 se

25 1684 154 1725 pecunia
177 1684 328 1715 liberatos.
359 1685 516 1723 Fateatur,
540 1685 596 1721 (id,
623 1686 705 1726 quod
727 1685 832 1726 negari
854 1695 916 1715 non

25 1732 137 1768 potest)
153 1738 194 1764 se,
210 1728 363 1768 privatum
379 1728 547 1767 hominem,
571 1729 748 1769 praedonum
764 1729 855 1759 duces
870 1728 917 1759 vi-

25 1780 77 1801 vos
92 1775 184 1812 atque
197 1770 366 1803 incolumes
380 1771 464 1803 (lomi
480 1783 553 1811 suae,
569 1778 767 1814 posteaquam
781 1772 916 1803 Romam

67 1814 188 1851 (Orat.)
206 1822 288 1843 v01„
307 1823 330 1844 1.
634 1825 653 1846 1-
