1181 1902
229 117 292 150 284
401 120 453 150 IN
476 118 671 150 VERREM
696 118 764 149 111.
787 118 871 149 CAP.
893 118 945 154 77.

232 215 303 245 quae
318 210 370 235 aut
392 204 566 246 diligentius
590 204 746 242 servanda,
770 209 824 234 aut
845 203 990 234 occultius
1014 215 1124 244 expor-

234 247 327 278 tanda
342 254 438 285 erant,
454 249 632 289 deportaret.
657 247 717 277 His
733 247 862 277 inventis
880 247 1002 285 libellis,
1026 248 1125 278 caeteri

235 291 344 321 remoti
359 297 387 321 et
402 291 577 331 diligentius
592 297 663 320 sunt
684 290 847 320 reconditi:
873 300 927 320 nos
950 296 1065 328 tamen,
1090 296 1126 320 ut

235 343 340 364 omnes
355 334 526 374 intelligant
543 334 599 364 hoc
622 343 676 364 nos
700 333 763 363 sine
778 333 943 373 cupiditate
958 343 1058 373 agere,
1077 333 1127 363 his

236 376 309 417 ipsis
323 376 433 407 libellis
449 376 579 407 contenti
592 386 708 406 sumus.

280 419 438 450 LXXVI.
463 420 495 450 N
498 430 556 449 unc
571 419 608 449 ad
621 419 768 449 sociorum
781 419 899 448 tabulas
910 418 1024 458 accepti
1036 424 1065 449 et
1075 429 1129 449 ex-

236 462 333 503 pensi,
350 473 425 503 quas
436 472 588 493 removere
603 462 726 492 honeste
744 462 829 491 nullo
844 461 935 491 modo
950 468 1125 501 potuerunt,

238 511 267 535 et
289 505 327 535 ad
349 506 482 536 amicum
497 511 586 535 tuum
603 505 827 545 Carpinatium„
844 510 1038 534 revertemur.
1074 505 1129 534 In-

238 548 438 589 spiciebamus
453 548 607 589 Syracusis
623 559 640 577 a
656 547 832 588 Carpinatio
849 547 996 577 confectas
1008 547 1128 577 tabulas

239 591 397 629 societatis,
421 602 490 632 quae
515 591 734 631 significabant,
760 590 865 619 multis
888 590 1064 620 nominibus
1080 601 1130 620 eos

238 633 376 664 homines
389 644 541 665 versuram
557 645 575 663 a
590 634 765 674 Carpinatio
780 633 893 667 fecisset
904 633 957 673 qui
968 633 1128 673 pecuniam

240 677 330 708 Verri
344 677 502 707 dedissent.
527 677 596 706 Erit
612 677 695 706 vobis
707 677 773 706 lucc
783 676 903 713 clarius,
918 676 1045 714 judices,
1059 686 1130 706 cum

239 729 288 750 eos
300 720 380 760 ipsos
395 720 576 760 produxero,
594 720 646 760 qui
662 719 819 749 dederunt.
846 719 1025 759 Intelligetis
1036 719 1129 756 enim,

239 762 293 793 ina
308 768 454 802 tempora,
468 773 520 803 per
535 774 615 803 quae,
632 772 703 792 cum
719 768 815 792 essent
831 762 860 791 in
873 762 1016 802 periculo,
1034 762 1130 802 pretio

239 816 302 836 sese
326 806 528 843 redemerunt,
552 816 620 835 cum
647 805 793 835 societatis
810 805 931 841 tabulis,
954 814 1013 834 non
1031 805 1130 834 solum

240 849 425 885 consulibus,
443 858 547 878 verum
564 848 654 878 etiam
667 848 832 883 mensibus,
850 847 1016 877 convenire.

284 892 364 922 Cum
380 891 444 921 haec
456 891 590 921 maxime
602 900 858 931 cognoscere11111S‚
870 896 899 920 et
912 891 975 928 jam
988 890 1019 919 in
1032 890 1132 920 mani-

240 936 298 965 bus
313 934 431 964 tabulas
454 934 653 969 haberemus3
679 939 800 973 repente
819 933 1001 973 adspicimus
1024 934 1131 963 lituras

241 974 402 1016 ejusmodi,
415 977 502 1018 quasi
511 976 651 1017 quaedam
662 976 787 1007 vulnera
799 977 978 1006 tabellarum
991 976 1132 1006 recentia.

242 1020 352 1051 Statim
369 1020 536 1061 suspicione
551 1019 667 1055 offensi,
692 1018 730 1048 ad
751 1030 785 1048 ea
804 1019 868 1059 ipsa
889 1019 1014 1049 nomina
1028 1020 1131 1049 oculos

240 1063 441 1103 animumque
461 1062 681 1092 transtulimus.
727 1062 825 1091 Erant
848 1068 975 1102 acceptae
996 1062 1132 1102 pecuniae

243 1108 265 1124 ‘⁶
282 1117 300 1136 a
326 1106 362 1137 C.
384 1106 539 1142 Venutio,
565 1107 600 1135 G.
619 1106 678 1136 F.'‘
703 1105 743 1134 sic
764 1112 878 1141 tamen,
904 1111 949 1142 ut,
971 1116 1067 1145 usque
1093 1105 1132 1135 ad

241 1149 371 1179 alterum
402 1151 423 1166 ‘⁴
444 1149 509 1185 R‚''
539 1148 633 1178 literae
656 1154 826 1178 constarent
847 1148 982 1187 integrae,
1008 1148 1132 1188 reliquae

241 1201 346 1222 omnes
368 1197 464 1222 essent
495 1192 527 1221 in
556 1190 656 1221 litura,
694 1191 850 1227 Alterum,
885 1190 1018 1229 tertium,
1041 1202 1132 1231 quar--

240 1240 319 1271 tum,
345 1235 497 1275 permulta
523 1240 607 1264 erant
632 1233 851 1273 ejusdemmodi
877 1234 1010 1263 nomina.
1050 1236 1130 1264 Cum

240 1278 401 1308 manifesta
417 1288 474 1315 res,
497 1284 563 1307 tum
579 1276 726 1317 flagitiosa
742 1277 915 1306 tabularum
932 1282 1023 1316 atque
1038 1277 1132 1317 insig-

239 1321 286 1352 nis
301 1321 468 1362 turpitudo,
482 1326 652 1355 teneretur3
677 1330 809 1360 quaerere
825 1319 992 1359 incepimus
1007 1320 1044 1350 de
1057 1320 1133 1350 Car-

239 1364 366 1406 pinatio,
392 1364 533 1404 quisnam
558 1369 633 1393 esset
658 1362 682 1392 is
700 1362 870 1398 Vei-tutius,
895 1361 1024 1402 quicum
1041 1369 1132 1393 tantae

240 1406 384 1449 pecuniae
398 1407 545 1436 rationem
570 1405 702 1436 haberet.
737 1405 862 1435 ercre
884 1405 987 1441 homo,
1008 1406 1129 1444 versari,

239 1452 355 1481 rubere.
380 1450 474 1487 Quod
483 1450 549 1489 lege
561 1449 752 1489 excipiuntur
762 1449 873 1478 tabulae
885 1448 1129 1488 publicanorum,

239 1504 300 1535 quo
317 1493 419 1522 minus
436 1493 569 1522 Romani
586 1491 800 1532 deportentur3
826 1497 860 1520 ut
875 1501 920 1521 res
936 1501 1029 1531 quam
1042 1502 1130 1521 max-

238 1537 299 1567 ime
315 1536 394 1566 clara
410 1546 443 1566 ac
464 1541 572 1565 testata
587 1545 648 1564 esse
663 1540 773 1574 posset,
799 1534 829 1563 in
843 1535 894 1572 jus
910 1534 948 1563 ad
964 1534 1129 1564 Metellum

239 1579 451 1619 Carpinatium
479 1588 572 1613 voco;
601 1578 780 1617 tabulasque
807 1577 954 1607 societatis
977 1577 1008 1606 in
1029 1577 1130 1607 forum

236 1623 347 1653 defero.
372 1621 423 1650 Fit
437 1621 592 1650 maximus
608 1631 769 1650 concursus
784 1619 963 1649 hominum:
990 1625 1030 1656 et,
1048 1620 1131 1660 quod

236 1672 300 1697 erat
317 1664 484 1704 Carpinatii
497 1670 568 1693 nota
584 1673 653 1693 cum
670 1663 726 1693 isto
742 1669 868 1703 pra-tore
884 1663 1006 1692 societas
1021 1674 1055 1692 ac
1076 1663 1131 1692 fm-

236 1707 361 1744 nerano,
375 1717 495 1736 summe
511 1707 725 1747 exspectabant
741 1716 856 1744 omnes,
873 1705 1020 1746 quidnam
1036 1706 1067 1735 in
1084 1712 1129 1736 ta-

233 1753 315 1784 bulis
330 1750 541 1781 contineretur.

279 1793 458 1826 LXXVII.
472 1793 554 1824 Rem
569 1792 608 1823 ad
624 1792 792 1825 Metellum
807 1792 921 1831 defero,
939 1802 991 1825 me
1007 1792 1129 1828 tabulas
