1216 1907
212 116 253 148 18
384 113 475 145 PRO
494 114 529 145 P.
546 113 759 153 QUINTIO.
783 113 866 145 CAP.
885 115 934 146 15.

215 201 287 232 dem
301 210 401 242 neque
412 200 464 240 jus
479 211 552 237 esse,
568 209 668 242 neque
682 201 825 242 cuiquam
841 200 994 242 expedire.
1020 199 1106 239 Quid

215 245 309 285 igitur
335 244 546 274 demonstrat?
580 244 789 275 vadimonium
815 244 872 275 sibi
898 244 941 274 ait
966 254 1027 274 esse
1053 244 1106 274 de-

216 293 340 318 sertum.

261 331 336 361 XV.
360 330 539 371 Antequam
560 330 651 360 doceo
671 330 702 360 id
725 330 840 360 factum
862 340 922 360 non
944 340 1016 367 esse,
1032 329 1108 360 libet

216 374 305 411 mihi,
323 373 358 403 C.
375 373 508 414 Aquini,
526 384 563 403 ex
575 374 665 403 officii
677 374 801 411 ratione7
815 379 906 413 atque
918 384 955 403 ex
968 373 1107 403 omnium

217 416 444 455 consuetudine,
461 427 525 446 rem
541 417 639 456 ipsam
655 423 684 446 et
696 416 809 446 factum
823 416 913 446 simul
926 417 996 446 Sex.
1007 416 1038 445 N
1042 416 1109 446 aevii

216 459 411 490 considerare.
435 459 489 489 Ad
501 460 710 489 vadimonium
722 469 783 489 non
800 466 921 489 venerat
937 462 984 492 (ut
999 459 1055 496 ais)
1071 459 1108 497 is,

217 503 344 543 quicum
360 502 415 532 tibi
430 502 570 540 affinitas,
587 502 720 540 societas,
737 512 841 532 omnes
862 501 992 542 denique
1013 512 1110 532 causae

216 551 246 576 et
262 545 492 576 necessitudines
508 552 631 582 veteres,
653 545 886 575 intercedebant.
923 545 1049 575 Illicone
1070 544 1109 575 ad

216 594 376 629 praetorem
397 589 439 618 ire
459 588 621 618 convenit?
646 588 826 618 continuone
845 598 951 618 verum
966 587 1025 617 fuit
1040 598 1110 628 pos-

217 632 325 670 tulare⁷
342 638 376 662 ut
392 642 428 662 ex
445 631 541 662 edicto
556 633 635 661 bona
650 631 801 672 possidere
816 631 917 661 liceret
931 633 944 661 ξ’
975 630 1029 660 Ad
1044 631 1109 662 haec

215 680 352 705 extrema
367 681 395 705 et
410 674 618 704 inimicissima
633 675 703 713 jura
717 680 780 704 tam
796 673 904 714 cupide
919 673 1107 712 decurrebas,

214 717 260 747 uti
277 718 331 748 tibi
346 718 423 747 nihil
438 718 469 747 in
485 724 651 758 posterum,
668 717 750 758 quod
764 717 885 758 gravius
901 723 991 758 atque
1003 717 1108 747 crude-

214 760 273 790 lius
289 761 385 791 facere
400 771 510 801 posses,
527 762 714 790 reservares?

260 804 345 834 Nam
361 804 435 844 quid
450 803 567 833 homini
585 810 682 844 potest
700 803 830 844 turpius,
847 802 922 844 quid
937 803 1000 833 viro
1015 802 1106 834 mise-

214 846 278 877 rius
293 853 346 877 aut
361 847 507 882 acerbius,
525 857 582 876 usu
599 847 722 876 venire?
746 847 828 887 quod
848 852 967 876 tantum
989 846 1106 877 evenire

213 889 354 928 dedecus,
372 901 440 930 quae
456 895 540 920 tanta
555 890 709 919 calamitas
724 889 852 919 inveniri
863 889 984 930 potest?
1008 889 1106 920 Pecu-

214 933 297 962 niam
314 933 338 962 si
358 933 491 973 cuipiam
512 933 634 962 fortuna
653 932 777 970 ademit,
794 938 848 962 aut
866 932 890 962 si
905 932 1032 971 alicujus
1048 932 1106 962 eri-

212 976 281 1016 puit
304 976 436 1015 injuria;
464 982 578 1012 tamen,
604 975 678 1005 dum
704 975 886 1005 existimatio
910 981 954 1005 est
975 975 1103 1015 integra,

211 1018 300 1049 facile
315 1019 485 1049 consolatur
500 1019 639 1048 honestas
655 1024 827 1059 egestatem.
860 1018 906 1047 At
924 1028 984 1048 non
1000 1028 1103 1057 nemo,

211 1067 265 1091 aut
286 1062 455 1102 ignominia
475 1062 610 1099 affectus,
632 1068 685 1091 aut
701 1061 816 1100 judicio
836 1061 918 1102 turpi
938 1061 1102 1100 convictus,

208 1105 297 1135 bonis
313 1105 437 1146 quidem
454 1105 515 1135 suis
530 1105 647 1141 utitur;
668 1105 790 1135 alterius
805 1114 875 1145 opes
888 1103 932 1138 (id
947 1104 1029 1145 quod
1044 1104 1103 1134 mi-

209 1148 371 1178 serrimum
387 1154 443 1185 est)
460 1158 520 1178 non
536 1153 707 1188 exspectat:
732 1148 789 1178 hoc
804 1153 905 1178 tamen
924 1147 955 1176 in
976 1146 1104 1178 miseriis

208 1190 386 1230 adjumento
410 1197 440 1221 et
464 1191 569 1221 solatio
593 1191 777 1221 sublevatur.
810 1190 908 1230 Cujus
929 1200 999 1220 vero
1020 1191 1102 1221 bona

209 1234 387 1270 venierunt3
408 1235 495 1273 cujus
508 1244 569 1264 non
580 1234 671 1264 modo
683 1234 744 1263 inae
755 1233 949 1274 amplissimae
959 1233 1100 1271 fortunae,

209 1276 261 1307 sed
277 1277 367 1307 etiam
383 1277 479 1307 victus
495 1277 678 1317 vestitusque
693 1277 875 1307 necessarius
893 1277 949 1306 sub
964 1286 1103 1316 praecone

208 1330 281 1350 cum
296 1319 438 1350 dedecore
453 1321 605 1359 subjectus
621 1325 681 1356 est;
701 1320 726 1350 is
738 1330 799 1350 non
814 1319 905 1349 modo
921 1329 957 1349 ex
974 1329 1101 1349 numero

209 1362 344 1393 virorum
360 1365 549 1401 exturbatur,
567 1362 628 1400 sed,
652 1363 676 1393 si
697 1363 760 1393 fieri
778 1368 886 1403 potest,
908 1361 987 1392 infra
1007 1362 1100 1393 etiam

207 1411 344 1437 mortuos
359 1406 550 1436 amandatur.
583 1406 707 1436 Etenim
722 1416 802 1436 mors
818 1406 943 1435 honesta
957 1416 1035 1446 saepe
1053 1405 1099 1435 vi-

209 1453 274 1478 tam
299 1459 422 1489 quoque
446 1455 566 1489 turpem
591 1455 736 1485 exornat;
758 1449 820 1480 vita
841 1448 937 1490 turpis
951 1458 990 1479 ne
1009 1448 1101 1479 morti

207 1491 333 1532 quidem
349 1492 481 1522 honestae
496 1493 598 1522 locum
614 1492 766 1533 relinquit.

251 1534 347 1574 Ergo,
364 1534 495 1572 hercule,
515 1536 601 1574 cujus
621 1537 701 1565 bona
722 1546 759 1566 ex
780 1534 875 1566 edicto
895 1534 1097 1576 possidentur,

206 1576 300 1616 hujus
326 1578 424 1607 omnis
448 1578 532 1608 fama
556 1584 585 1608 et
607 1578 789 1609 existimatio
811 1589 881 1609 cum
900 1578 985 1609 bonis
1005 1578 1098 1608 simul

206 1620 395 1660 possidetur:
420 1620 457 1650 de
478 1631 539 1661 quo
559 1621 654 1651 libelli
675 1621 706 1651 in
728 1621 926 1652 celeberrimis
941 1621 1012 1651 locis
1027 1631 1097 1662 pro-

206 1669 374 1703 ponuntur,
396 1663 466 1693 huic
486 1674 523 1693 ne
543 1664 639 1704 perire
655 1664 780 1705 quidem
796 1670 873 1695 certe
888 1664 975 1694 tacite
989 1665 1098 1694 obscu-

206 1715 299 1746 reque
314 1706 495 1736 conceditur.
520 1707 579 1737 Cui
594 1707 731 1747 magistri
746 1708 835 1744 fiunt,
852 1713 881 1737 et
896 1707 1011 1737 domini
1026 1717 1097 1737 con-

208 1748 385 1786 stituuntur,
405 1749 470 1790 qui,
492 1750 554 1790 qua
577 1750 643 1790 lege
664 1756 693 1780 et
713 1750 775 1791 qua
795 1750 964 1781 conditione
983 1755 1096 1790 pereat,

206 1792 423 1831 pronuntient;
443 1792 480 1824 de
496 1803 557 1834 quo
571 1793 695 1823 homine
710 1793 854 1835 praeconis
870 1803 929 1825 vox
943 1792 1096 1834 mendicat,
