1181 1902
253 67 302 98 IN
329 68 522 100 VERREM
553 68 611 100 IV.
633 68 716 100 ΕΑΓ.
734 68 784 104 76.
893 66 960 101 ’363

80 150 200 183 eosdem
226 156 279 186 abs
305 161 334 186 te
352 155 476 185 marum
499 155 654 185 civitatum
678 154 800 184 nomine
822 151 963 194 pecunias

83 195 256 233 abstulisse3
281 197 388 228 deinde
411 198 490 238 ipsos
510 198 566 228 sibi
584 198 771 228 frumentum
795 195 961 230 ου’έιιείεεες

82 237 162 267 nihil
185 238 249 270 haec
274 240 311 271 ad
335 246 364 271 te
389 241 562 281 pertinere?
595 241 694 277 Mala,
720 238 902 276 mehercule,
928 247 964 268 ac

84 279 194 310 misera
208 281 351 320 defensio,
374 290 533 323 praetorem
548 283 604 313 hoc
619 283 728 319 dicere,
744 283 813 322 Ego
828 282 964 311 frumeu-

83 328 151 353 tum
166 333 264 365 neque
275 326 372 365 attigi,
383 335 480 366 neque
495 325 618 365 adspexi
630 337 637 355 :
662 325 852 365 mancipibus
866 329 965 364 potes-

83 370 177 396 tatem
198 368 345 407 probandi
364 368 616 409 improbandique
636 368 778 408 permisi:
810 366 965 406 mancipes

84 418 103 437 a
112 408 282 441 civitatibus
294 411 435 452 pecunias
451 417 654 441 extorserunt:
679 421 734 450 ego
745 416 859 446 antem,
870 419 964 450 quam

84 452 244 491 pecuniam
274 454 394 494 populis
423 453 493 483 dare
531 453 634 491 debui,
665 453 855 493 mancipibus
884 451 964 481 dedi.

84 493 174 524 Mala
193 502 238 526 est
258 497 322 527 haec
347 496 483 537 quidem,
503 502 538 526 ut
559 496 634 533 dixi,
658 496 790 526 defensio
811 494 963 524 criminis:

83 536 136 566 sed
159 543 260 569 tamen
286 539 344 570 hac
365 539 430 580 ipsa
453 539 519 577 tibi,
542 539 567 569 si
590 539 635 569 uti
653 539 767 579 cupias,
790 547 852 568 non
875 537 965 567 licet:

85 585 165 610 vetat
180 587 209 611 te
225 582 392 620 Volcatius,
416 589 476 612 tuae
491 588 674 622 tuorumque
697 581 822 617 deliciae,
839 579 968 609 mentie-

85 631 156 652 nem
171 625 318 666 mancipis
338 625 442 655 facere.
466 624 676 654 Timarchides
690 630 804 661 autem,
826 623 967 653 columen

84 664 209 696 familiae
230 674 344 705 vestrae,
369 668 480 708 premit
499 668 599 697 fauces
617 667 797 697 defensionis
812 672 894 701 tuae3
919 663 968 695 cui

87 707 179 739 simul
205 716 234 740 et
258 711 396 741 Volcatio
418 710 546 752 pecunia
567 721 586 740 a
607 710 726 740 civitate
742 714 900 739 numerata
915 713 969 738 est.

83 751 161 781 Jam
185 763 255 783 vero
275 754 371 784 scriba
387 760 458 784 tuus
481 753 595 783 annulo
615 763 705 783 aureo
726 763 792 790 suo,
814 761 906 792 quem
931 760 970 780 ex

85 793 133 824 his
148 796 236 826 rebus
251 796 377 834 invenit,
394 797 452 827 ista
466 802 495 827 te
510 796 623 826 ratione
638 796 684 826 uti
699 805 759 826 non
774 796 859 825 sinet.
883 792 971 831 Quid

82 836 180 877 rigitur
195 845 238 869 est
253 839 417 880 reliquum,
437 839 494 870 nisi
510 839 555 869 uti
568 839 691 875 fateare,
712 845 742 868 te
757 839 890 868 Romam
905 836 970 866 fru-

66 886 226 911 ·mentum
255 888 372 912 emtum
402 883 574 913 Siculorum
597 881 726 923 pecunia
754 881 889 916 misisse;
913 889 972 920 pu-

86 922 198 953 blicam
213 925 373 966 pecuniam
385 925 512 955 domum
528 932 612 955 tuam
629 923 830 954 convertisse?
854 922 884 953 O
901 931 972 952 con-

87 967 216 997 suetudo
239 968 393 1008 peccandi‚
420 974 567 1008 quantam
587 967 680 997 habes
698 966 920 1005 jucunditatem
940 965 973 994 in

88 1008 234 1049 improbis
250 1017 279 1040 et
302 1011 478 1049 audacibus,
494 1021 565 1041 cum
579 1020 668 1051 poena
683 1009 792 1049 abfuit,
809 1015 838 1040 et
851 1007 974 1039 licentia

88 1059 249 1083 consecuta
263 1059 307 1083 est
320 1054 328 1083 ἰ

132 1096 194 1126 Iste
214 1096 246 1126 in
270 1096 327 1127 hoc
350 1106 458 1137 genere
477 1095 632 1137 peculatus
652 1106 713 1126 non
732 1105 814 1125 nunc
837 1094 974 1136 primum

87 1137 260 1169 invenitur:
285 1139 336 1169 sed
356 1149 438 1170 nunc
452 1139 578 1169 demum
593 1146 720 1170 tenetur.
744 1138 888 1169 Vidimus
903 1137 975 1167 huic

90 1182 129 1211 ab
145 1182 248 1212 aerario
263 1182 423 1222 pecuniam
443 1182 597 1212 numerari
622 1181 763 1223 quaestori
778 1181 817 1211 ad
836 1187 975 1211 sumtum

92 1225 238 1255 exercitiis
253 1225 436 1255 consularis:
461 1225 603 1262 vidimus,
616 1224 720 1265 paucis
730 1230 798 1265 post
808 1224 974 1261 mensibus,

92 1272 122 1296 et
137 1268 302 1298 exercitum
318 1275 348 1298 et
363 1268 517 1298 consulem
533 1268 705 1308 spoliatum.
733 1267 790 1297 illa
805 1266 903 1296 omnis
923 1276 976 1306 pe-

92 1310 182 1340 cunia
205 1310 294 1340 latuit
316 1311 347 1340 in
363 1311 417 1341 ina
434 1311 562 1351 caligine
581 1321 616 1340 ac
635 1310 776 1347 tenebris,
793 1320 861 1350 quae
881 1314 977 1339 totam

91 1353 311 1394 rempublicam
332 1361 398 1384 tum
420 1359 648 1394 occupaverant.
673 1353 789 1383 Iterum
805 1352 896 1393 gessit
915 1352 978 1381 hae.

90 1396 263 1426 reditariam
302 1404 487 1437 quaesturam
517 1407 587 1426 cum
616 1396 788 1426 Dolabella.
826 1395 979 1435 Magnam

92 1439 254 1479 pecuniam
281 1440 406 1470 avertit:
440 1439 492 1469 sed
521 1440 586 1479 ejus
615 1439 762 1469 rationem
791 1449 862 1468 cum
891 1438 979 1467 dam-

93 1482 216 1512 natione
245 1482 414 1513 Dolabellae
442 1482 626 1523 permiscuit.
661 1481 832 1512 Commissa
855 1488 899 1511 est
927 1491 980 1521 pe-

92 1525 183 1555 cunia
198 1531 281 1555 tanta
295 1525 416 1566 praetori
429 1537 437 1555 ε
462 1535 522 1555 non
538 1525 689 1566 reperietis
703 1524 858 1555 hominem
874 1523 981 1553 timide

93 1577 148 1598 nec
176 1568 281 1598 leviter
307 1569 370 1599 haec
393 1568 616 1609 improbissima
638 1568 723 1598 lucra
747 1567 978 1607 ligurrientem;

93 1609 235 1641 devorare
252 1621 374 1642 omnem
396 1611 554 1652 pecuniam
571 1611 724 1651 publicam
739 1620 800 1640 non
819 1609 979 1639 dubitavit.

95 1653 145 1683 Ita
159 1654 251 1694 serpit
264 1654 342 1684 illud
356 1655 481 1684 insitum
496 1654 528 1683 in
546 1654 656 1684 natura
675 1653 805 1691 malum,
822 1659 980 1682 consuetu-

95 1695 166 1727 dine
181 1697 324 1737 peccandi
338 1697 444 1734 libera,
461 1697 553 1727 finem
569 1703 604 1726 ut
619 1696 752 1726 audaciae
774 1702 902 1727 statuere
917 1695 981 1735 ipse

93 1738 152 1770 sibi
175 1749 235 1770 non
257 1740 360 1781 possit.
393 1740 530 1771 Tenetur
554 1739 648 1781 igitur
677 1738 863 1779 aliquand03
896 1744 926 1768 et
948 1737 980 1767 in
