1181 1902
144 65 207 96 204
332 66 382 96 IN
406 64 603 97 VERREM
628 64 674 96 ΙΙ.
691 65 775 97 ΟΑΡ.
792 66 843 95 52.

146 151 316 187 Rabonius,
336 152 390 193 qui
411 153 511 193 legem
532 154 643 188 nbsset,
660 150 721 193 qua
744 151 776 181 in
800 151 868 191 lege
891 160 1038 183 numerus

148 199 269 224 tantum
296 196 507 225 columnarum
531 196 670 230 traditur,
690 193 896 235 perpendiculi
921 194 1036 225 mentio

148 236 183 266 fit
198 237 294 273 nulla,
311 244 340 268 et
361 239 414 279 qui
435 248 495 268 non
515 245 635 279 putaret
650 238 706 268 sibi
726 236 877 277 expedire,
894 237 936 267 ita
958 238 1035 268 acci-

150 290 232 320 pere,
244 290 286 328 'ne
298 281 403 311 eodem
414 281 504 312 modo
514 282 701 312 reddendum
713 286 787 310 esset
799 291 807 314 ς
822 286 923 320 negat,
933 279 964 309 id
980 280 1038 310 sibi

151 322 272 372 deberi:
297 331 388 365 negat
399 331 533 365 oportere
549 325 638 364 exigi.
664 325 725 354 Iste
742 323 918 353 Rabonium
937 323 1037 362 quies-

151 375 216 395 cere
231 368 338 415 Jubet:
364 373 393 398 et
415 368 506 397 simul
530 368 556 398 ei
580 368 760 397 nonnullam
787 376 871 406 spem
893 365 1040 396 societatis

151 409 290 439 ostendit.
330 411 498 441 Hominem
516 410 699 445 modestum,
717 416 746 440 et
765 409 892 438 minime
907 408 1040 449 pertina-

153 461 230 489 cem,
250 452 337 484 facile
355 456 487 484 coercet:
511 454 667 484 columnas
681 453 724 484 ita
739 463 769 483 se
784 456 962 482 exacturum
978 460 1041 482 esse

154 495 322 526 confirmat.

169 580 175 586 ι
197 538 288 569 Nova
299 550 355 576 res,
372 546 463 581 atque
477 541 640 581 improvisa
655 539 764 581 pupilli
780 537 946 574 calamitas,
962 547 1043 568 nun-

153 585 246 611 tiatur
269 583 370 613 statim
397 584 432 614 C.
453 584 582 619 Mustio,
602 584 707 613 vitrico
732 582 853 622 pupilli,
870 581 924 622 qui
946 590 1043 621 nuper

155 629 200 653 est
219 631 368 673 mortuus,
391 626 439 656 M.
456 627 564 661 Junio,
581 633 701 667 patruo,
726 626 761 655 P.
788 624 911 660 Potitio,
935 624 1039 662 tutori,

155 666 272 697 hommi
287 668 499 706 fmgalissimo.
540 670 584 699 Hi
598 680 661 700 rem
678 669 716 699 ad
731 668 830 698 virum
849 666 1042 706 primarium,

157 719 278 758 summo
293 711 389 742 officio
404 723 438 742 ac
459 713 569 743 virtute
590 712 764 752 praeditum,
779 711 827 740 Μ.
845 709 1042 747 Marcellum,

157 762 211 792 qul
233 760 295 783 erat
315 755 425 795 pupilli
448 761 540 791 tutor,
562 755 710 785 deferunt.
745 754 839 784 Venit
860 753 897 783 ad
919 753 1047 783 Verrem

159 794 208 824 M.
227 796 393 844 Marcellus
405 809 412 827 :
437 799 512 838 petit
527 800 565 828 ab
581 808 626 834 eo,
638 808 692 838 pro
702 797 756 827 sua
768 797 827 826 fide
837 806 870 826 ac
879 795 1049 836 diligentia,

160 838 300 887 pluribus
316 841 424 877 verbis,
446 851 484 871 ne
498 852 552 882 per
567 851 720 871 summam
735 840 879 879 injuriam
890 838 1046 878 pupillum

160 881 294 929 ..Iunium
311 883 438 914 fortunis
458 884 562 925 patriis
580 890 704 914 conetur
724 889 863 913 evertere.
899 881 972 919 Iste,
994 881 1048 922 qui

157 934 224 977 jam
240 936 292 967 spe
307 933 336 957 et
351 928 491 968 opinione
505 927 640 967 praedam
654 926 740 956 illam
755 925 935 961 devorasset,
952 934 1050 964 neque

162 968 228 1017 ulla
243 970 383 1010 aequitate
398 971 550 1007 orationis,
566 980 665 1011 neque
690 968 865 999 auctoritate
889 966 937 996 M.
963 967 1051 997 Mar-

163 1011 242 1060 celli,
264 1020 433 1044 commotus
453 1020 505 1044 est.
535 1014 655 1054 Itaque,
673 1010 933 1053 quemadmodum
953 1016 1052 1040 osten-

165 1054 267 1092 dlsset,
285 1067 315 1086 se
329 1056 361 1086 id
376 1063 554 1088 exacturum
570 1067 643 1092 esse,
660 1054 822 1095 respondit.

209 1106 291 1136 Cum
312 1105 368 1135 sibi
391 1113 495 1135 omnes
517 1101 556 1132 ad
575 1100 668 1131 istum
691 1097 884 1138 allegationes
904 1095 1050 1133 difficiles,

165 1159 271 1180 omnes
286 1148 385 1179 aditus
400 1147 520 1183 arduos,
537 1154 570 1175 ac
588 1142 688 1184 potius
707 1141 883 1171 interclusos
905 1139 1051 1176 viderent,

166 1192 249 1233 apud
264 1201 356 1233 quem
372 1200 432 1220 non
446 1191 508 1229 jus,
525 1197 585 1217 non
607 1185 743 1226 aequitas,
759 1193 821 1214 non
840 1182 1056 1220 misericordia,

165 1245 226 1265 non
239 1233 403 1275 propinqui
417 1232 522 1268 oratio,
538 1240 599 1260 non
615 1228 703 1259 amici
714 1227 863 1261 voluntas,
874 1235 935 1256 non
952 1226 1054 1264 cujus-

167 1289 260 1319 quam
277 1276 447 1313 auctoritas,
477 1274 572 1315 [prae]
598 1271 705 1313 pretio,
732 1279 793 1300 non
809 1268 905 1309 gratia
919 1268 1052 1303 valeret;

169 1326 318 1357 statuunt,
334 1319 366 1349 id
381 1319 437 1349 sibi
453 1318 603 1359 optimum
620 1325 682 1345 esse
696 1313 789 1349 factu,
803 1311 885 1352 quod
900 1310 993 1342 cuivis
1005 1320 1056 1340 ve-

170 1364 262 1394 nisset
276 1363 307 1392 in
323 1368 468 1398 mentem,
479 1366 579 1401 petere
594 1357 743 1388 auxilium
759 1366 776 1385 a
788 1354 965 1390 Chelidone,
977 1364 1057 1394 quae,

170 1407 228 1436 isto
242 1411 380 1446 praetore,
397 1414 457 1434 non
474 1402 564 1433 modo
579 1402 610 1431 in
624 1402 692 1440 jure
707 1399 798 1434 civili,
811 1397 1061 1439 privatorumque

172 1449 311 1479 omnium
327 1447 543 1482 controversiis,
560 1444 674 1485 populo
695 1443 836 1472 Romano
861 1439 994 1481 praefuit,
1011 1448 1062 1469 ve-

173 1502 242 1523 rum
259 1491 349 1521 etiarn
366 1491 396 1520 in
412 1491 459 1520 his
471 1489 556 1519 sartis
569 1487 652 1518 tectis
667 1485 822 1515 dominata
837 1489 890 1513 est.

224 1535 299 1564 1111.
328 1533 424 1564 Venit
447 1532 486 1563 ad
512 1530 710 1562 Chelidonem
738 1528 773 1558 C.
800 1526 947 1561 Mustius,
973 1535 1064 1566 eques

177 1579 347 1613 Romanus,
365 1576 557 1617 publicanus,
578 1574 670 1603 homo
685 1581 755 1602 cum
770 1569 877 1610 primis
898 1569 1040 1598 honestus
1052 1579 1061 1597 ς

176 1621 259 1652 venit
275 1619 322 1649 M.
339 1619 361 1649 J
364 1619 465 1656 unius,
481 1623 608 1658 patruus
622 1614 719 1656 pueri,
736 1611 956 1653 frugalissimus
971 1611 1064 1640 homo

178 1670 207 1695 et
226 1662 427 1694 castissimus:
452 1661 534 1691 venit
551 1660 643 1689 homo
664 1666 785 1688 summo
795 1656 919 1691 honore,
938 1653 1065 1694 pudore,

180 1712 210 1737 et
224 1715 344 1737 summo
359 1704 456 1735 officio
472 1702 704 1743 spectatissimus
719 1698 832 1730 ordinis
847 1697 905 1734 sui,
928 1697 964 1726 P.
982 1696 1067 1726 Poti-

181 1749 252 1787 tius,
268 1753 360 1779 tutor.
393 1746 423 1779 Ο
436 1746 541 1778 multis
559 1746 709 1781 acerbam,
726 1753 744 1773 o
759 1741 900 1773 miseram
916 1745 1007 1780 atque
1022 1738 1068 1769 in-
