1216 1907
277 93 370 126 PRO
386 95 423 126 P.
441 92 655 133 QUINTIO.
679 92 764 125 CAP.
786 93 836 124 16.
968 93 1007 125 19

105 183 136 210 et
149 178 283 221 pretium
296 180 436 217 conficit;
456 180 529 212 huic
543 180 773 212 acerbissimum
787 179 857 210 vivo
872 178 1002 210 videnti-

105 232 169 264 que
186 221 279 254 funus
298 224 440 260 ducitur;
464 224 489 254 si
509 224 602 255 funus
622 224 654 254 id
674 223 851 253 habendum
873 222 922 259 sit,
939 233 1002 263 quo

107 274 168 295 non
190 267 281 297 amici
304 267 487 297 conveniunt
511 267 550 297 ad
574 267 731 307 exsequias
751 266 1000 302 cohonestandas,

107 307 159 338 sed
174 309 324 340 bonorum
340 316 478 347 emtores,
495 317 531 340 ut
546 310 710 348 carnifices,
723 309 762 339 ad
774 309 916 350 reliquias
932 309 1002 339 vitae

106 351 280 383 lacerandas
295 359 324 383 et
339 353 556 383 distrahendas.

151 394 245 426 XVI.
269 395 379 437 Itaque
399 398 528 436 majores
548 396 643 426 nostri
662 406 729 426 raro
749 395 782 425 id
802 394 934 425 accidere
949 405 1002 425 vo-

106 437 251 474 luerunt;
274 446 426 479 praetores,
446 446 479 469 ut
496 439 680 470 considerate
695 439 790 475 fieret,
808 448 1002 479 comparave-

109 487 190 511 runt.
223 481 292 512 Viri
311 483 392 520 boni,
410 493 480 513 cum
496 483 599 523 palam
614 482 806 518 fraudantur,
823 491 894 511 cum
910 492 1004 522 expe-

108 523 205 554 riendi
224 531 355 566 potestas
374 535 436 556 non
452 532 507 562 est,
524 525 630 555 timide
650 532 752 555 tamen
769 531 798 554 et
811 524 1001 573 pedetentim

108 566 186 598 istuc
201 567 396 605 descendunt,
414 569 444 598 vi
460 579 494 599 ac
506 569 679 599 necessitate
691 567 796 606 coacti,
809 567 908 606 inviti,
921 568 1004 597 mul-

111 609 149 640 tis
164 611 343 642 vadimoniis
358 612 492 650 desertis,
510 622 588 653 saepe
603 611 686 642 illusi
701 621 735 641 ac
747 611 892 641 destituti.
921 610 1003 641 Con-

110 652 242 684 siderant
265 654 359 691 enim,
381 655 457 696 quid
483 661 512 685 et
533 661 685 696 quantum
710 655 759 691 sit,
781 653 903 684 alterius
924 655 1006 684 bona

110 697 302 738 proscribere.
335 698 487 738 Jugulare
508 698 615 735 civem,
637 708 676 728 ne
693 699 762 737 jure
780 696 904 738 quidem
921 697 1006 738 quis-

111 750 206 780 quam
225 742 323 771 bonus
338 742 424 771 vult:
449 742 567 771 mavult
586 741 667 771 enim
689 750 937 777 commemorare,
959 751 1003 778 se,

111 792 183 813 cum
198 790 298 824 posset
312 784 448 825 perdere,
469 784 647 825 pepercisse,
664 794 769 825 quam,
791 793 863 814 cum
883 793 1007 824 parcere

110 826 255 867 potuerit,
276 827 448 876 perdidisse.
482 828 560 858 Haec
580 828 611 857 in
634 827 772 858 homines
794 826 1004 864 alienissimos,

112 868 266 918 denique'
258 870 491 907 mimicissimos,
507 881 563 901 vm
575 871 647 901 boni
662 870 788 907 faciunt,
803 875 832 899 et
842 869 1006 899 hominum

111 912 341 943 existimationis
362 920 391 944 et
411 914 582 944 communis
602 913 801 944 humanitatis
822 923 932 948 causag
956 918 1004 947 ut,

112 965 183 986 cum
202 956 265 1005 'ipsi
287 956 364 986 nihil
388 957 474 987 alteri
494 957 619 987 scientes
638 955 904 994 incommcdarint,
926 955 1008 985 nihil

111 997 184 1040 ipsis
196 1000 265 1038 jure
279 999 465 1031 incommodi
480 1000 584 1031 cadere
599 1000 701 1041 possit.

154 1042 209 1072 Ad
230 1042 438 1073 vadimonium
459 1053 520 1073 non
541 1044 642 1073 venit:
668 1042 762 1084 quis?
795 1042 1003 1083 Propinquus.

111 1085 146 1116 Si
168 1096 215 1116 res
238 1085 295 1116 ista
314 1086 492 1127 gravissima
513 1087 569 1116 sua
590 1093 695 1127 sponte
716 1085 878 1123 videretur,
900 1092 1004 1115 tamen

111 1129 178 1169 ejus
200 1129 338 1159 atrocitas
362 1130 588 1160 necessitudinis
607 1129 732 1160 nomine
751 1129 911 1159 levaretur.
949 1127 1006 1159 Ad

112 1172 321 1202 vadimonium
337 1182 398 1203 non
414 1172 515 1202 venit:
540 1173 609 1213 quis
621 1175 635 1203 Ρ
666 1172 781 1203 Socius.
813 1171 920 1202 Etiam
935 1182 1007 1212 gra-

111 1215 180 1246 vius
193 1215 310 1256 aliquid
325 1216 352 1246 ei
367 1215 489 1246 deberes
509 1215 680 1253 concedere,
697 1217 825 1256 quicum
840 1221 870 1244 te
884 1220 938 1244 aut
953 1225 1007 1244 vo-

110 1257 212 1288 luntas
237 1259 458 1299 congregasset,
480 1265 533 1289 aut
555 1259 679 1289 fortuna
703 1257 917 1298 conjunxisset.
949 1257 1006 1288 Ad

110 1301 320 1332 vadimonium
340 1312 402 1332 non
422 1302 525 1332 venit:
554 1302 647 1343 quis?
681 1301 725 1339 Is,
749 1301 803 1342 qui
822 1301 879 1331 tibi
896 1307 1007 1341 praesto

113 1355 232 1385 semper
246 1344 314 1375 fuit.
346 1345 431 1386 Ergo
446 1345 478 1375 in
494 1355 576 1383 eum,
593 1345 647 1386 qui
662 1345 755 1375 semel
769 1345 827 1374 hoc
842 1343 1005 1382 commisit,

114 1394 150 1418 ut
164 1388 220 1419 tibi
234 1395 343 1429 praesto
363 1398 425 1418 non
445 1395 531 1426 esset,
553 1388 657 1419 omnia
677 1388 737 1418 tela
756 1387 920 1426 conjecisti,
937 1397 1007 1427 quae

113 1437 219 1472 parata
233 1438 304 1461 sunt
317 1431 349 1461 in
365 1441 414 1462 eos
429 1431 483 1472 qui
502 1431 666 1472 permulta,
686 1431 768 1461 male
787 1430 899 1471 agendi
916 1430 1008 1460 causa

112 1474 345 1516 fraudandique,
362 1475 521 1505 fecerunt?

157 1518 192 1549 Si
206 1518 379 1559 dupondius
394 1524 465 1548 tuus
480 1523 629 1558 ageretur,
647 1517 718 1549 Sex
731 1516 834 1554 Naevi,
851 1515 876 1546 si
890 1515 923 1546 in
938 1527 1009 1556 par-

115 1561 188 1593 vula
208 1572 240 1591 re
259 1561 405 1602 captionis
425 1561 541 1602 aliquid
561 1571 705 1598 vererere,
721 1571 782 1591 non
798 1559 900 1590 statim
915 1559 954 1589 ad
970 1559 1007 1590 C.

115 1605 306 1645 Aquillium,
321 1610 375 1634 aut
389 1604 428 1634 ad
443 1614 546 1634 eorum
565 1605 700 1645 aliquem
721 1603 775 1644 qui
795 1603 1007 1640 consuluntur,

116 1647 312 1678 concurrisses
323 1649 337 1678 ἓ
361 1647 442 1678 Cum
456 1648 507 1686 jus
519 1647 670 1685 amicitiae,
684 1646 842 1682 societatis,
855 1645 1008 1675 affinitatis

117 1696 275 1731 ageretur;
299 1701 369 1721 cum
387 1691 477 1721 officii
498 1691 645 1721 rationem
666 1697 758 1731 atque
778 1688 1009 1720 existimationis

116 1733 187 1764 duci
209 1733 400 1769 conveniret;
431 1744 466 1764 eo
489 1740 625 1775 tempore
648 1740 682 1763 tu
709 1742 770 1763 non
794 1732 886 1762 modo
908 1731 948 1761 ad
970 1732 1007 1762 G.

117 1776 295 1817 Aquillium
309 1783 363 1807 aut
379 1777 417 1807 L.
434 1777 614 1815 Lucullum,
637 1776 689 1807 sed
709 1786 748 1806 ne
765 1775 868 1817 ipsum
883 1774 1010 1816 quidem
