1181 1902
219 125 270 157 IN
293 125 490 157 VERREM
516 125 581 156 ΙΙΙ.
606 124 690 156 Cim.
713 125 764 155 09.
874 120 938 157 277

62 213 64 215 ’
92 208 218 241 LXIX.
242 212 316 242 Jam
333 212 426 252 igitur
441 218 484 242 est
499 212 541 242 ita
559 212 766 253 perspicuum,
783 215 817 240 ut
832 216 943 248 negare

49 261 109 282 non
126 255 230 293 possis,
247 256 365 285 1111113111
382 256 436 285 tibi
448 262 578 286 statuam
592 256 747 285 voluntate
759 254 939 298 cujusquam

51 295 170 332 datam3
196 298 314 328 nullam
337 299 510 339 pecuniam,
527 304 695 328 statuarum
721 297 856 344 nomine,
883 294 942 323 niS1

50 338 80 368 vi
96 349 267 380 expressam
284 347 312 371 et
333 347 479 378 coactam,
509 341 581 378 Quo
602 341 726 381 quidem
748 341 779 369 in
803 337 940 372 crimine,

51 390 111 411 non
124 383 201 412 illud
212 384 310 413 solum
323 384 452 424 intelligi
463 384 541 421 volo,
553 390 581 413 te
592 384 629 413 ad
642 389 755 413 statuas
767 382 823 412 IIS
848 381 872 411 (ζ
876 379 943 410 XX

51 425 147 455 millia
163 426 312 466 coe'gisse·
304 450 312 462 ,
350 427 400 457 sed
415 427 514 457 multo
530 427 620 457 etiam
636 426 713 456 illud
729 425 837 473 magis,
862 421 945 464 quod

52 467 144 498 simul
160 468 400 500 demonstratum
419 476 473 508 est,
491 476 641 510 quantum
663 469 766 499 odium
785 468 817 497 in
834 473 863 497 te
878 476 946 497 ara-

51 515 164 549 torum,
186 519 337 553 quantum
361 514 501 543 omnium
521 513 706 550 Siculorum,
731 512 769 542 sit
790 517 818 541 et
842 509 946 539 fuerit.

53 553 92 583 In
114 564 175 594 quo
196 565 265 595 quae
289 561 386 586 vestra
410 556 543 586 defensio
570 555 674 585 futura
700 554 749 592 sit,
774 552 947 593 conjectura

52 597 171 638 assequi
186 607 247 628 non
263 609 350 639 queo.
375 599 517 630 Oderunt
532 599 643 629 Siculi:
674 604 858 647 togato-rum·
864 595 946 626 enim

54 640 145 670 causa
160 641 260 671 multa
274 641 340 672 feci.
364 642 411 672 At
426 642 458 672 hi
473 642 598 683 quidem
614 641 752 672 acerrimi
773 638 947 670 inimicissi-

53 683 159 731 mique
183 690 262 714 sunt.
287 685 431 715 Inimicos
451 685 547 715 habeo
571 684 649 715 cives
670 685 839 732 Romanos,
862 680 946 723 quod

54 726 204 757 sociorum
220 728 380 758 commoda
394 738 428 759 ac
440 729 511 768 jura
526 728 657 758 defendi.
680 728 727 757 At
742 726 813 757 socii
828 726 860 755 in
875 725 947 755 hos-

53 769 132 799 tium
148 780 276 801 numero
291 781 322 801 se
336 773 389 801 abs
406 777 435 801 te
456 771 574 801 habitos
589 776 768 812 queruntur.
801 769 947 799 Aratores

54 811 169 843 inimici
185 820 256 844 sunt
270 820 392 855 propter
407 814 559 845 decumas.
583 813 692 852 Quid?
716 813 770 854 qui
785 822 872 852 agros
888 811 948 840 im-

52 864 162 886 munes
176 856 347 897 liberosque
362 864 459 895 arant,
476 868 529 888 cur
544 856 694 887 oderunt?
715 867 768 887 cur
784 854 949 886 Halesini?

54 908 109 928 cur
129 899 347 941 Centuripini?
373 911 426 930 cur
452 900 629 941 Segestani?
657 910 710 930 cur
732 897 949 939 Halicyenses⁹

54 941 179 982 Quod„
161 953 256 973 ‘renus
270 943 444 982 hominum,
461 953 553 992 quem
565 953 741 980 numerum,
758 952 858 991 quem
867 941 948 971 ordi-

54 994 138 1021 nem,
154 985 287 1026 proferre
306 986 412 1027 possis,
429 987 483 1027 qui
505 992 533 1017 te
548 996 608 1017 non
624 986 731 1022 oderit,
754 985 816 1015 sive
835 984 948 1014 civium

55 1027 280 1067 Romanorum,
297 1030 358 1060 sive
373 1030 569 1060 Siculorum?
600 1035 646 1067 ut,
672 1028 790 1059 etiamsi
813 1037 947 1065 causam,

56 1081 110 1101 cur
125 1076 154 1102 te
166 1071 294 1110 oderint,
310 1082 372 1103 non
388 1073 500 1114 possim
516 1073 625 1109 dicere,
639 1078 741 1102 tamen
757 1071 835 1101 illud
847 1070 949 1101 dicen-

56 1114 132 1144 dum
148 1120 273 1155 putem:
300 1117 322 1133 “
339 1126 432 1157 quem
450 1126 554 1146 omnes
570 1116 712 1146 mortales
733 1114 861 1153 oderint,
878 1123 949 1144 eum

60 1168 183 1198 quoque
198 1158 282 1189 vobis
297 1159 366 1189 odio
382 1169 443 1189 esse
458 1159 627 1200 oportere.”

100 1201 155 1230 An
180 1201 237 1232 hoc
261 1201 358 1232 dicere
379 1202 522 1239 audebis3
559 1208 664 1233 utrum
689 1201 726 1232 de
750 1207 780 1232 te
806 1206 947 1237 aratores,

58 1248 163 1274 utrum
179 1244 310 1285 denique
325 1245 418 1276 Siculi
439 1245 571 1276 universi
594 1247 671 1275 bene
687 1244 871 1281 existiment,
897 1250 951 1273 aut

59 1297 121 1328 quo
135 1287 228 1318 modo
239 1288 423 1325 existiment,
436 1288 475 1318 ad
486 1299 550 1319 rem
565 1288 597 1318 id
612 1298 673 1318 non
688 1288 859 1328 pertinere?
885 1287 951 1317 Ne-

30 1362 34 1365 ,
59 1339 120 1370 que
135 1336 169 1360 tu
187 1330 244 1361 hoc
259 1331 356 1361 dicere
370 1331 515 1368 audebis;
540 1342 650 1372 neque,
665 1331 689 1361 si
704 1331 818 1372 cupias,
837 1329 950 1360 licebit.

58 1372 205 1414 Eripiunt
214 1374 295 1404 enim
310 1374 366 1405 tibi
380 1375 470 1405 istam
482 1375 648 1405 orationem
660 1373 952 1405 contemnendorum

60 1416 233 1447 Siculorum
263 1424 355 1458 atque
383 1424 533 1448 aratorum
566 1423 673 1448 statuae
701 1417 763 1447 illae
789 1422 952 1457 equestres,

62 1469 138 1500 quas
156 1466 201 1497 tu,
217 1461 310 1501 paulo
325 1466 394 1492 ante
418 1471 512 1502 quam
536 1461 575 1491 ad
598 1461 716 1491 Urbem
732 1459 859 1497 venires,
880 1460 953 1500 poni

62 1503 246 1544 inscribique
263 1504 390 1543 jussisti,
406 1510 441 1534 ut
456 1504 596 1535 omnium
611 1503 805 1534 inimicorum
821 1502 951 1539 animos,

61 1552 342 1588 accusatorumque,
365 1547 509 1582 tardares.
533 1546 613 1585 Quis
637 1546 718 1577 enim
738 1546 795 1576 tibi
809 1545 955 1576 molestus

62 1595 149 1627 esset,
166 1595 220 1620 aut
234 1590 301 1630 quis
317 1591 468 1631 appellare
483 1590 618 1628 auderet,
629 1599 699 1620 cum
711 1589 824 1620 videret
839 1593 953 1619 statuas

62 1633 102 1663 ab
117 1632 365 1682 negotiatoribus,
378 1635 416 1664 ab
428 1634 606 1671 aratoribus,
623 1644 641 1664 a
656 1632 811 1663 communi
821 1631 931 1662 siciliae
940 1634 954 1662 ἶ)

64 1675 159 1713 Quod
180 1682 224 1706 est
247 1676 354 1706 aliud
346 1687 378 1707 111
393 1676 446 1707 1113
461 1676 615 1730 provincia
638 1686 734 1729 genus
754 1675 953 1705 humanum?

65 1719 198 1749 nullum.
214 1719 299 1760 Ergo
314 1721 352 1750 ab
368 1720 509 1751 universa
519 1720 686 1761 provincia,
702 1718 929 1766 generatimque
938 1727 957 1747 3

63 1761 193 1802 singulis
207 1763 272 1802 ejus
287 1763 435 1804 partibus,
451 1773 514 1796 non
528 1763 627 1796 solum
643 1763 791 1803 diligitur,
803 1761 853 1792 sed
864 1760 955 1791 etiam

107 1805 229 1843 (orat.)
248 1815 330 1840 vor„
345 1816 368 1838 1.
682 1808 703 1836 2
720 1814 740 1835 n
