1216 1907
163 67 186 100 ,6
346 64 439 98 PRO
462 64 500 97 P.
522 64 734 105 QUINTIO.
750 63 836 97 CAP.
851 64 883 97 3.

173 151 299 194 aliquod
313 152 411 185 telum
422 151 561 193 jecerint,
572 151 730 183 medicinae
741 151 888 183 faciendae
902 151 986 182 locus
1003 160 1067 182 non

170 202 239 229 ent.

217 237 257 269 Id
272 236 380 269 accidit
393 237 529 279 praetoris
544 237 704 279 iniquitate
719 243 748 268 et
757 236 892 277 injuria;
916 237 1067 278 primum,

174 281 259 323 quod
271 286 375 312 contra
388 281 528 311 omnium
543 281 804 319 consuetudinem,
818 280 969 320 judicium
983 280 1070 328 prius

177 325 215 355 de
229 325 340 365 probro
355 334 449 365 quam
461 323 499 354 de
516 334 548 354 re
562 324 672 354 maluit
686 324 771 360 fieri;
796 323 916 361 deinde,
929 322 1012 364 quod
1026 322 1071 353 ita

177 367 333 398 constituit
348 366 481 408 idipsum
495 366 657 406 judicium,
674 372 709 397 ut
723 377 803 404 reus,
820 372 986 407 antequam
1001 376 1070 396 ver-

177 412 255 441 bum
270 409 448 441 accusatoris
468 409 612 448 audisset,
633 419 754 440 causam
774 409 872 440 dicere
892 413 1069 449 cogeretur;

178 453 263 495 quod
274 463 379 484 eorum
394 452 492 493 gratia
504 458 533 483 et
552 453 688 493 potentia
703 453 819 483 factum
831 458 886 489 est,
903 452 968 493 qui,
985 451 1072 492 quasi

179 507 236 527 sua
250 506 296 527 res
316 501 370 526 aut
383 495 479 526 honos
494 500 613 536 agatur,
631 495 675 526 ita
695 496 855 536 diligenter
875 495 945 526 Sex.
971 493 1074 525 Naevii

180 538 282 570 studio
307 545 337 569 et
354 538 513 580 cupiditati
531 548 648 569 morem
668 544 798 579 gerunt3
824 544 853 568 et
872 538 904 568 in
924 536 1075 577 ejusmodi

179 583 272 615 rebus
292 592 364 623 opes
389 592 458 612 suas
482 581 690 622 experiuntur,
712 581 744 611 in
768 581 890 622 quibus,
918 591 979 622 quo
1004 581 1076 621 plus

179 630 304 667 propter
319 625 462 656 virtutem
482 624 734 666 nobilitatemque
750 629 888 665 possunt,
905 634 939 654 eo
958 623 1074 663 minus,

182 673 335 710 quantum
349 667 475 708 possint,
491 667 603 698 debent
616 667 781 698 ostendere.

226 711 320 749 Cum,
343 716 389 741 tot
412 710 503 741 tantis
490 720 565 751 que
588 710 817 741 difficultatibus
837 709 962 741 affectus
985 714 1079 748 atque

185 753 351 791 afflictus‚'
343 764 375 784 m
391 758 489 790 tuam,
507 753 542 784 C.
558 753 693 794 Aquini,
709 753 813 791 fidem,
833 753 1001 789 veritatem,
1017 752 1079 782 mi-

187 796 380 828 sericordiam
401 797 438 827 P.
455 796 604 834 Quintius
618 796 807 837 confugerit;
831 806 903 827 cum
919 795 1018 826 adhuc
1039 794 1078 833 ei,

185 844 310 881 propter
325 839 388 870 vim
403 839 653 888 adversariorum,
669 849 730 869 non
743 841 794 879 jus
809 850 876 880 par,
892 849 952 869 non
969 838 1080 887 agendi

186 887 319 932 potestas
334 881 451 932 eadem,
473 891 534 912 non
549 882 743 923 magistratus
759 893 864 923 aequus
884 881 1009 922 reperiri
1025 891 1082 929 po-

186 926 299 961 tuerit;
324 935 394 955 cum
418 926 455 963 ei,
480 935 634 955 summam
655 936 708 966 per
728 925 884 965 injuriam,
912 924 1015 955 omnia
1032 925 1081 954 in-

186 968 278 1000 imica
293 973 384 1010 atque
399 967 509 998 infesta
528 968 662 1004 fuerint;
686 974 726 1006 te,
749 969 785 999 C.
798 967 933 1009 Aquini,
953 977 1078 1008 vosque,

184 1011 243 1052 *qui
257 1011 289 1041 in
301 1011 424 1042 consilio
440 1011 561 1049 adestis,
578 1016 642 1041 orat
653 1016 744 1052 atque
755 1013 900 1049 obsecrat,
912 1015 958 1049 ut,
974 1010 1081 1041 multis

190 1054 311 1094 injuriis
329 1054 475 1094 jactatam
490 1060 582 1095 atque
597 1054 754 1095 agitatam,
777 1054 950 1096 aequitatem
971 1053 1004 1083 in
1025 1053 1084 1084 hoc

189 1097 314 1129 tandem
325 1097 391 1128 loco
407 1097 566 1128 consistere
581 1102 610 1127 et
619 1097 791 1127 confirmari
805 1096 974 1138 patiamini.

233 1140 301 1171 III.
326 1139 365 1170 Id
380 1150 442 1181 quo
456 1140 574 1170 facilius
589 1140 685 1170 facere
700 1140 830 1180 possitis,
847 1140 925 1171 dabo
946 1149 1081 1181 operam,

188 1187 226 1214 ut
241 1193 259 1214 a
273 1183 433 1224 principio,
452 1193 498 1214 res
514 1183 776 1225 quemadmodum
790 1188 874 1224 gesta
889 1189 918 1214 et
932 1188 1086 1214 contracta

188 1225 239 1264 sit,
255 1225 451 1266 cognoscatis.

235 1269 270 1300 C.
284 1268 432 1307 Quintius
443 1268 502 1299 fuit
514 1269 550 1299 P.
568 1268 690 1306 Quintii
701 1269 794 1308 hujus
809 1268 921 1306 fraterg
945 1279 1016 1300 sane
1028 1279 1087 1300 cae-

190 1317 326 1343 terarum
340 1321 442 1342 rerum
458 1311 674 1353 paterfamilias
691 1317 720 1342 et
734 1312 866 1353 prudens
889 1317 919 1343 et
938 1318 1084 1351 attentus,

190 1355 255 1386 una
269 1355 302 1384 in
316 1365 348 1385 re
370 1353 463 1395 paulo
482 1354 585 1385 minus
603 1355 819 1390 consideratus,
841 1355 895 1396 qui
913 1355 1086 1386 societatem

193 1408 265 1429 cum
281 1398 351 1429 Sex.
369 1397 478 1428 Naevio
493 1397 607 1435 fecerit,
623 1397 687 1428 viro
697 1399 788 1435 bono,
799 1404 1010 1429 verumtamen
1022 1408 1085 1429 non

190 1440 234 1472 ita
248 1440 397 1478 instituto,
413 1446 448 1471 ut
460 1441 531 1480 jura
551 1440 699 1471 societatis
714 1447 744 1471 et
763 1440 861 1471 officia
880 1441 953 1472 certi
976 1441 1087 1482 patris-

192 1483 325 1514 familias
339 1485 428 1514 nosse
442 1489 560 1524 posset:
584 1493 645 1513 non
661 1494 722 1524 quo
738 1484 764 1514 ei
775 1483 889 1515 deesset
903 1484 1062 1525 ingenium
1075 1495 1084 1514 ε

194 1528 282 1564 (nam
297 1536 396 1567 neque
409 1536 521 1567 parum
535 1526 649 1557 facetus
664 1537 765 1557 scurra
780 1527 850 1558 Sex.
868 1527 1007 1565 Naevius,
1032 1537 1086 1558 ne-

194 1580 255 1611 que
286 1568 474 1600 inhumanus
502 1579 600 1610 praeco
629 1577 674 1600 est
702 1580 840 1611 unquam
871 1570 1086 1606 existimatus.)

195 1612 284 1651 Quid
303 1622 374 1652 ergo
390 1614 458 1643 est?
497 1612 579 1643 Cum
594 1612 621 1642 ei
644 1618 753 1643 natura
767 1613 845 1643 nihil
866 1613 976 1644 melius
991 1623 1086 1654 quam

196 1665 302 1692 vocem
322 1654 462 1693 dedisset,
483 1660 569 1696 pater
593 1655 671 1685 nihil
694 1661 802 1696 praeter
823 1656 994 1687 libertatem
1017 1655 1088 1686 reli-

196 1698 332 1740 quisset3
356 1708 460 1728 vocem
475 1697 507 1728 in
522 1704 675 1739 quaestum
690 1699 838 1737 contulit3
862 1699 1000 1731 libertate
1013 1708 1088 1731 usus

193 1746 249 1782 est,
265 1751 326 1784 quo
341 1740 499 1786 impunius
514 1741 601 1773 dicax
617 1746 701 1773 esset.
