<?xml version="1.0" encoding="UTF-8"?>
<!DOCTYPE html PUBLIC "-//W3C//DTD XHTML 1.0 Transitional//EN"
    "http://www.w3.org/TR/xhtml1/DTD/xhtml1-transitional.dtd">
<html xmlns="http://www.w3.org/1999/xhtml" xml:lang="en" lang="en">
 <head>
  <title>
</title>
<meta http-equiv="Content-Type" content="text/html;charset=utf-8" />
  <meta name='ocr-system' content='tesseract 3.04.00' />
  <meta name='ocr-capabilities' content='ocr_page ocr_carea ocr_par ocr_line ocrx_word'/>
</head>
<body>
  <div class='ocr_page' id='page_1' title='image "./operaern05ciceuoft_0200.png"; bbox 0 0 1181 1902; ppageno 0'>
   <div class='ocr_carea' id='block_1_1' title="bbox 178 64 887 97">
    <p class='ocr_par' dir='ltr' id='par_1_1' title="bbox 178 64 887 97">
     <span class='ocr_line' id='line_1_1' title="bbox 178 64 887 97; baseline 0 -2"><span class='ocrx_word' id='word_1_1' title='bbox 178 65 239 97; x_wconf 87' lang='grc'><strong>188</strong></span> <span class='ocrx_word' id='word_1_2' title='bbox 364 64 417 95; x_wconf 92' lang='grc' dir='ltr'><strong>ΙΝ</strong></span> <span class='ocrx_word' id='word_1_3' title='bbox 439 64 638 96; x_wconf 88' lang='lat' dir='ltr'><strong>VERREM</strong></span> <span class='ocrx_word' id='word_1_4' title='bbox 662 64 708 96; x_wconf 90' lang='grc' dir='ltr'><strong>ΙΙ.</strong></span> <span class='ocrx_word' id='word_1_5' title='bbox 733 65 816 97; x_wconf 72' lang='lat' dir='ltr'><strong>CAP.</strong></span> <span class='ocrx_word' id='word_1_6' title='bbox 834 65 887 96; x_wconf 83' lang='lat'><strong>36.</strong></span> 
     </span>
    </p>
   </div>
   <div class='ocr_carea' id='block_1_2' title="bbox 158 149 1067 1786">
    <p class='ocr_par' dir='ltr' id='par_1_2' title="bbox 166 149 1067 395">
     <span class='ocr_line' id='line_1_2' title="bbox 169 149 1067 193; baseline 0.002 -13"><span class='ocrx_word' id='word_1_7' title='bbox 169 160 242 190; x_wconf 84' lang='lat' dir='ltr'>gare</span> <span class='ocrx_word' id='word_1_8' title='bbox 261 149 447 191; x_wconf 84' lang='lat' dir='ltr'><strong>interrogati,</strong></span> <span class='ocrx_word' id='word_1_9' title='bbox 464 151 516 182; x_wconf 85' lang='lat' dir='ltr'><strong>sed</strong></span> <span class='ocrx_word' id='word_1_10' title='bbox 530 161 569 182; x_wconf 92' lang='lat' dir='ltr'><strong>ne</strong></span> <span class='ocrx_word' id='word_1_11' title='bbox 583 151 722 193; x_wconf 89' lang='lat' dir='ltr'><strong>producti</strong></span> <span class='ocrx_word' id='word_1_12' title='bbox 738 152 862 193; x_wconf 87' lang='lat' dir='ltr'><strong>quidem</strong></span> <span class='ocrx_word' id='word_1_13' title='bbox 877 151 998 182; x_wconf 83' lang='lat' dir='ltr'><strong>reticere</strong></span> <span class='ocrx_word' id='word_1_14' title='bbox 1012 161 1067 192; x_wconf 87' lang='lat' dir='ltr'><strong>po-</strong></span> 
     </span>
     <span class='ocr_line' id='line_1_3' title="bbox 169 194 1067 236; baseline 0.001 -13"><span class='ocrx_word' id='word_1_15' title='bbox 169 199 291 224; x_wconf 88' lang='lat' dir='ltr'><strong>terunt:</strong></span> <span class='ocrx_word' id='word_1_16' title='bbox 317 194 428 232; x_wconf 85' lang='lat' dir='ltr'><strong>dicent,</strong></span> <span class='ocrx_word' id='word_1_17' title='bbox 451 195 590 236; x_wconf 87' lang='lat' dir='ltr'><strong>inquam,</strong></span> <span class='ocrx_word' id='word_1_18' title='bbox 607 200 636 225; x_wconf 83' lang='lat' dir='ltr'><strong>et</strong></span> <span class='ocrx_word' id='word_1_19' title='bbox 651 195 795 236; x_wconf 77' lang='lat' dir='ltr'>religione</span> <span class='ocrx_word' id='word_1_20' title='bbox 811 195 944 232; x_wconf 89' lang='lat' dir='ltr'><strong>adducti,</strong></span> <span class='ocrx_word' id='word_1_21' title='bbox 968 200 997 225; x_wconf 90' lang='lat' dir='ltr'><strong>et</strong></span> <span class='ocrx_word' id='word_1_22' title='bbox 1012 195 1067 225; x_wconf 85' lang='lat' dir='ltr'><strong>do-</strong></span> 
     </span>
     <span class='ocr_line' id='line_1_4' title="bbox 169 237 1065 279; baseline 0.001 -13"><span class='ocrx_word' id='word_1_23' title='bbox 169 237 363 267; x_wconf 85' lang='lat' dir='ltr'><strong>mesticarum</strong></span> <span class='ocrx_word' id='word_1_24' title='bbox 376 238 481 277; x_wconf 86' lang='lat' dir='ltr'><strong>legum</strong></span> <span class='ocrx_word' id='word_1_25' title='bbox 492 244 588 276; x_wconf 89' lang='lat' dir='ltr'><strong>metu,</strong></span> <span class='ocrx_word' id='word_1_26' title='bbox 602 238 677 279; x_wconf 86' lang='lat' dir='ltr'><strong>quid</strong></span> <span class='ocrx_word' id='word_1_27' title='bbox 688 239 741 269; x_wconf 91' lang='lat' dir='ltr'><strong>illo</strong></span> <span class='ocrx_word' id='word_1_28' title='bbox 753 248 938 279; x_wconf 82' lang='lat' dir='ltr'>myoparone</span> <span class='ocrx_word' id='word_1_29' title='bbox 950 237 1065 268; x_wconf 86' lang='lat' dir='ltr'><strong>factum</strong></span> 
     </span>
     <span class='ocr_line' id='line_1_5' title="bbox 168 279 1066 321; baseline 0.001 -12"><span class='ocrx_word' id='word_1_30' title='bbox 168 279 216 309; x_wconf 86' lang='lat' dir='ltr'><strong>sit.</strong></span> <span class='ocrx_word' id='word_1_31' title='bbox 249 279 431 318; x_wconf 79' lang='lat' dir='ltr'><strong>Ostendent,</strong></span> <span class='ocrx_word' id='word_1_32' title='bbox 455 281 491 311; x_wconf 85' lang='lat' dir='ltr'><strong>C.</strong></span> <span class='ocrx_word' id='word_1_33' title='bbox 508 281 637 311; x_wconf 86' lang='lat' dir='ltr'>Verrem</span> <span class='ocrx_word' id='word_1_34' title='bbox 653 281 684 311; x_wconf 93' lang='lat' dir='ltr'><strong>in</strong></span> <span class='ocrx_word' id='word_1_35' title='bbox 706 282 741 312; x_wconf 64' lang='lat' dir='ltr'><strong>ea</strong></span> <span class='ocrx_word' id='word_1_36' title='bbox 757 281 860 319; x_wconf 85' lang='lat' dir='ltr'><strong>classe,</strong></span> <span class='ocrx_word' id='word_1_37' title='bbox 878 292 946 321; x_wconf 84' lang='lat' dir='ltr'><strong>quae</strong></span> <span class='ocrx_word' id='word_1_38' title='bbox 962 286 1066 310; x_wconf 86' lang='lat' dir='ltr'><strong>contra</strong></span> 
     </span>
     <span class='ocr_line' id='line_1_6' title="bbox 167 322 1065 365; baseline 0.002 -14"><span class='ocrx_word' id='word_1_39' title='bbox 167 322 281 363; x_wconf 79' lang='lat' dir='ltr'><strong>piratas</strong></span> <span class='ocrx_word' id='word_1_40' title='bbox 305 323 452 354; x_wconf 64' lang='lat' dir='ltr'><strong>aedificata</strong></span> <span class='ocrx_word' id='word_1_41' title='bbox 476 324 524 363; x_wconf 89' lang='lat' dir='ltr'><strong>sit,</strong></span> <span class='ocrx_word' id='word_1_42' title='bbox 548 324 679 365; x_wconf 85' lang='lat' dir='ltr'><strong>piratam</strong></span> <span class='ocrx_word' id='word_1_43' title='bbox 703 325 806 365; x_wconf 86' lang='lat' dir='ltr'><strong>ipsum</strong></span> <span class='ocrx_word' id='word_1_44' title='bbox 830 324 1065 354; x_wconf 86' lang='lat' dir='ltr'>consceleratum</span> 
     </span>
     <span class='ocr_line' id='line_1_7' title="bbox 166 365 269 395; baseline 0 0"><span class='ocrx_word' id='word_1_45' title='bbox 166 365 269 395; x_wconf 84' lang='lat' dir='ltr'><strong>fuisse.</strong></span> 
     </span>
    </p>

    <p class='ocr_par' dir='ltr' id='par_1_3' title="bbox 161 409 1065 1139">
     <span class='ocr_line' id='line_1_8' title="bbox 210 409 1064 451; baseline 0 -12"><span class='ocrx_word' id='word_1_46' title='bbox 210 409 373 440; x_wconf 85' lang='lat' dir='ltr'>XXXVI.</span> <span class='ocrx_word' id='word_1_47' title='bbox 397 409 433 440; x_wconf 85' lang='lat' dir='ltr'><strong>C.</strong></span> <span class='ocrx_word' id='word_1_48' title='bbox 451 410 610 447; x_wconf 84' lang='lat' dir='ltr'><strong>MaHeolo,</strong></span> <span class='ocrx_word' id='word_1_49' title='bbox 635 415 783 451; x_wconf 88' lang='lat' dir='ltr'><strong>quaestore</strong></span> <span class='ocrx_word' id='word_1_50' title='bbox 805 410 863 441; x_wconf 89' lang='lat' dir='ltr'><strong>Cn.</strong></span> <span class='ocrx_word' id='word_1_51' title='bbox 881 409 1064 446; x_wconf 80' lang='lat' dir='ltr'><strong>Dolabessae,</strong></span> 
     </span>
     <span class='ocr_line' id='line_1_9' title="bbox 167 451 1063 489; baseline 0 -7"><span class='ocrx_word' id='word_1_52' title='bbox 167 451 275 489; x_wconf 82' lang='lat' dir='ltr'><strong>occiso,</strong></span> <span class='ocrx_word' id='word_1_53' title='bbox 299 452 375 482; x_wconf 82' lang='lat' dir='ltr'><strong>duas</strong></span> <span class='ocrx_word' id='word_1_54' title='bbox 396 453 453 483; x_wconf 90' lang='lat' dir='ltr'><strong>sibi</strong></span> <span class='ocrx_word' id='word_1_55' title='bbox 473 453 661 483; x_wconf 84' lang='lat' dir='ltr'><strong>haereditates</strong></span> <span class='ocrx_word' id='word_1_56' title='bbox 682 453 797 483; x_wconf 85' lang='lat' dir='ltr'><strong>venisse</strong></span> <span class='ocrx_word' id='word_1_57' title='bbox 817 453 979 483; x_wconf 81' lang='lat' dir='ltr'>arbitratus</span> <span class='ocrx_word' id='word_1_58' title='bbox 1000 458 1063 483; x_wconf 87' lang='lat' dir='ltr'><strong>est:</strong></span> 
     </span>
     <span class='ocr_line' id='line_1_10' title="bbox 167 496 1065 537; baseline 0.001 -13"><span class='ocrx_word' id='word_1_59' title='bbox 167 505 262 525; x_wconf 85' lang='lat' dir='ltr'><strong>unam</strong></span> <span class='ocrx_word' id='word_1_60' title='bbox 279 497 447 536; x_wconf 82' lang='lat' dir='ltr'><strong>quaestoriae</strong></span> <span class='ocrx_word' id='word_1_61' title='bbox 462 497 680 537; x_wconf 82' lang='lat' dir='ltr'><strong>procurationis</strong></span> <span class='ocrx_word' id='word_1_62' title='bbox 696 500 781 529; x_wconf 85' lang='lat' dir='ltr'><strong>(nam</strong></span> <span class='ocrx_word' id='word_1_63' title='bbox 797 507 815 526; x_wconf 88' lang='lat' dir='ltr'><strong>a</strong></span> <span class='ocrx_word' id='word_1_64' title='bbox 831 496 993 526; x_wconf 66' lang='lat' dir='ltr'><strong>Dolabella</strong></span> <span class='ocrx_word' id='word_1_65' title='bbox 1005 501 1065 525; x_wconf 87' lang='lat' dir='ltr'><strong>sta-</strong></span> 
     </span>
     <span class='ocr_line' id='line_1_11' title="bbox 167 538 1062 579; baseline 0.001 -12"><span class='ocrx_word' id='word_1_66' title='bbox 167 538 223 568; x_wconf 88' lang='lat' dir='ltr'><strong>tim</strong></span> <span class='ocrx_word' id='word_1_67' title='bbox 246 549 302 579; x_wconf 88' lang='lat' dir='ltr'><strong>pro</strong></span> <span class='ocrx_word' id='word_1_68' title='bbox 321 545 469 579; x_wconf 84' lang='lat' dir='ltr'><strong>quaestore</strong></span> <span class='ocrx_word' id='word_1_69' title='bbox 482 540 584 578; x_wconf 85' lang='lat' dir='ltr'><strong>jussus</strong></span> <span class='ocrx_word' id='word_1_70' title='bbox 608 546 650 570; x_wconf 87' lang='lat' dir='ltr'><strong>est</strong></span> <span class='ocrx_word' id='word_1_71' title='bbox 674 545 770 577; x_wconf 82' lang='lat' dir='ltr'><strong>essc);</strong></span> <span class='ocrx_word' id='word_1_72' title='bbox 795 540 921 569; x_wconf 89' lang='lat' dir='ltr'><strong>alteram</strong></span> <span class='ocrx_word' id='word_1_73' title='bbox 938 539 1062 574; x_wconf 70' lang='lat' dir='ltr'><strong>tutelaeg</strong></span> 
     </span>
     <span class='ocr_line' id='line_1_12' title="bbox 166 582 1064 622; baseline 0.001 -12"><span class='ocrx_word' id='word_1_74' title='bbox 166 590 251 619; x_wconf 86' lang='lat' dir='ltr'><strong>nam,</strong></span> <span class='ocrx_word' id='word_1_75' title='bbox 276 592 346 612; x_wconf 81' lang='lat' dir='ltr'><strong>curn</strong></span> <span class='ocrx_word' id='word_1_76' title='bbox 362 583 474 622; x_wconf 87' lang='lat' dir='ltr'>pupilli</span> <span class='ocrx_word' id='word_1_77' title='bbox 489 583 630 613; x_wconf 82' lang='lat' dir='ltr'><strong>Malleoli</strong></span> <span class='ocrx_word' id='word_1_78' title='bbox 646 588 727 613; x_wconf 87' lang='lat' dir='ltr'><strong>tutor</strong></span> <span class='ocrx_word' id='word_1_79' title='bbox 742 589 828 620; x_wconf 87' lang='lat' dir='ltr'><strong>esset,</strong></span> <span class='ocrx_word' id='word_1_80' title='bbox 852 583 884 612; x_wconf 90' lang='lat' dir='ltr'><strong>in</strong></span> <span class='ocrx_word' id='word_1_81' title='bbox 902 583 984 612; x_wconf 89' lang='lat' dir='ltr'><strong>bona</strong></span> <span class='ocrx_word' id='word_1_82' title='bbox 999 582 1064 621; x_wconf 89' lang='lat' dir='ltr'><strong>ejus</strong></span> 
     </span>
     <span class='ocr_line' id='line_1_13' title="bbox 166 624 1065 666; baseline 0.001 -13"><span class='ocrx_word' id='word_1_83' title='bbox 166 624 316 665; x_wconf 87' lang='lat' dir='ltr'><strong>impetum</strong></span> <span class='ocrx_word' id='word_1_84' title='bbox 343 625 423 655; x_wconf 89' lang='lat' dir='ltr'><strong>fecit.</strong></span> <span class='ocrx_word' id='word_1_85' title='bbox 457 626 543 656; x_wconf 84' lang='lat' dir='ltr'><strong>Nam</strong></span> <span class='ocrx_word' id='word_1_86' title='bbox 568 626 734 656; x_wconf 82' lang='lat' dir='ltr'><strong>Malleolus</strong></span> <span class='ocrx_word' id='word_1_87' title='bbox 760 626 791 655; x_wconf 89' lang='lat' dir='ltr'><strong>in</strong></span> <span class='ocrx_word' id='word_1_88' title='bbox 814 625 1001 666; x_wconf 86' lang='lat' dir='ltr'><strong>provinciam</strong></span> <span class='ocrx_word' id='word_1_89' title='bbox 1023 624 1065 654; x_wconf 86' lang='lat' dir='ltr'><strong>sic</strong></span> 
     </span>
     <span class='ocr_line' id='line_1_14' title="bbox 165 667 1064 709; baseline 0 -12"><span class='ocrx_word' id='word_1_90' title='bbox 165 667 283 707; x_wconf 85' lang='lat' dir='ltr'><strong>copiose</strong></span> <span class='ocrx_word' id='word_1_91' title='bbox 303 668 455 708; x_wconf 90' lang='lat' dir='ltr'><strong>profectus</strong></span> <span class='ocrx_word' id='word_1_92' title='bbox 477 674 551 706; x_wconf 80' lang='lat' dir='ltr'><strong>erat,</strong></span> <span class='ocrx_word' id='word_1_93' title='bbox 575 675 610 698; x_wconf 92' lang='lat' dir='ltr'><strong>ut</strong></span> <span class='ocrx_word' id='word_1_94' title='bbox 632 669 715 698; x_wconf 85' lang='lat' dir='ltr'><strong>domi</strong></span> <span class='ocrx_word' id='word_1_95' title='bbox 735 679 858 709; x_wconf 85' lang='lat' dir='ltr'><strong>prorsus</strong></span> <span class='ocrx_word' id='word_1_96' title='bbox 879 668 957 697; x_wconf 88' lang='lat' dir='ltr'><strong>nihil</strong></span> <span class='ocrx_word' id='word_1_97' title='bbox 972 667 1064 698; x_wconf 87' lang='lat' dir='ltr'><strong>relin-</strong></span> 
     </span>
     <span class='ocr_line' id='line_1_15' title="bbox 164 711 1061 752; baseline 0 -12"><span class='ocrx_word' id='word_1_98' title='bbox 164 716 279 750; x_wconf 85' lang='lat' dir='ltr'><strong>queret.</strong></span> <span class='ocrx_word' id='word_1_99' title='bbox 315 711 466 741; x_wconf 86' lang='lat' dir='ltr'><strong>Praeterea</strong></span> <span class='ocrx_word' id='word_1_100' title='bbox 486 712 629 752; x_wconf 88' lang='lat' dir='ltr'><strong>pecunias</strong></span> <span class='ocrx_word' id='word_1_101' title='bbox 644 712 806 752; x_wconf 61' lang='lat' dir='ltr'><strong>occuparat</strong></span> <span class='ocrx_word' id='word_1_102' title='bbox 821 711 904 752; x_wconf 88' lang='lat' dir='ltr'><strong>apud</strong></span> <span class='ocrx_word' id='word_1_103' title='bbox 920 711 1061 751; x_wconf 89' lang='lat' dir='ltr'><strong>populos,</strong></span> 
     </span>
     <span class='ocr_line' id='line_1_16' title="bbox 164 753 1064 795; baseline 0 -12"><span class='ocrx_word' id='word_1_104' title='bbox 164 759 194 783; x_wconf 89' lang='lat' dir='ltr'><strong>ct</strong></span> <span class='ocrx_word' id='word_1_105' title='bbox 215 754 402 794; x_wconf 85' lang='lat' dir='ltr'><strong>syngraphas</strong></span> <span class='ocrx_word' id='word_1_106' title='bbox 424 754 553 785; x_wconf 86' lang='lat' dir='ltr'><strong>fecerat:</strong></span> <span class='ocrx_word' id='word_1_107' title='bbox 578 755 696 795; x_wconf 85' lang='lat' dir='ltr'><strong>argenti</strong></span> <span class='ocrx_word' id='word_1_108' title='bbox 716 755 824 795; x_wconf 87' lang='lat' dir='ltr'><strong>optimi</strong></span> <span class='ocrx_word' id='word_1_109' title='bbox 840 754 935 784; x_wconf 80' lang='lat' dir='ltr'><strong>caelati</strong></span> <span class='ocrx_word' id='word_1_110' title='bbox 950 753 1064 794; x_wconf 87' lang='lat' dir='ltr'><strong>grande</strong></span> 
     </span>
     <span class='ocr_line' id='line_1_17' title="bbox 163 797 1062 838; baseline -0.001 -12"><span class='ocrx_word' id='word_1_111' title='bbox 163 797 284 836; x_wconf 86' lang='lat' dir='ltr'><strong>pondus</strong></span> <span class='ocrx_word' id='word_1_112' title='bbox 296 807 398 827; x_wconf 88' lang='lat' dir='ltr'><strong>secum</strong></span> <span class='ocrx_word' id='word_1_113' title='bbox 411 798 522 828; x_wconf 86' lang='lat' dir='ltr'><strong>tulerat</strong></span> <span class='ocrx_word' id='word_1_114' title='bbox 535 800 619 831; x_wconf 85' lang='lat' dir='ltr'><strong>(nam</strong></span> <span class='ocrx_word' id='word_1_115' title='bbox 632 799 683 828; x_wconf 84' lang='lat' dir='ltr'><strong>ille</strong></span> <span class='ocrx_word' id='word_1_116' title='bbox 696 808 829 838; x_wconf 78' lang='lat' dir='ltr'><strong>quoque,</strong></span> <span class='ocrx_word' id='word_1_117' title='bbox 843 797 952 827; x_wconf 86' lang='lat' dir='ltr'><strong>sodalis</strong></span> <span class='ocrx_word' id='word_1_118' title='bbox 964 797 1062 833; x_wconf 88' lang='lat' dir='ltr'><strong>istius,</strong></span> 
     </span>
     <span class='ocr_line' id='line_1_18' title="bbox 163 839 1062 881; baseline 0 -12"><span class='ocrx_word' id='word_1_119' title='bbox 163 844 227 869; x_wconf 86' lang='lat' dir='ltr'><strong>erat</strong></span> <span class='ocrx_word' id='word_1_120' title='bbox 243 840 273 869; x_wconf 88' lang='lat' dir='ltr'><strong>in</strong></span> <span class='ocrx_word' id='word_1_121' title='bbox 289 840 346 870; x_wconf 89' lang='lat' dir='ltr'><strong>hoc</strong></span> <span class='ocrx_word' id='word_1_122' title='bbox 362 842 468 870; x_wconf 87' lang='lat' dir='ltr'><strong>morbo</strong></span> <span class='ocrx_word' id='word_1_123' title='bbox 485 846 514 870; x_wconf 89' lang='lat' dir='ltr'><strong>et</strong></span> <span class='ocrx_word' id='word_1_124' title='bbox 529 841 706 881; x_wconf 82' lang='lat' dir='ltr'><strong>cupiditate)</strong></span> <span class='ocrx_word' id='word_1_125' title='bbox 719 853 726 870; x_wconf 91' lang='lat'>:</span> <span class='ocrx_word' id='word_1_126' title='bbox 752 840 865 881; x_wconf 82' lang='lat' dir='ltr'><strong>grande</strong></span> <span class='ocrx_word' id='word_1_127' title='bbox 880 839 999 881; x_wconf 88' lang='lat' dir='ltr'><strong>pondus</strong></span> <span class='ocrx_word' id='word_1_128' title='bbox 1015 850 1062 869; x_wconf 89' lang='lat' dir='ltr'><strong>ar-</strong></span> 
     </span>
     <span class='ocr_line' id='line_1_19' title="bbox 162 882 1062 924; baseline -0.001 -12"><span class='ocrx_word' id='word_1_129' title='bbox 162 883 258 922; x_wconf 86' lang='lat' dir='ltr'><strong>genti,</strong></span> <span class='ocrx_word' id='word_1_130' title='bbox 282 882 433 913; x_wconf 81' lang='lat' dir='ltr'><strong>familiam</strong></span> <span class='ocrx_word' id='word_1_131' title='bbox 462 893 620 924; x_wconf 84' lang='lat' dir='ltr'><strong>magnam,</strong></span> <span class='ocrx_word' id='word_1_132' title='bbox 644 885 758 914; x_wconf 87' lang='lat' dir='ltr'><strong>multos</strong></span> <span class='ocrx_word' id='word_1_133' title='bbox 787 883 925 919; x_wconf 86' lang='lat' dir='ltr'><strong>artifices,</strong></span> <span class='ocrx_word' id='word_1_134' title='bbox 949 883 1062 912; x_wconf 86' lang='lat' dir='ltr'><strong>multos</strong></span> 
     </span>
     <span class='ocr_line' id='line_1_20' title="bbox 162 925 1063 968; baseline 0 -14"><span class='ocrx_word' id='word_1_135' title='bbox 162 925 309 956; x_wconf 87' lang='lat' dir='ltr'><strong>formosos</strong></span> <span class='ocrx_word' id='word_1_136' title='bbox 339 926 489 965; x_wconf 89' lang='lat' dir='ltr'><strong>homines,</strong></span> <span class='ocrx_word' id='word_1_137' title='bbox 520 927 692 968; x_wconf 83' lang='lat' dir='ltr'><strong>reliquerat.</strong></span> <span class='ocrx_word' id='word_1_138' title='bbox 728 926 802 964; x_wconf 80' lang='lat' dir='ltr'><strong>Iste,</strong></span> <span class='ocrx_word' id='word_1_139' title='bbox 835 926 917 967; x_wconf 88' lang='lat' dir='ltr'><strong>quod</strong></span> <span class='ocrx_word' id='word_1_140' title='bbox 947 925 1063 966; x_wconf 82' lang='lat' dir='ltr'><strong>argenti</strong></span> 
     </span>
     <span class='ocr_line' id='line_1_21' title="bbox 161 968 1060 1010; baseline 0.001 -13"><span class='ocrx_word' id='word_1_141' title='bbox 161 968 288 1008; x_wconf 79' lang='lat' dir='ltr'><strong>placuit,</strong></span> <span class='ocrx_word' id='word_1_142' title='bbox 302 969 431 999; x_wconf 83' lang='lat' dir='ltr'><strong>invasit:</strong></span> <span class='ocrx_word' id='word_1_143' title='bbox 450 981 519 1010; x_wconf 86' lang='lat' dir='ltr'><strong>quae</strong></span> <span class='ocrx_word' id='word_1_144' title='bbox 529 970 682 1010; x_wconf 88' lang='lat' dir='ltr'><strong>mancipia</strong></span> <span class='ocrx_word' id='word_1_145' title='bbox 694 969 801 1007; x_wconf 89' lang='lat' dir='ltr'><strong>voluit,</strong></span> <span class='ocrx_word' id='word_1_146' title='bbox 815 969 944 999; x_wconf 85' lang='lat' dir='ltr'><strong>abduxit</strong></span> <span class='ocrx_word' id='word_1_147' title='bbox 956 980 963 998; x_wconf 71' lang='grc' dir='ltr'><strong><em>ι</em></strong></span> <span class='ocrx_word' id='word_1_148' title='bbox 978 968 1060 1003; x_wconf 82' lang='lat' dir='ltr'><strong>vina,</strong></span> 
     </span>
     <span class='ocr_line' id='line_1_22' title="bbox 162 1013 1062 1053; baseline 0 -12"><span class='ocrx_word' id='word_1_149' title='bbox 162 1017 341 1052; x_wconf 82' lang='lat' dir='ltr'><strong>caeteraque,</strong></span> <span class='ocrx_word' id='word_1_150' title='bbox 359 1023 428 1053; x_wconf 83' lang='lat' dir='ltr'><strong>quae</strong></span> <span class='ocrx_word' id='word_1_151' title='bbox 443 1013 475 1042; x_wconf 88' lang='lat' dir='ltr'><strong>in</strong></span> <span class='ocrx_word' id='word_1_152' title='bbox 490 1013 569 1043; x_wconf 69' lang='lat' dir='ltr'><strong>Asia</strong></span> <span class='ocrx_word' id='word_1_153' title='bbox 590 1013 735 1044; x_wconf 83' lang='lat' dir='ltr'><strong>facillime</strong></span> <span class='ocrx_word' id='word_1_154' title='bbox 750 1018 975 1053; x_wconf 86' lang='lat' dir='ltr'><strong>comparantur,</strong></span> <span class='ocrx_word' id='word_1_155' title='bbox 992 1022 1062 1052; x_wconf 88' lang='lat' dir='ltr'><strong>quae</strong></span> 
     </span>
     <span class='ocr_line' id='line_1_23' title="bbox 162 1054 1062 1097; baseline 0.001 -13"><span class='ocrx_word' id='word_1_156' title='bbox 162 1054 215 1084; x_wconf 84' lang='lat' dir='ltr'><strong>ille</strong></span> <span class='ocrx_word' id='word_1_157' title='bbox 245 1056 420 1096; x_wconf 81' lang='lat' dir='ltr'><strong>reliquerat,</strong></span> <span class='ocrx_word' id='word_1_158' title='bbox 443 1056 627 1097; x_wconf 85' lang='lat' dir='ltr'><strong>asportavit:</strong></span> <span class='ocrx_word' id='word_1_159' title='bbox 657 1056 776 1097; x_wconf 86' lang='lat' dir='ltr'><strong>reliqua</strong></span> <span class='ocrx_word' id='word_1_160' title='bbox 800 1055 947 1093; x_wconf 78' lang='lat' dir='ltr'><strong>vendidit,</strong></span> <span class='ocrx_word' id='word_1_161' title='bbox 969 1065 1062 1095; x_wconf 85' lang='lat' dir='ltr'><strong>pecu-</strong></span> 
     </span>
     <span class='ocr_line' id='line_1_24' title="bbox 164 1099 376 1139; baseline 0.009 -13"><span class='ocrx_word' id='word_1_162' title='bbox 164 1107 249 1127; x_wconf 87' lang='lat' dir='ltr'><strong>mam</strong></span> <span class='ocrx_word' id='word_1_163' title='bbox 266 1099 376 1139; x_wconf 84' lang='lat' dir='ltr'><strong>exegit.</strong></span> 
     </span>
    </p>

    <p class='ocr_par' dir='ltr' id='par_1_4' title="bbox 158 1141 1062 1786">
     <span class='ocr_line' id='line_1_25' title="bbox 207 1141 1062 1183; baseline -0.001 -12"><span class='ocrx_word' id='word_1_164' title='bbox 207 1141 289 1171; x_wconf 77' lang='lat' dir='ltr'><strong>cum</strong></span> <span class='ocrx_word' id='word_1_165' title='bbox 311 1152 381 1172; x_wconf 72' lang='lat' dir='ltr'><strong>eun]</strong></span> <span class='ocrx_word' id='word_1_166' title='bbox 405 1141 443 1172; x_wconf 88' lang='lat' dir='ltr'><strong>ad</strong></span> <span class='ocrx_word' id='word_1_167' title='bbox 459 1142 516 1173; x_wconf 86' lang='lat' dir='ltr'><strong>HS</strong></span> <span class='ocrx_word' id='word_1_168' title='bbox 532 1142 621 1173; x_wconf 85' lang='lat' dir='ltr'><strong>vicies</strong></span> <span class='ocrx_word' id='word_1_169' title='bbox 645 1142 806 1183; x_wconf 87' lang='lat' dir='ltr'><strong>quinquies</strong></span> <span class='ocrx_word' id='word_1_170' title='bbox 827 1141 975 1182; x_wconf 81' lang='lat' dir='ltr'><strong>redegisse</strong></span> <span class='ocrx_word' id='word_1_171' title='bbox 990 1151 1062 1171; x_wconf 87' lang='lat' dir='ltr'><strong>con-</strong></span> 
     </span>
     <span class='ocr_line' id='line_1_26' title="bbox 160 1184 1059 1225; baseline 0 -12"><span class='ocrx_word' id='word_1_172' title='bbox 160 1188 272 1221; x_wconf 82' lang='lat' dir='ltr'><strong>staret;</strong></span> <span class='ocrx_word' id='word_1_173' title='bbox 296 1191 331 1215; x_wconf 89' lang='lat' dir='ltr'><strong>ut</strong></span> <span class='ocrx_word' id='word_1_174' title='bbox 356 1185 492 1215; x_wconf 83' lang='lat' dir='ltr'><strong>Romam</strong></span> <span class='ocrx_word' id='word_1_175' title='bbox 517 1185 616 1223; x_wconf 85' lang='lat' dir='ltr'><strong>rediit,</strong></span> <span class='ocrx_word' id='word_1_176' title='bbox 640 1186 759 1215; x_wconf 87' lang='lat' dir='ltr'><strong>nullam</strong></span> <span class='ocrx_word' id='word_1_177' title='bbox 782 1185 902 1215; x_wconf 86' lang='lat' dir='ltr'><strong>literam</strong></span> <span class='ocrx_word' id='word_1_178' title='bbox 929 1184 1059 1225; x_wconf 83' lang='lat' dir='ltr'><strong>pupillo,</strong></span> 
     </span>
     <span class='ocr_line' id='line_1_27' title="bbox 161 1227 1060 1267; baseline 0.001 -11"><span class='ocrx_word' id='word_1_179' title='bbox 161 1227 280 1256; x_wconf 89' lang='lat' dir='ltr'><strong>nullam</strong></span> <span class='ocrx_word' id='word_1_180' title='bbox 296 1228 388 1258; x_wconf 86' lang='lat' dir='ltr'><strong>matri</strong></span> <span class='ocrx_word' id='word_1_181' title='bbox 401 1229 477 1267; x_wconf 89' lang='lat' dir='ltr'><strong>ejus,</strong></span> <span class='ocrx_word' id='word_1_182' title='bbox 494 1229 612 1258; x_wconf 88' lang='lat' dir='ltr'><strong>nullam</strong></span> <span class='ocrx_word' id='word_1_183' title='bbox 628 1229 779 1258; x_wconf 86' lang='lat' dir='ltr'><strong>tutoribus</strong></span> <span class='ocrx_word' id='word_1_184' title='bbox 795 1228 943 1258; x_wconf 87' lang='lat' dir='ltr'><strong>reddidit:</strong></span> <span class='ocrx_word' id='word_1_185' title='bbox 961 1238 1060 1257; x_wconf 86' lang='lat' dir='ltr'><strong>servos</strong></span> 
     </span>
     <span class='ocr_line' id='line_1_28' title="bbox 161 1270 1061 1311; baseline 0 -12"><span class='ocrx_word' id='word_1_186' title='bbox 161 1270 289 1300; x_wconf 85' lang='lat' dir='ltr'><strong>artifices</strong></span> <span class='ocrx_word' id='word_1_187' title='bbox 304 1271 415 1311; x_wconf 83' lang='lat' dir='ltr'><strong>pupilli</strong></span> <span class='ocrx_word' id='word_1_188' title='bbox 431 1282 502 1302; x_wconf 87' lang='lat' dir='ltr'><strong>cum</strong></span> <span class='ocrx_word' id='word_1_189' title='bbox 518 1272 642 1302; x_wconf 85' lang='lat' dir='ltr'><strong>haberet</strong></span> <span class='ocrx_word' id='word_1_190' title='bbox 657 1272 752 1308; x_wconf 84' lang='lat' dir='ltr'><strong>domi,</strong></span> <span class='ocrx_word' id='word_1_191' title='bbox 770 1271 884 1302; x_wconf 80' lang='lat' dir='ltr'><strong>circum</strong></span> <span class='ocrx_word' id='word_1_192' title='bbox 900 1270 990 1311; x_wconf 88' lang='lat' dir='ltr'><strong>pedes</strong></span> <span class='ocrx_word' id='word_1_193' title='bbox 1006 1281 1061 1300; x_wconf 88' lang='lat' dir='ltr'><strong>au-</strong></span> 
     </span>
     <span class='ocr_line' id='line_1_29' title="bbox 160 1313 1059 1351; baseline 0 -9"><span class='ocrx_word' id='word_1_194' title='bbox 160 1318 224 1343; x_wconf 88' lang='lat' dir='ltr'><strong>tem</strong></span> <span class='ocrx_word' id='word_1_195' title='bbox 239 1313 379 1344; x_wconf 89' lang='lat' dir='ltr'><strong>homines</strong></span> <span class='ocrx_word' id='word_1_196' title='bbox 390 1314 538 1345; x_wconf 85' lang='lat' dir='ltr'><strong>formosos</strong></span> <span class='ocrx_word' id='word_1_197' title='bbox 553 1321 583 1345; x_wconf 91' lang='lat' dir='ltr'><strong>et</strong></span> <span class='ocrx_word' id='word_1_198' title='bbox 597 1315 749 1350; x_wconf 84' lang='lat' dir='ltr'><strong>literatos;</strong></span> <span class='ocrx_word' id='word_1_199' title='bbox 768 1325 836 1345; x_wconf 87' lang='lat' dir='ltr'><strong>suos</strong></span> <span class='ocrx_word' id='word_1_200' title='bbox 853 1325 914 1344; x_wconf 89' lang='lat' dir='ltr'><strong>esse</strong></span> <span class='ocrx_word' id='word_1_201' title='bbox 930 1313 1059 1351; x_wconf 86' lang='lat' dir='ltr'><strong>dicebat,</strong></span> 
     </span>
     <span class='ocr_line' id='line_1_30' title="bbox 161 1356 1060 1398; baseline -0.001 -12"><span class='ocrx_word' id='word_1_202' title='bbox 161 1366 192 1386; x_wconf 88' lang='lat' dir='ltr'><strong>se</strong></span> <span class='ocrx_word' id='word_1_203' title='bbox 207 1356 323 1387; x_wconf 87' lang='lat' dir='ltr'><strong>emisse.</strong></span> <span class='ocrx_word' id='word_1_204' title='bbox 357 1358 439 1388; x_wconf 62' lang='lat' dir='ltr'><strong>(jum</strong></span> <span class='ocrx_word' id='word_1_205' title='bbox 461 1358 570 1398; x_wconf 82' lang='lat' dir='ltr'><strong>saepius</strong></span> <span class='ocrx_word' id='word_1_206' title='bbox 585 1364 682 1388; x_wconf 85' lang='lat' dir='ltr'><strong>mater</strong></span> <span class='ocrx_word' id='word_1_207' title='bbox 697 1364 726 1388; x_wconf 88' lang='lat' dir='ltr'><strong>et</strong></span> <span class='ocrx_word' id='word_1_208' title='bbox 741 1358 809 1387; x_wconf 86' lang='lat' dir='ltr'><strong>avia</strong></span> <span class='ocrx_word' id='word_1_209' title='bbox 824 1357 909 1398; x_wconf 88' lang='lat' dir='ltr'><strong>pueri</strong></span> <span class='ocrx_word' id='word_1_210' title='bbox 925 1356 1060 1397; x_wconf 88' lang='lat' dir='ltr'><strong>postula-</strong></span> 
     </span>
     <span class='ocr_line' id='line_1_31' title="bbox 159 1400 1058 1441; baseline 0.001 -13"><span class='ocrx_word' id='word_1_211' title='bbox 159 1404 238 1437; x_wconf 89' lang='lat' dir='ltr'><strong>rent,</strong></span> <span class='ocrx_word' id='word_1_212' title='bbox 262 1400 319 1437; x_wconf 89' lang='lat' dir='ltr'><strong>uti,</strong></span> <span class='ocrx_word' id='word_1_213' title='bbox 344 1400 369 1430; x_wconf 89' lang='lat' dir='ltr'><strong>si</strong></span> <span class='ocrx_word' id='word_1_214' title='bbox 392 1410 454 1430; x_wconf 89' lang='lat' dir='ltr'><strong>non</strong></span> <span class='ocrx_word' id='word_1_215' title='bbox 478 1401 615 1431; x_wconf 88' lang='lat' dir='ltr'><strong>redderet</strong></span> <span class='ocrx_word' id='word_1_216' title='bbox 638 1401 813 1441; x_wconf 85' lang='lat' dir='ltr'><strong>pecuniam,</strong></span> <span class='ocrx_word' id='word_1_217' title='bbox 837 1410 891 1430; x_wconf 88' lang='lat' dir='ltr'><strong>nec</strong></span> <span class='ocrx_word' id='word_1_218' title='bbox 911 1400 1058 1429; x_wconf 85' lang='lat' dir='ltr'><strong>rationem</strong></span> 
     </span>
     <span class='ocr_line' id='line_1_32' title="bbox 160 1441 1059 1484; baseline 0 -13"><span class='ocrx_word' id='word_1_219' title='bbox 160 1441 257 1479; x_wconf 82' lang='lat' dir='ltr'><strong>daret,</strong></span> <span class='ocrx_word' id='word_1_220' title='bbox 274 1442 385 1473; x_wconf 80' lang='lat' dir='ltr'><strong>diceret</strong></span> <span class='ocrx_word' id='word_1_221' title='bbox 401 1444 520 1482; x_wconf 85' lang='lat' dir='ltr'><strong>saltem,</strong></span> <span class='ocrx_word' id='word_1_222' title='bbox 537 1450 687 1484; x_wconf 90' lang='lat' dir='ltr'><strong>quantum</strong></span> <span class='ocrx_word' id='word_1_223' title='bbox 700 1444 836 1484; x_wconf 78' lang='lat' dir='ltr'><strong>pecuniae</strong></span> <span class='ocrx_word' id='word_1_224' title='bbox 852 1442 992 1473; x_wconf 84' lang='lat' dir='ltr'><strong>Malleoli</strong></span> <span class='ocrx_word' id='word_1_225' title='bbox 1007 1442 1059 1472; x_wconf 77' lang='lat' dir='ltr'><strong>de·-</strong></span> 
     </span>
     <span class='ocr_line' id='line_1_33' title="bbox 159 1485 1060 1528; baseline 0.001 -14"><span class='ocrx_word' id='word_1_226' title='bbox 159 1485 330 1525; x_wconf 63' lang='lat' dir='ltr'><strong>portasset3</strong></span> <span class='ocrx_word' id='word_1_227' title='bbox 359 1486 465 1516; x_wconf 85' lang='lat' dir='ltr'><strong>multis</strong></span> <span class='ocrx_word' id='word_1_228' title='bbox 492 1487 685 1527; x_wconf 83' lang='lat' dir='ltr'><strong>efflagitatus,</strong></span> <span class='ocrx_word' id='word_1_229' title='bbox 709 1486 873 1528; x_wconf 87' lang='lat' dir='ltr'><strong>aliquando</strong></span> <span class='ocrx_word' id='word_1_230' title='bbox 899 1485 976 1515; x_wconf 85' lang='lat' dir='ltr'><strong>dixit</strong></span> <span class='ocrx_word' id='word_1_231' title='bbox 1003 1485 1060 1516; x_wconf 84' lang='lat' dir='ltr'><strong>Hs</strong></span> 
     </span>
     <span class='ocr_line' id='line_1_34' title="bbox 160 1527 1059 1560; baseline 0 -3"><span class='ocrx_word' id='word_1_232' title='bbox 160 1527 277 1558; x_wconf 87' lang='lat' dir='ltr'><strong>decies:</strong></span> <span class='ocrx_word' id='word_1_233' title='bbox 303 1529 412 1559; x_wconf 86' lang='lat' dir='ltr'><strong>deinde</strong></span> <span class='ocrx_word' id='word_1_234' title='bbox 433 1529 464 1559; x_wconf 90' lang='lat' dir='ltr'><strong>in</strong></span> <span class='ocrx_word' id='word_1_235' title='bbox 486 1530 594 1560; x_wconf 81' lang='lat' dir='ltr'><strong>codicis</strong></span> <span class='ocrx_word' id='word_1_236' title='bbox 618 1530 754 1560; x_wconf 66' lang='lat' dir='ltr'><strong>extrema</strong></span> <span class='ocrx_word' id='word_1_237' title='bbox 775 1529 842 1560; x_wconf 72' lang='lat' dir='ltr'><strong>cera</strong></span> <span class='ocrx_word' id='word_1_238' title='bbox 857 1538 969 1558; x_wconf 88' lang='lat' dir='ltr'><strong>nomen</strong></span> <span class='ocrx_word' id='word_1_239' title='bbox 989 1527 1059 1557; x_wconf 91' lang='lat' dir='ltr'><strong>infi-</strong></span> 
     </span>
     <span class='ocr_line' id='line_1_35' title="bbox 158 1571 1058 1614; baseline 0 -14"><span class='ocrx_word' id='word_1_240' title='bbox 158 1580 248 1601; x_wconf 89' lang='lat' dir='ltr'><strong>mum</strong></span> <span class='ocrx_word' id='word_1_241' title='bbox 263 1571 294 1601; x_wconf 92' lang='lat' dir='ltr'><strong>in</strong></span> <span class='ocrx_word' id='word_1_242' title='bbox 311 1572 460 1612; x_wconf 65' lang='lat' dir='ltr'><strong>flagitiosa</strong></span> <span class='ocrx_word' id='word_1_243' title='bbox 479 1573 572 1603; x_wconf 67' lang='lat' dir='ltr'><strong>litura</strong></span> <span class='ocrx_word' id='word_1_244' title='bbox 593 1573 682 1603; x_wconf 81' lang='lat' dir='ltr'><strong>fecit:</strong></span> <span class='ocrx_word' id='word_1_245' title='bbox 708 1583 839 1614; x_wconf 85' lang='lat' dir='ltr'><strong>expensa</strong></span> <span class='ocrx_word' id='word_1_246' title='bbox 858 1572 1058 1611; x_wconf 87' lang='lat' dir='ltr'><strong>Chrysogono</strong></span> 
     </span>
     <span class='ocr_line' id='line_1_36' title="bbox 160 1614 1059 1656; baseline -0.001 -12"><span class='ocrx_word' id='word_1_247' title='bbox 160 1624 247 1644; x_wconf 86' lang='lat' dir='ltr'><strong>servo</strong></span> <span class='ocrx_word' id='word_1_248' title='bbox 268 1615 325 1645; x_wconf 70' lang='lat' dir='ltr'><strong>Hs</strong></span> <span class='ocrx_word' id='word_1_249' title='bbox 347 1621 488 1646; x_wconf 80' lang='lat' dir='ltr'><strong>sexcenta</strong></span> <span class='ocrx_word' id='word_1_250' title='bbox 508 1616 606 1646; x_wconf 86' lang='lat' dir='ltr'><strong>millia</strong></span> <span class='ocrx_word' id='word_1_251' title='bbox 627 1622 748 1656; x_wconf 86' lang='lat' dir='ltr'><strong>accepta</strong></span> <span class='ocrx_word' id='word_1_252' title='bbox 768 1615 886 1656; x_wconf 87' lang='lat' dir='ltr'><strong>pupillo</strong></span> <span class='ocrx_word' id='word_1_253' title='bbox 910 1614 1059 1644; x_wconf 86' lang='lat' dir='ltr'><strong>Malleolo</strong></span> 
     </span>
     <span class='ocr_line' id='line_1_37' title="bbox 160 1656 1057 1696; baseline 0 -10"><span class='ocrx_word' id='word_1_254' title='bbox 160 1657 274 1687; x_wconf 85' lang='lat' dir='ltr'><strong>retulit.</strong></span> <span class='ocrx_word' id='word_1_255' title='bbox 307 1658 472 1696; x_wconf 81' lang='lat' dir='ltr'><strong>Quomodo</strong></span> <span class='ocrx_word' id='word_1_256' title='bbox 488 1669 525 1689; x_wconf 89' lang='lat' dir='ltr'><strong>ex</strong></span> <span class='ocrx_word' id='word_1_257' title='bbox 541 1659 637 1689; x_wconf 86' lang='lat' dir='ltr'><strong>decies</strong></span> <span class='ocrx_word' id='word_1_258' title='bbox 655 1659 711 1689; x_wconf 74' lang='lat' dir='ltr'><strong>Hs</strong></span> <span class='ocrx_word' id='word_1_259' title='bbox 728 1665 868 1689; x_wconf 86' lang='lat' dir='ltr'><strong>sexcenta</strong></span> <span class='ocrx_word' id='word_1_260' title='bbox 883 1657 943 1687; x_wconf 85' lang='lat' dir='ltr'><strong>sint</strong></span> <span class='ocrx_word' id='word_1_261' title='bbox 958 1656 1057 1692; x_wconf 75' lang='lat' dir='ltr'><strong>facta3</strong></span> 
     </span>
     <span class='ocr_line' id='line_1_38' title="bbox 161 1700 1057 1743; baseline -0.001 -14"><span class='ocrx_word' id='word_1_262' title='bbox 161 1700 315 1740; x_wconf 84' lang='lat' dir='ltr'><strong>quomodo</strong></span> <span class='ocrx_word' id='word_1_263' title='bbox 332 1701 391 1732; x_wconf 91' lang='lat' dir='ltr'><strong>DC</strong></span> <span class='ocrx_word' id='word_1_264' title='bbox 408 1701 514 1732; x_wconf 88' lang='lat' dir='ltr'><strong>eodem</strong></span> <span class='ocrx_word' id='word_1_265' title='bbox 526 1702 618 1732; x_wconf 88' lang='lat' dir='ltr'><strong>modo</strong></span> <span class='ocrx_word' id='word_1_266' title='bbox 629 1702 818 1743; x_wconf 61' lang='lat' dir='ltr'><strong>quadrarint,</strong></span> <span class='ocrx_word' id='word_1_267' title='bbox 833 1707 867 1731; x_wconf 89' lang='lat' dir='ltr'><strong>ut</strong></span> <span class='ocrx_word' id='word_1_268' title='bbox 878 1701 931 1730; x_wconf 83' lang='lat' dir='ltr'><strong>illa</strong></span> <span class='ocrx_word' id='word_1_269' title='bbox 945 1700 983 1730; x_wconf 89' lang='lat' dir='ltr'><strong>de</strong></span> <span class='ocrx_word' id='word_1_270' title='bbox 998 1700 1057 1730; x_wconf 86' lang='lat' dir='ltr'><strong>Cn.</strong></span> 
     </span>
     <span class='ocr_line' id='line_1_39' title="bbox 159 1743 1057 1786; baseline 0 -13"><span class='ocrx_word' id='word_1_271' title='bbox 159 1743 309 1776; x_wconf 68' lang='lat' dir='ltr'><strong>Carbonis</strong></span> <span class='ocrx_word' id='word_1_272' title='bbox 333 1744 474 1786; x_wconf 63' lang='lat' dir='ltr'><strong>pecunia,</strong></span> <span class='ocrx_word' id='word_1_273' title='bbox 499 1745 615 1786; x_wconf 83' lang='lat' dir='ltr'><strong>reliqua</strong></span> <span class='ocrx_word' id='word_1_274' title='bbox 640 1745 696 1777; x_wconf 82' lang='lat' dir='ltr'><strong>Hs</strong></span> <span class='ocrx_word' id='word_1_275' title='bbox 719 1750 859 1776; x_wconf 76' lang='lat' dir='ltr'><strong>sexcenta</strong></span> <span class='ocrx_word' id='word_1_276' title='bbox 877 1744 957 1774; x_wconf 82' lang='lat' dir='ltr'><strong>facta</strong></span> <span class='ocrx_word' id='word_1_277' title='bbox 978 1743 1057 1778; x_wconf 82' lang='lat' dir='ltr'><strong>sint3</strong></span> 
     </span>
    </p>
   </div>
   <div class='ocr_carea' id='block_1_3' title="bbox 1144 1746 1176 1902">
    <p class='ocr_par' dir='ltr' id='par_1_5' title="bbox 1144 1746 1176 1902">
     <span class='ocr_line' id='line_1_40' title="bbox 1144 1746 1176 1902; baseline 0 0"><span class='ocrx_word' id='word_1_278' title='bbox 1144 1746 1176 1902; x_wconf 66' lang='lat' dir='ltr'><strong>l</strong></span> 
     </span>
    </p>
   </div>
  </div>
 </body>
</html>
