1181 1902
261 91 311 122 IN
337 91 533 123 VERREM
559 91 625 122 ΙΙΙ.
650 90 734 123 (ΙΛΡ.
760 92 812 122 54.
922 90 988 123 263

91 189 167 213 sam,
185 178 267 220 quod
286 188 391 209 omncs
404 179 499 208 Siculi
520 189 557 208 cx
581 188 671 209 censu
693 178 855 219 quotannis
876 178 992 210 tributa

91 223 249 252 conferunt
260 233 269 257 ς
295 223 326 252 in
339 232 427 252 censu
440 222 590 259 habendo,
604 228 734 262 potestas
746 222 846 252 omnis
859 222 990 252 aestima-

93 265 180 295 tionis
202 265 360 301 habendae,
385 275 574 305 summasque
602 265 760 301 faciendae,
782 265 897 295 censori
922 276 992 306 per·

90 309 230 339 mittitur.
265 309 373 349 Itaque
397 318 467 337 eum
493 308 636 348 populus,
662 308 710 338 cui
737 309 872 338 maxime
898 309 991 339 fidem

91 362 215 382 suarum
247 362 347 381 rerum
378 351 498 387 habeat,
527 351 663 380 maxima
695 351 767 381 cura
793 351 919 392 deligit:
948 358 989 390 et,

90 402 212 435 propter
228 394 472 435 magnitudinem
494 394 659 434 potestatis,
685 394 734 424 hic
758 395 953 435 magistratus
972 406 991 425 a
1025 432 1029 436 ἢ

90 439 204 479 populo
220 439 339 467 summit
357 437 523 467 ambitione
539 437 741 467 contenditur.
768 438 806 467 In
824 437 858 467 ea
879 448 910 468 re
934 438 990 469 iste

89 481 165 511 nihi]
182 483 307 511 obscure
322 482 418 510 facere
434 481 541 517 voluit,
567 490 627 510 non
653 480 683 509 in
701 480 856 511 sortitione
872 480 988 519 fallere,

89 534 187 565 neque
208 524 270 554 dics
295 524 331 554 de
353 524 436 553 fastis
456 524 597 554 eximere.
628 523 717 553 Nihil
739 534 810 553 sane
831 523 913 554 vafre
934 534 989 554 nec

89 567 236 597 malitiose
249 568 345 597 facere
361 573 484 597 conatus
497 573 560 597 est:
586 566 648 603 sed,
667 573 701 596 ut
717 566 818 596 studia
839 567 990 607 cupidita-

88 617 192 651 tesque
208 611 359 640 honorum
380 616 472 651 atque
493 610 674 640 ambitiones
695 620 732 639 ex
748 609 891 640 omnibus
915 610 988 640 civi-

89 655 201 684 tatibus
218 654 334 684 tolleret
348 658 429 693 (quae
451 664 496 683 res
513 653 680 683 evertendae
701 652 877 693 reipublicae
889 653 987 683 solent

87 704 174 733 esse),
201 697 342 734 ostendit,
368 707 430 726 sese
452 696 483 726 in
500 697 643 726 omnibus
659 696 831 726 civitatibus
852 706 988 727 censores

87 751 149 771 esse
164 740 327 770 facturum.
352 740 455 770 Tanto
471 746 606 769 mercatu
620 739 756 780 praetoris
772 739 896 776 indicto,
915 749 989 770 con-

85 784 215 814 curritur
230 784 366 824 undique
382 783 420 812 ad
436 783 529 813 istum
546 785 719 823 Syracusas.
745 783 770 812 F
772 783 914 823 lagrabat
929 783 985 813 do-

87 837 156 857 mus
184 834 245 857 tota
271 826 411 867 praetoria
437 826 536 856 studio
557 826 719 855 hominum
748 831 777 855 et
803 826 985 867 cupiditate:

85 880 139 900 nec
155 870 281 908 mirum,
312 870 454 899 omnibus
480 869 609 899 comitiis
632 875 676 899 tot
702 869 860 899 civitatum
891 879 987 899 unam

85 913 116 943 in
148 913 274 943 domum
312 913 467 949 revocatis,
504 913 649 953 tantaque
672 912 838 942 ambitione
863 912 988 953 provin-

85 957 138 987 ciae
165 957 256 986 totius
280 956 311 986 in
335 966 396 986 uno
412 955 552 986 cubiculo
567 955 693 985 inclusa.
739 955 912 996 Exquisitis
932 966 988 996 pa-

84 1000 148 1030 lam
175 1000 289 1040 pretiis,
312 1005 340 1029 et
355 999 570 1029 licitationibus
585 998 683 1035 factis,
703 999 891 1029 describebat
917 1009 988 1029 cen-

86 1054 165 1073 sores
181 1043 267 1073 binos
282 1042 313 1072 in
330 1042 464 1083 singulas
476 1042 611 1072 civitates
623 1042 844 1072 Timarchides.
870 1043 913 1079 Is⁷
931 1052 986 1072 suo

85 1087 198 1123 labore,
230 1086 352 1126 suisque
378 1085 608 1121 accessionibus,
636 1085 729 1124 hujus
753 1085 867 1126 negotii
894 1091 986 1126 atque

85 1130 182 1170 operis
197 1129 335 1159 molestia
351 1130 602 1169 consequebatur,
614 1134 648 1158 ut
664 1128 702 1158 ad
718 1128 824 1166 istum,
838 1129 902 1158 sine
917 1128 984 1159 ulla

85 1172 297 1209 sollicitudine,
327 1182 449 1202 summa
471 1171 600 1212 pecunia
623 1171 793 1202 referretur.
832 1172 854 1202 J
858 1182 907 1201 am
936 1171 987 1202 hic

81 1215 293 1246 Timarchides
309 1222 456 1256 quantam
473 1214 634 1256 pecuniam
648 1214 761 1251 fecerit,
775 1215 866 1255 plane
880 1215 981 1245 adhuc

83 1268 258 1299 cognoscere
270 1268 330 1289 non
344 1259 498 1299 potuistis:
514 1265 736 1295 verumtamen,
744 1258 844 1298 priore
851 1258 980 1295 actione,

82 1313 175 1343 quam
188 1302 280 1340 varie,
292 1312 385 1343 quam
396 1301 534 1343 improbe
546 1301 699 1342 praedatus
709 1307 796 1338 esset,
808 1301 980 1331 multorum

82 1356 120 1375 ex
136 1346 314 1376 testimoniis
330 1345 520 1385 cognovistis.

127 1389 217 1419 LIV.
242 1389 313 1426 Sed,
338 1399 376 1419 ne
391 1388 556 1425 miremini,
579 1388 641 1428 qua
657 1387 772 1418 ratione
786 1387 836 1418 hic
856 1393 978 1418 tantum

83 1432 165 1472 apud
180 1432 273 1462 istum
288 1433 413 1462 libertus
424 1432 567 1472 potuerit,
581 1441 733 1472 exponam
745 1431 829 1462 vobis
840 1431 982 1469 breviter,

83 1475 157 1516 quid
173 1475 305 1505 hominis
321 1475 379 1511 sit;
404 1482 439 1505 ut
462 1481 492 1505 et
507 1475 593 1505 istius
609 1474 789 1515 nequitiam,
812 1474 869 1515 qui
893 1474 983 1504 illum

82 1529 184 1549 secum
200 1518 350 1555 habuerit,
368 1529 402 1549 eo
418 1518 585 1559 praesertim
598 1528 726 1548 numero
741 1528 776 1548 ac
791 1518 868 1555 loco,
887 1524 916 1548 et
931 1528 981 1548 ca-

81 1561 250 1592 lamitatem
265 1561 438 1603 provinciae,
456 1561 651 1602 cognoscatis.
676 1561 714 1591 In
730 1561 895 1591 mulierum
916 1571 983 1591 cor-

80 1605 218 1645 ruptelis,
236 1611 265 1635 et
276 1605 306 1635 in
320 1605 404 1635 omni
420 1604 570 1644 ejusmodi
585 1603 709 1634 luxuria
721 1610 813 1645 atque
828 1604 978 1645 nequitia,

80 1648 281 1678 mirandum'
273 1658 304 1678 in
320 1648 448 1678 modum
461 1648 647 1688 reperiebam
657 1648 740 1678 hunc
749 1647 981 1678 Timarchidem

80 1690 119 1721 ad
134 1691 220 1722 istius
230 1691 392 1732 flagitiosas
402 1691 543 1722 libidines
555 1691 803 1740 singularemque
812 1690 983 1732 nequitiam

80 1740 189 1765 natum
200 1740 292 1776 atque
307 1741 415 1776 aptum
430 1735 542 1765 fuisse.
559 1734 751 1775 investigare,
768 1733 863 1770 adire,
876 1734 982 1775 appel-

78 1776 152 1815 lare,
169 1784 373 1819 corrumpere,
395 1778 517 1819 quidvis
539 1777 661 1808 facere
653 1788 684 1807 m
704 1777 854 1817 ejusmodi
878 1778 980 1815 rebus,
