1181 1902
201 38 265 67 342
377 37 427 68 IN
452 37 648 68 VERREM
674 38 732 69 1v.
757 38 840 69 CAP.
869 40 920 69 56.

202 128 264 153 tem
280 123 440 153 commoda
454 124 559 164 populi
575 124 709 154 Romani
721 124 867 165 respicite,
885 125 909 155 si
924 124 1009 155 sociis
1024 125 1097 156 fide-

204 165 326 196 lissimis
341 167 509 207 prospicere
528 177 588 197 non
603 167 754 197 laboratis.

246 209 363 249 Atque,
380 216 415 239 ut
429 209 603 249 intelligatis
619 211 657 240 ab
673 210 741 247 isto,
757 221 820 250 prae
835 210 918 240 lucro
931 211 1095 252 praediique

202 252 354 292 praesenti,
379 262 433 282 nec
460 253 653 293 vectigalium
678 263 732 283 nec
754 254 935 293 posteritatis
958 254 1094 284 habitam

202 305 264 324 esse
284 295 451 331 rationem;
485 296 663 335 cognoscite,
681 296 754 336 quid
771 296 808 325 ad
825 303 996 326 extremum
1020 296 1092 326 scri-

203 338 255 367 bat
282 338 439 367 Bletellus.
476 340 550 368 “In
579 340 731 378 *reliquum
754 343 871 378 trmlms
895 341 1093 379 vectigalibus

196 381 377 419 prnspzzriss'
414 381 450 410 In
468 381 620 422 reliquum
642 388 762 422 tempus
783 382 825 411 ait
846 392 876 412 se
897 382 1094 422 vectigalibus

201 423 397 463 prospexisse.
429 424 502 454 Non
519 424 669 461 scriberet,
686 434 716 454 se
737 424 934 464 vectigalibus
949 436 1093 465 prospex-

201 466 270 502 isse,
288 466 343 496 nisi
358 466 415 497 hoc
432 467 521 497 vellet
530 467 695 504 ostendere,
709 473 738 497 te
751 467 906 507 vectigalia
918 468 1091 508 perdidisse.

201 508 286 546 Quid
303 509 383 539 enim
400 516 473 545 erat,
491 510 573 551 quod
596 510 792 549 vectigalibus
817 510 997 551 prospiceret
1021 511 1092 541 Me-

201 552 291 582 tellus
311 552 342 581 in
369 552 514 590 decumis,
532 559 560 582 et
575 553 606 582 in
627 553 690 583 tota
709 564 741 583 re
761 553 970 589 frumentaria,
994 553 1017 583 si
1038 553 1093 584 iste

201 604 262 624 non
279 595 435 635 vectigalia
450 596 555 636 populi
572 596 705 625 Romani
729 607 782 626 suo
799 602 915 636 quaestu
934 596 1093 636 pervertis-

201 643 245 667 set
261 639 274 668 Ρ
308 640 415 679 Atque
440 638 503 679 ipse
520 639 677 675 Metellus,
695 639 749 679 qui
765 639 960 678 vectigalibus
976 639 1093 687 prospi-

201 680 252 715 cit,
279 681 332 721 qui
357 681 487 722 reliquos
511 687 640 711 aratores
666 681 790 721 colligit,
816 682 891 722 quid
913 682 1094 722 assequitur,

201 723 258 753 nisi
274 723 353 754 hoc?
386 730 420 753 ut
435 730 530 760 arent,
548 724 572 754 si
588 724 641 764 qui
664 730 800 764 possunt
826 725 937 765 quibus
958 732 1092 754 aratrum

202 766 310 796 saltem
326 766 450 807 aliquod
466 767 582 796 satelles
603 766 688 797 istius
704 766 861 807 Apronius
882 767 1033 807 reliquum
1050 768 1094 798 fe-

200 809 260 844 cit;
286 809 339 850 qui
354 815 456 839 tamen
472 810 503 839 in
519 809 597 850 agris
613 820 664 850 spe
680 816 772 850 atque
787 809 1007 850 exspectatione
1023 811 1094 841 Me-

200 832 264 881 telli
291 858 509 883 remanserunt.
537 835 634 890 oQuid
663 852 760 882 caeteri
790 853 906 883 Siculi?
945 853 1019 893 quid
1043 853 1095 883 ille

200 895 355 925 maximus
371 905 516 926 numerus
532 902 696 931 aratorum,
711 895 764 936 qui
779 905 840 925 non
855 895 946 926 modo
962 906 999 925 ex
1014 896 1094 936 agris

201 938 287 976 ejecti
303 944 383 976 sunt,
398 939 449 968 sed
461 939 552 969 etiam
569 949 605 968 ex
622 938 792 969 civitatibus
805 939 877 975 suis,
892 949 929 968 ex
940 937 1094 978 provincia.

200 980 343 1022 denique,
370 982 456 1011 bonis
477 981 667 1030 fortunisque
690 981 831 1012 omnibus
853 981 972 1022 ereptis,
989 982 1094 1022 profu-

200 1025 336 1063 gerunt?
360 1024 433 1062 Qua
448 1024 563 1054 ratione
578 1024 599 1053 ii
614 1026 860 1055 revocabuntur?
885 1025 970 1062 Quot
985 1030 1094 1065 praeto-

200 1077 270 1096 rum
294 1067 466 1097 innocentia
488 1066 693 1108 sapientiaque
713 1078 789 1108 opus
810 1073 864 1104 est,
881 1073 915 1097 ut
930 1068 983 1097 illa
997 1073 1095 1098 arato-

199 1120 268 1139 rum
293 1111 459 1141 multitudo
483 1110 647 1151 aliquando
671 1110 703 1140 'm
727 1110 788 1141 suis
813 1110 891 1151 agris
917 1121 951 1141 ac
975 1110 1096 1141 sedibus

201 1153 381 1184 collocetur
374 1155 387 1176 9

245 1196 335 1226 LVI.
361 1196 421 1233 Ac,
452 1206 490 1227 ne
519 1196 684 1234 miremini,
715 1202 832 1226 tantam
862 1196 1093 1227 multitudinem

200 1239 379 1279 profugisse,
396 1247 543 1280 quantam
560 1250 597 1269 ex
615 1239 708 1270 literis
722 1240 863 1280 publicis,
880 1246 1094 1280 aratorumque

199 1282 445 1322 professionibus,
462 1282 662 1323 cognovistis;
686 1283 800 1319 scitote,
817 1288 933 1313 tantam
950 1282 1094 1313 acerbita-

201 1331 263 1354 tem
288 1325 385 1362 istius,
407 1331 528 1355 tantum
553 1326 648 1356 scelus
672 1326 703 1355 in
720 1332 849 1356 aratores
864 1325 966 1363 fuisse,
985 1326 1092 1360 (incre-

201 1368 294 1398 dibile
310 1368 392 1398 dictu
409 1376 463 1403 est,
477 1369 616 1408 judices,
641 1368 692 1399 sed
707 1374 736 1398 et
750 1368 877 1405 factum,
895 1375 924 1399 et
939 1368 1001 1398 tota
1018 1368 1093 1399 Sici-

200 1410 241 1440 lia
257 1412 485 1451 pervulgatum)
503 1418 537 1442 ut
552 1412 700 1449 homines,
716 1417 838 1452 propter
853 1411 978 1450 injurias
1000 1411 1093 1442 licen-

199 1453 336 1494 tiamque
346 1454 596 1492 decumanorum,
607 1461 736 1485 mortem
749 1454 805 1484 sibi
817 1454 874 1495 ipsi
886 1454 1092 1484 consciverint.

199 1497 437 1538 Centuripinum
463 1497 614 1535 Dioclem,
641 1497 796 1528 hominem
817 1497 1011 1537 locupletem,
1028 1508 1093 1528 sus-

199 1540 338 1580 pendisse
354 1551 384 1570 se
400 1547 526 1576 constat,
543 1551 605 1581 quo
626 1540 674 1571 die
689 1540 727 1570 sit
742 1540 769 1570 ei
784 1540 971 1577 nuntiatum,
988 1541 1092 1580 Apro-

201 1583 288 1612 nium
315 1583 458 1613 decumas
483 1584 652 1614 redemisse.
688 1583 927 1624 Dyrrachinum,
957 1583 1092 1623 primum

198 1625 337 1662 civitatis,
351 1626 456 1656 effidem
472 1627 587 1656 ratione
602 1632 732 1656 mortem
748 1628 909 1667 oppetisse,
921 1626 998 1655 dixit
1010 1626 1093 1666 apud

199 1679 251 1698 vos
276 1669 368 1698 homo
383 1669 600 1706 nobilissimus,
620 1669 812 1700 Archonidas
836 1669 992 1705 Elorinus,
1020 1678 1090 1698 cum

198 1711 332 1742 audisset
348 1718 468 1742 tantum
483 1712 689 1743 decumanum
705 1712 875 1753 professum
889 1722 951 1743 esse
963 1722 1000 1742 ex
1013 1711 1092 1742 edic-
