1181 1902
267 82 321 114 IN
344 80 542 114 VERREM
567 80 613 112 ΙΙ.
631 80 715 112 ΟΑΡ.
732 80 785 111 51.
908 80 973 111 203

79 177 147 204 rent
161 175 191 201 et
202 169 382 209 judicarent.
421 167 495 207 Qua
516 173 663 208 potestate
681 168 736 199 iste
750 164 908 208 permissa,
925 168 975 201 (ut

80 226 118 247 ex
135 216 170 246 C.
188 213 307 244 Fannio
322 218 352 242 et
374 222 412 242 ex
432 212 474 249 Q.
496 211 596 241 Tadio
612 211 805 252 cognovistis)
823 209 907 249 [tum
923 220 975 240 ve-

78 259 142 298 ro‚]
159 267 230 287 cum
246 261 322 286 esset
341 254 483 285 omnibus
501 254 532 283 in
554 255 643 285 rebus
663 253 850 295 apertissime
872 253 976 294 impu-

79 300 316 339 dentissimeque
335 297 498 339 praedatus,
514 297 571 327 hoc
595 298 691 327 voluit
709 296 912 328 clarissimum
927 306 974 326 re-

78 344 217 384 linquere
240 341 386 372 indicium
416 340 644 370 latrociniorum
669 350 793 371 suorum
808 351 817 375 ;
850 339 887 369 de
914 349 976 380 quo

77 397 139 418 non
156 385 260 416 audire
275 383 450 425 aliquando,
462 383 513 413 sed
529 383 629 413 videre
644 383 790 424 quotidie,
807 392 974 423 possemus.

123 428 284 468 Quaesivit,
301 427 369 468 quis
385 427 481 456 aedem
498 426 631 456 Castoris
654 432 765 456 sartam
789 432 899 455 tectam
921 425 975 455 de-

76 474 161 504 beret
176 471 301 502 tradere.
325 470 348 500 J
351 470 459 500 unium
476 470 576 510 ipsum
589 476 746 500 mortuum
763 479 825 499 esse
841 469 972 499 sciebat:

76 516 151 547 scire
166 515 296 551 volebat,
313 513 351 543 ad
363 523 455 554 quem
471 513 524 542 illa
539 523 584 542 res
599 513 771 553 pertineret.
803 512 904 542 Audit
916 522 975 552 pu-

78 559 190 600 pillum
213 567 275 588 esse
298 557 408 586 filium.
444 556 561 591 Homo,
583 556 637 597 qui
663 566 781 596 semper
805 555 847 585 ita
869 555 973 595 palam

77 600 251 639 dictitasset,
267 599 401 640 pupillos
417 605 446 629 et
466 599 599 640 pupillas
617 599 814 630 certissimam
837 597 973 639 praedam

77 655 140 675 esse
181 643 372 685 praetoribus,
410 648 550 683 optatum
583 642 741 683 negotium
777 642 833 672 sibi
868 643 900 672 in
934 641 974 671 si-

77 698 154 718 num
179 687 315 717 delatum
336 696 399 717 esse
425 686 552 716 dicebat.
588 686 821 716 Monimentum
837 685 890 716 illa
906 694 973 714 am-

77 730 240 772 plitudine,
266 729 319 759 illo
334 739 434 770 opere,
459 729 599 770 quamvis
623 735 750 767 sartum,
777 734 902 765 tectum,
924 728 972 757 in-

76 781 260 815 tegrumque
286 778 372 809 esset,
389 777 491 802 tamen
514 772 631 813 aliquid
657 783 688 802 se
710 772 919 807 inventurum.
940 771 972 800 in

75 828 138 860 quo
152 816 253 847 moliri
269 815 458 856 przedarique
476 822 586 856 posset,
603 816 815 846 arbitrabatur.
851 815 888 845 L.
907 815 972 845 Ra-

75 860 167 891 bonio
183 859 279 890 aedem
295 858 427 889 Castoris
443 859 521 888 tradi
535 860 702 899 oportebat.
729 859 760 888 Is
773 869 842 888 casu
859 858 971 899 pupilli

74 904 98 934 J
102 903 165 933 unii
181 909 262 933 tutor
277 908 340 932 erat
355 907 534 932 testamento
549 902 651 942 patris.
685 902 767 932 Cum
783 912 818 931 eo
834 902 897 932 sine
906 902 971 931 ullo

76 946 298 977 intertrimento
313 951 493 975 convenerat
505 946 582 984 jam,
594 944 855 985 quemadmodum
871 945 971 975 trade-

76 996 168 1021 retur.
195 989 257 1019 Iste
277 988 315 1018 ad
340 999 371 1018 se
391 988 569 1018 Rabonium
593 995 699 1018 vocat:
725 988 844 1029 quaerit,
862 987 971 1029 ecquid

76 1034 125 1070 sit,
139 1032 222 1074 quod
242 1042 260 1062 a
282 1031 401 1072 pupillo
424 1031 569 1061 traditum
585 1041 646 1061 non
662 1032 711 1068 sit,
728 1031 810 1072 quod
824 1032 905 1072 exigi
917 1031 971 1061 de-

76 1078 155 1107 beat.
194 1075 275 1105 Cum
299 1075 351 1104 ille
370 1074 426 1111 (id,
446 1074 529 1115 quod
544 1080 620 1112 erat)
636 1074 757 1111 diceret,
775 1074 894 1105 facilem
910 1085 970 1115 pu-

75 1120 151 1161 pillo
181 1118 375 1149 traditionem
402 1128 463 1148 esse
477 1129 486 1153 ;
522 1118 608 1158 signa
638 1124 667 1148 et
693 1118 773 1148 dona
797 1128 971 1159 comparere

73 1162 198 1198 omnia3
222 1161 323 1202 ipsum
339 1162 490 1202 templum
505 1161 591 1191 omni
605 1171 694 1202 opere
710 1172 772 1192 esse
790 1161 943 1202 integrum
958 1171 968 1197 ;

74 1207 106 1236 in
131 1206 236 1235 'onum
257 1205 308 1235 isti
326 1204 420 1234 videri
443 1204 542 1245 coepit,
567 1215 604 1234 ex
626 1203 709 1234 tanta
732 1205 806 1243 aede,
824 1211 970 1245 tantoque

74 1260 174 1290 opere,
199 1258 230 1278 se
250 1257 311 1278 non
333 1247 473 1288 opimum
493 1246 606 1288 praedzi,
623 1248 790 1289 praesertim
805 1258 824 1278 a
837 1248 968 1289 pupill0‚

72 1292 231 1323 discedere.

118 1335 176 1366 LI.
200 1334 295 1365 Venit
309 1334 372 1375 ipse
386 1334 418 1364 in
431 1333 528 1364 aedem
539 1334 690 1365 Castoris:
715 1334 883 1365 considerat
892 1340 972 1364 tem-

75 1379 184 1420 plum:
209 1378 290 1408 videt
316 1378 453 1418 undique
477 1383 603 1415 tectum,
627 1378 830 1418 pulcherrime
846 1378 971 1419 laquea-

75 1428 154 1461 tum,
171 1427 314 1462 praeterea
329 1427 436 1451 caetera
450 1430 529 1450 nova
544 1428 635 1461 atque
647 1421 773 1462 integra.
798 1421 909 1452 Versat
919 1431 949 1451 se
961 1432 970 1451 t

76 1465 197 1507 quaerit‚
215 1464 290 1506 quid
305 1470 384 1505 agat.
419 1464 505 1494 Dicit
519 1464 546 1494 ei
563 1464 689 1504 quidam
705 1475 742 1494 ex
757 1465 817 1494 illis
834 1465 970 1502 canibus,

76 1519 152 1549 quos
167 1508 222 1538 iste
238 1507 348 1548 Liguri
367 1507 485 1537 dixerat
507 1517 569 1537 esse
594 1507 672 1537 circa
695 1518 726 1538 se
747 1508 881 1538 multos:
907 1507 971 1545 Tu,

78 1552 201 1588 Verres,
213 1551 264 1581 hic
280 1550 363 1591 quod
378 1550 515 1587 moliare,
531 1550 609 1580 nihil
624 1550 716 1581 habes
729 1562 736 1581 ε
761 1551 819 1581 nisi
834 1550 911 1581 forte
927 1551 972 1580 vis

77 1595 115 1626 ad
124 1594 375 1636 perpendiculum
388 1594 545 1624 columnas
555 1593 683 1634 exigere.
701 1594 817 1632 Homo,
831 1594 971 1624 omnium

77 1648 179 1670 rerum
195 1637 365 1678 imperitus,
379 1636 498 1678 quaerit,
512 1637 587 1677 quid
599 1637 648 1673 sit,
660 1637 698 1667 ad
707 1637 970 1678 perpendiculum.

77 1681 196 1712 Dicunt
219 1680 256 1718 ei,
273 1680 335 1710 fere
351 1680 470 1710 nullam
486 1690 548 1710 esse
563 1680 750 1718 columnam,
768 1691 837 1721 quae
849 1680 887 1710 ad
902 1690 972 1720 per-

78 1724 277 1766 pendiculum
300 1733 362 1753 esse
386 1723 489 1764 possit.
527 1723 624 1761 Nam,
650 1723 833 1761 mehercule,
857 1722 971 1764 inquit,

77 1768 120 1801 sic
134 1777 281 1809 agamus:
306 1767 458 1798 columnae
472 1766 512 1798 ad
526 1766 778 1809 perpendiculum
797 1766 969 1808 exigantur.
